1790 3187
311 203 391 244 140
731 216 764 240 s.
800 210 1031 240 Aueus'nm
1064 213 1244 240 131’13001’1

306 282 386 325 bus
419 289 461 324 et
495 279 715 332 molestiis,
750 291 856 337 quas
890 292 1025 335 genus
1054 277 1294 320 humanum
1324 291 1402 334 pro
1436 271 1684 320 conditione
1716 302 1747 318 ,ν

306 366 396 395 suae
416 348 685 394 mortalitatis
708 347 887 407 patitur,
910 362 1010 391 cum
1028 346 1232 391 omnibus
1249 346 1378 389 etiam
1395 361 1494 405 quae
1510 353 1687 404 propter
1722 383 1724 386 ,

306 423 438 482 ipsam
452 421 663 480 justitiam
680 419 726 461 in
749 433 820 462 eos
841 418 915 477 qui
933 418 1046 477 juste
1067 417 1221 462 vivunt
1237 451 1248 471 ,
1273 416 1594 476 injuriosissime
1611 431 1687 460 co-

309 493 515 551 gitantur,
534 491 591 534 ita
604 497 950 547 compensarent,
965 497 1015 531 ut
1031 496 1296 547 sequestrata
1310 501 1383 546 spe
1408 485 1566 530 futurae
1586 485 1688 531 vitae

307 563 540 622 jucundius
577 570 620 605 et
652 560 794 604 laetius
824 575 913 618 prae
953 573 1097 603 amore
1133 559 1320 604 veritatis
1357 565 1686 617 torquerentur,

309 648 440 692 quam
458 630 666 676 luxuriosi
684 645 774 688 prae
799 628 1038 688 cupiditate
1053 628 1270 672 ebrietatis
1292 628 1540 687 epulentur.

369 704 429 745 20.
457 701 542 746 Sed
558 701 607 744 iis
629 709 776 743 tamen
798 699 873 759 qui
898 707 1055 758 putant
1076 699 1285 757 injustum
1307 701 1461 752 Deum,
1487 712 1586 741 cum
1598 698 1691 756 jus-

312 771 433 816 tosin
456 769 680 814 doloribus
706 778 749 813 et
775 768 999 813 laboribus
1022 767 1193 822 vident,
1220 775 1295 811 aut
1319 775 1435 811 certe
1459 767 1598 810 sinon
1618 781 1695 810 au-

311 841 416 885 dent
445 841 653 900 injustum
678 842 817 883 Deum
840 837 1000 893 dicere,
1028 837 1098 881 vel
1120 852 1184 882 res
1202 837 1412 881 humanas
1434 851 1524 881 non
1546 851 1696 881 curare

312 912 593 964 arbitrantur,
619 908 687 955 vel
709 908 841 953 semel
862 909 1058 953 statuisse
1076 908 1347 952 necessitates
1362 906 1568 961 fatorum,
1593 921 1697 951 con-

315 992 377 1027 tra
400 998 506 1041 quas
523 997 601 1026 nec
625 982 715 1040 ipse
738 979 902 1040 aliquid
925 980 1044 1034 facit,
1069 995 1123 1023 ne
1141 979 1336 1024 ordinem
1354 993 1497 1022 rerum
1513 994 1535 1022 a
1552 993 1596 1022 se
1609 978 1697 1022 dis-

313 1052 503 1112 positum
524 1051 814 1096 inconstantia
840 1052 1016 1094 turbare
1044 1050 1270 1102 credatur,
1297 1059 1372 1094 aut
1395 1048 1559 1107 aliquid
1581 1047 1700 1092 aliud

314 1123 563 1181 opinantur,
603 1120 724 1180 quod
755 1124 868 1164 Deus
898 1121 943 1163 in
976 1120 1123 1180 aliquo
1153 1120 1372 1165 invalidus
1403 1134 1494 1163 non
1528 1119 1700 1177 possita

311 1192 437 1252 justis
465 1192 544 1235 ista
569 1191 681 1234 mala
707 1190 939 1248 prohibere
970 1209 979 1234 2
1013 1191 1247 1234 dicendum
1269 1199 1352 1241 est,
1379 1188 1546 1235 nullam
1572 1187 1702 1233 fuisse
1747 1211 1749 1236 ε

316 1261 510 1306 futuram
535 1261 747 1320 justitiam
774 1261 820 1303 in
842 1260 1115 1315 hominibus,
1144 1260 1177 1304 si
1202 1275 1266 1304 res
1287 1261 1500 1303 humanas
1517 1274 1607 1303 non
1622 1274 1701 1303 cu-
1748 1271 1749 1316 ζ

319 1341 433 1376 raret
455 1335 583 1375 Deus.
602 1331 714 1384 Quia
732 1331 871 1375 omnis
888 1332 966 1375 ista
980 1332 1209 1376 hominum
1225 1331 1403 1391 justitia,
1420 1346 1550 1390 quam
1574 1340 1616 1374 et
1638 1340 1702 1375 te-

317 1417 420 1445 nere
442 1402 613 1446 animus
635 1402 854 1446 humanus
877 1410 992 1445 recte
1014 1400 1214 1446 faciendo
1236 1410 1394 1461 potest,
1419 1411 1461 1445 ct
1483 1400 1704 1460 peccando

319 1473 539 1527 amittere,
584 1488 673 1516 non
707 1472 1028 1531 imprimeretur
1072 1472 1249 1525 animae,
1291 1471 1371 1515 nisi
1415 1480 1524 1515 esset
1564 1471 1706 1531 aliqua

318 1542 687 1588 incommutabilis
713 1543 900 1602 justitia,
923 1558 1021 1602 quae
1045 1543 1210 1601 integra
1228 1542 1496 1587 inveniretur
1515 1558 1537 1585 a
1555 1542 1703 1601 justis,
1748 1561 1749 1565 ¹

320 1629 421 1657 cum
443 1613 497 1657 ad
520 1629 613 1657 eam
634 1623 1016 1672 converterentur,
1035 1614 1201 1672 integra
1224 1613 1542 1673 relinqueretur
1560 1629 1583 1656 a
1602 1628 1707 1672 pec·
1748 1657 1750 1662 ,
1779 1632 1781 1656 ¹3

321 1685 538 1738 cantibus,
569 1699 671 1728 cum
696 1684 750 1728 ab
777 1685 866 1743 ejus
892 1684 1058 1727 lumine
1086 1693 1397 1729 averterentur.
1420 1687 1527 1736 Quae
1543 1684 1708 1743 justitia
1748 1697 1750 1737 ς
1779 1707 1781 1722 1

322 1753 690 1799 incommutabilis
723 1755 874 1814 utique
908 1756 984 1798 Dei
1017 1765 1101 1810 est,
1140 1770 1219 1799 nec
1254 1770 1348 1799 earn
1385 1756 1621 1814 porrigeret
1656 1755 1707 1800 ad
1748 1793 1750 1808 ,

323 1824 602 1869 illustrandos
617 1825 671 1868 ad
685 1840 729 1869 se
751 1840 998 1883 conversos,
1021 1825 1054 1869 si
1077 1841 1142 1870 res
1163 1826 1373 1869 humanas
1404 1841 1493 1869 non
1521 1834 1705 1870 curaret.
1748 1853 1749 1858 =

327 1896 370 1940 Si
383 1911 486 1940 vero
507 1904 733 1954 propterea
746 1896 887 1953 gravia
905 1896 1071 1954 perpeti
1079 1897 1218 1955 justos
1238 1897 1411 1949 sineret,
1436 1897 1537 1955 quia
1561 1904 1710 1940 contra
1748 1887 1750 1904 ζ

315 1965 522 2021 ¹ordinem
552 1981 697 2009 rerum
731 1981 754 2010 a
782 1981 826 2010 se
854 1966 1109 2024 dispositum
1141 1965 1278 2010 nollet
1307 1965 1455 2011 venire
1472 2000 1482 2020 ,
1510 1981 1589 2010 nec
1617 1967 1706 2025 ipse

319 2038 460 2096 justus
478 2045 609 2093 esset,
643 2051 731 2080 non
760 2037 861 2095 quia
892 2036 1216 2095 dispositionem
1240 2052 1362 2080 suam
1394 2052 1562 2080 servare
1585 2035 1707 2092 vult,
1748 2039 1750 2082 i

327 2107 401 2150 sed
419 2107 521 2167 quia
543 2107 600 2151 ita
618 2107 828 2165 disposuit
850 2107 993 2165 ipsum
1016 2107 1212 2151 ordinem
1233 2122 1394 2161 rerum,
1421 2117 1469 2151 ut
1490 2108 1712 2152 immeritis

329 2179 469 2238 poenis
487 2180 593 2238 justi
611 2180 873 2237 affligantur.
902 2182 952 2222 In
971 2179 1117 2238 aliquo
1133 2189 1277 2223 autern
1297 2183 1435 2223 Deum
1458 2179 1713 2224 esseinvali-
1749 2217 1750 2220 ,

330 2251 434 2294 dum
447 2252 500 2294 ad
517 2249 763 2309 repellenda
776 2249 884 2293 mala
904 2265 1003 2309 quae
1013 2250 1118 2309 justi
1140 2250 1381 2309 patiuntur,
1403 2251 1599 2310 quisquis
1622 2250 1713 2309 opi-
1748 2239 1750 2243 ¹

332 2329 477 2373 natur,
503 2320 602 2364 ideo
629 2320 799 2379 desipit,
826 2321 926 2379 quia
946 2336 1036 2364 non
1057 2320 1276 2379 intelligit,
1294 2322 1404 2365 sicut
1424 2320 1542 2364 nefas
1561 2330 1624 2365 est
1646 2322 1714 2365 in-

326 2394 494 2452 justum
518 2395 656 2435 Deum
678 2392 840 2446 dicere,
861 2392 919 2435 ita
937 2391 1056 2435 nefas
1069 2407 1157 2435 esse
1177 2392 1517 2450 omnipotentem
1541 2406 1710 2450 negare.

395 2465 455 2505 3⁰.
482 2462 646 2514 Quibus
684 2477 759 2518 pro
796 2471 987 2521 tempore
1015 2471 1223 2520 susceptae
1253 2463 1500 2521 quaestionis
1533 2463 1715 2506 breviter
1748 2500 1750 2528 3

334 2533 593 2588 constitutis,
619 2533 720 2592 quia
743 2542 785 2577 et
807 2533 946 2591 ipsum
970 2536 1106 2577 Deum
1128 2542 1168 2578 et
1184 2534 1349 2592 justum
1371 2542 1501 2593 atque
1524 2534 1712 2592 omnipo·
1748 2582 1749 2585 Ἰ

1777 1551 1782 1587 ...-
1775 1475 1782 1540 „a
