1790 3187
613 228 810 257 Ensoeon
842 230 927 256 Liv.
1368 219 1451 258 493

85 311 307 360 propterea
331 304 472 362 pransi
495 313 570 347 aut
591 306 748 350 coenati
771 304 921 350 fratres
939 305 993 350 ad
1011 305 1120 349 illud
1137 316 1452 351 sacramentum

83 372 377 431 accipiendum
408 375 635 419 convenire
658 374 841 430 debent,
869 385 942 420 aut
967 376 1075 420 sicut
1103 375 1317 420 faciebant
1346 393 1455 436 quos

81 444 312 501 Apostolus
343 446 483 502 arguit
519 454 560 490 et
598 445 821 501 emendat,
859 447 1014 491 mensis
1034 447 1120 491 suis
1152 447 1231 491 ista
1258 447 1451 492 miscere.

80 516 274 574 Namque
295 514 489 559 Salvator
506 531 593 576 quo
615 517 909 561 vehementius
922 517 1245 562 commendaret
1259 518 1455 575 mysterii

79 583 192 628 illius
238 584 507 629 altitudinem
523 622 534 639 ‚
578 585 778 631 ultimum
818 589 899 632 hoc
937 588 1076 632 voluit
1117 588 1243 632 altius
1277 589 1456 646 infigere

80 655 282 700 cordibus
304 666 345 700 et
367 656 584 701 memoriae
612 656 921 717 discipulorum
939 695 950 713 ,
976 675 996 703 a
1022 659 1180 719 quibus
1212 658 1264 702 ad
1293 660 1456 718 passio-

79 740 178 770 nem
202 726 466 785 digressurus
488 738 592 773 erat.
614 732 669 773 Et
692 731 788 774 ideo
808 746 893 774 non
918 732 1121 790 praecepit
1140 747 1227 790 quo
1252 730 1456 790 deinceps

79 797 230 841 ordine
247 808 512 857 sumeretur3
533 809 580 842 ut
600 800 812 859 Apostolis
829 837 839 852 ,
866 817 940 860 per
962 818 1070 861 quos
1092 801 1288 845 ecclesias
1307 802 1455 860 ‹lispo-

78 868 236 913 siturus
252 879 363 924 erat,
385 880 570 914 servaret
585 871 702 915 hunc
720 872 880 916 locum.
901 875 1007 917 Nam
1026 873 1058 915 si
1077 874 1157 916 hoc
1176 871 1248 915 ille
1263 873 1458 915 monuis-

79 947 167 992 set,
196 950 243 982 ut
268 950 362 998 post
389 941 507 985 cibos
531 941 634 985 alios
658 957 824 999 semper
858 942 1140 999 acciperetur,
1178 942 1308 985 credo
1338 941 1459 1000 quod

77 1024 176 1053 eum
212 1026 375 1054 morem
414 1027 541 1055 nemo
561 1013 779 1055 variasset.
814 1014 924 1056 Cum
950 1027 1052 1055 vero
1076 1012 1133 1055 ait
1156 1010 1387 1070 Apostolus
1405 1012 1460 1055 de

76 1081 159 1125 hoc
171 1082 656 1142 sacramentoloquensP
675 1086 886 1142 «Propter
901 1083 1035 1142 quod,
1052 1083 1222 1136 fratres,
1240 1099 1336 1128 cum
1354 1098 1459 1127 con-

80 1170 100 1192 »
125 1153 277 1197 venitis
300 1152 356 1197 ad
383 1152 753 1207 manducandum,
796 1154 978 1197 invicem
1011 1163 1248 1212 expectate.
1298 1154 1341 1199 Si
1364 1155 1460 1213 quis

81 1242 101 1263 »
127 1223 280 1277 esurit,
307 1223 424 1267 domi
447 1223 706 1279 manducet,
738 1233 787 1268 ut
811 1240 898 1268 non
922 1224 1203 1283 adjudicium
1227 1225 1459 1269 convenia-

82 1312 101 1335 »
127 1295 194 1347 tis,
219 1295 401 1338 »statim
425 1296 647 1339 subtexuit
676 1315 684 1340 :
713 1315 732 1337 «
762 1298 926 1341 Caetera
954 1307 1099 1339 autem
1134 1312 1233 1340 cum
1269 1312 1456 1351 venero,

82 1383 101 1404 »
129 1363 384 1409 ordinab01.
414 1384 434 1405 »
457 1366 582 1410 Unde
606 1365 786 1425 intelligi
811 1367 955 1421 datur,
988 1368 1106 1425 (quia
1129 1366 1318 1410 multum
1341 1375 1431 1410 erat
1447 1401 1458 1421 ,

79 1445 128 1479 ut
156 1435 200 1479 in
229 1435 410 1495 epistola
446 1446 585 1480 totum
618 1436 740 1480 illum
776 1436 931 1496 agendi
965 1437 1160 1481 ordinem
1196 1437 1458 1491 insinuaret,

78 1522 206 1566 quern
230 1508 426 1551 universa
450 1523 523 1566 per
540 1508 691 1551 orbem
713 1517 852 1552 servat
877 1508 1082 1563 Ecclesia)
1103 1508 1267 1566 abipso
1286 1508 1462 1552 ordina-

78 1587 171 1622 tum
195 1594 284 1622 esse
298 1578 417 1639 quod
440 1579 559 1622 nulla
584 1594 751 1622 morum
773 1579 1021 1622 diversitate
1039 1579 1245 1622 variatur.

138 1653 214 1693 lx.
235 1651 317 1695 Sed
332 1650 563 1694 nonnullos
577 1649 812 1708 probabilis
822 1651 1023 1709 quaedam
1036 1651 1143 1694 ratio
1152 1650 1398 1703 delectavit,
1413 1659 1462 1693 ut

80 1737 167 1766 uno
179 1731 297 1766 certo
313 1720 382 1765 die
398 1738 474 1780 per
491 1737 671 1775 annum,
693 1722 926 1781 quoipsam
951 1737 1118 1765 coenam
1145 1721 1353 1765 Dominus
1383 1720 1462 1764 de-

79 1792 160 1845 dit,
178 1802 382 1852 tanquam
401 1792 454 1835 ad
471 1793 747 1851 insigniorem
765 1793 1218 1837 commemorationem
1234 1802 1330 1851 post
1345 1791 1463 1836 cibos

80 1864 227 1909 offerri
256 1873 298 1907 et
321 1863 455 1922 accipi
470 1862 597 1908 liceat
614 1879 770 1921 corpus
792 1873 835 1907 et
863 1863 1116 1922 sanguinem
1148 1863 1331 1906 Domini.
1371 1866 1462 1907 Ho-

80 1936 241 1979 nestius
260 1944 404 1978 autem
421 1934 605 1978 arbitror
617 1949 663 1978 ea
679 1935 784 1978 hora
799 1935 906 1988 fieri,
929 1944 979 1977 ut
1000 1935 1073 1993 qui
1095 1934 1220 1977 etiam
1238 1935 1461 1994 jejunave-

81 2007 160 2059 rit,
186 2016 282 2065 post
305 2005 608 2060 refectionem,
630 2006 847 2065 quaehora
872 2021 986 2049 nona
1009 1996 1081 2059 fit,
1109 2004 1163 2048 ad
1195 2003 1460 2049 oblationem

81 2077 214 2137 possit
230 2093 470 2122 occurrere.
489 2080 763 2136 Quapropter
777 2077 993 2121 neminem
1010 2077 1204 2134 cogimus
1220 2085 1320 2120 ante
1334 2079 1463 2119 Dom-

81 2149 235 2192 inicam
249 2146 366 2192 illam
386 2164 555 2192 coenam
568 2149 795 2207 prandere,
812 2147 886 2191 sed
904 2146 1012 2191 nulli
1035 2146 1461 2191 etiamcontradicere

82 2219 291 2263 audemus
317 2238 325 2263 :
353 2221 445 2263 Hoc
467 2228 610 2262 tamen
626 2234 714 2263 non
738 2217 923 2262 arbitror
948 2217 1218 2270 institutum,
1246 2217 1327 2259 nisi
1355 2218 1457 2275 quia

83 2290 226 2350 plures
244 2300 285 2334 et
300 2306 433 2350 prope
452 2305 600 2334 omnes
616 2290 657 2332 in
681 2288 898 2348 plerisque
913 2288 1016 2332 locis
1031 2304 1081 2331 eo
1100 2287 1169 2331 (lie
1191 2287 1334 2331 lavare
1351 2303 1458 2331 con-

83 2372 276 2405 suerunt.
291 2362 454 2421 thuia
475 2359 673 2404 nonnulli
691 2362 816 2404 etiam
830 2359 1314 2419 jcjniiiumcustodiunt,
1333 2374 1462 2402 mane

86 2433 267 2477 ‹vlf-itur
292 2444 464 2491 propter
488 2431 747 2490 prandentes
764 2468 773 2481 ,
791 2431 1064 2490 ‹puajvjunia
1087 2429 1211 2473 simul
1237 2440 1277 2472 ct
1297 2430 1462 2473 lavacra

91 2504 269 2549 tolerare
283 2520 367 2548 non
383 2515 564 2564 possunt
578 2524 587 2559 3
602 2502 656 2547 ad
673 2519 889 2562 vespci·atn
905 2518 1004 2546 vcro
1020 2503 1458 2561 propterjcjunantcs.

136 2598 139 2609 ²
171 2603 177 2620 ι
202 2592 261 2622 Cor
295 2601 337 2627 xi,
357 2598 398 2621 20
419 2595 453 2622 et
474 2591 525 2627 34‘·
