1790 3187
555 240 752 268 Epis-,rom
786 242 924 269 xxvu.
1353 233 1434 271 337

51 308 190 353 centia
213 307 318 350 mihi
338 306 603 350 familiariter
626 307 908 351 amicissimus
926 343 936 363 ,
969 309 1045 368 qui
1068 309 1179 353 hanc
1202 309 1437 354 eximietati

51 387 136 423 tuae
158 379 239 422 hac
261 378 621 436 praestantissimae
644 378 844 421 charitati
862 378 1086 436 epistolam
1107 388 1322 439 apportat.
1350 383 1437 424 Hu-

47 450 117 510 jus
151 464 310 492 nomen
338 457 401 491 est
423 448 467 491 in
495 447 632 492 libro¹
659 447 736 492 De
758 447 1030 510 Religionis«,
1059 466 1190 510 quem
1222 459 1296 495 tua
1318 467 1440 496 sanc-

50 520 146 564 titas
169 521 412 579 (quantum
440 518 593 563 litteris
617 519 809 576 indicas)
830 520 1111 565 libentissime
1131 520 1236 581 legit
1261 541 1269 566 :
1297 521 1439 568 factus

52 599 114 634 est
137 590 251 634 enim
278 589 355 633 tibi
379 590 506 633 etiam
538 590 645 633 tanti
668 590 775 645 viri,
808 591 884 650 qui
908 591 986 635 tibi
1018 608 1118 636 eum
1153 593 1289 648 misit,
1322 610 1442 638 com-

54 660 329 705 mendatione
354 661 606 720 jucundior.
645 664 795 722 Neque
827 672 971 706 tamen
1000 664 1102 708 liuic
1127 674 1213 708 tam
1243 664 1445 710 familiari

57 731 194 776 amico
216 746 315 775 meo
339 731 468 775 velim
494 731 642 775 credas
658 767 668 786 ,
694 749 794 792 quae
816 733 870 776 de
895 749 963 777 me
987 734 1097 778 sorte
1116 736 1299 780 laudans
1326 738 1446 781 dixe-

52 803 122 846 rit.
153 802 272 847 Sensi
296 803 408 845 enim
440 803 569 846 etiam
594 804 733 862 ipsum
758 819 871 862 saepe
895 819 982 848 non
1008 806 1245 849 mentiendi
1270 807 1417 852 studio
1434 843 1444 862 ,

51 873 125 918 sed
148 874 321 918 amandi
346 875 631 933 propensione
655 874 745 918 falli
766 874 1038 934 judicantem
1062 886 1105 920 et
1129 878 1330 921 arbitrari
1356 881 1444 938 jam

50 959 119 988 me
148 945 360 1004 accepisse
382 944 583 1004 quaedam
599 979 609 998 ‚
635 945 796 1003 quibus
821 945 1084 1003 accipiendis
1110 962 1131 990 a
1159 948 1343 993 Domino
1366 964 1445 1008 pa-

51 1025 167 1060 tente
185 1031 258 1059 ore
282 1015 421 1059 cordis
440 1016 667 1058 inhiarem.
694 1018 748 1059 Et
765 1015 798 1058 si
817 1016 961 1059 hocin
980 1032 1026 1060 os
1046 1032 1191 1061 meum
1206 1053 1216 1072 ,
1241 1020 1338 1079 quis
1355 1035 1444 1064 non

51 1087 250 1147 conjiciat
273 1096 434 1146 quanta
457 1085 512 1130 de
537 1102 605 1129 me
629 1086 806 1130 absente
826 1086 1000 1131 meliora
1026 1104 1158 1148 quatu
1182 1091 1347 1135 veriora
1368 1090 1446 1136 lae-

52 1167 119 1202 tus
148 1158 379 1202 effundat?
412 1157 643 1201 Librorum
675 1166 821 1201 autem
846 1167 1094 1203 nostrorum
1120 1161 1291 1219 copiam
1323 1161 1450 1207 saciet

50 1228 288 1274 venerabili
317 1227 463 1273 studio
497 1237 574 1272 tuo
610 1247 617 1272 ;
652 1243 752 1271 nam
784 1228 929 1272 nescio
959 1244 1027 1272 me
1051 1230 1242 1290 aliquid,
1276 1233 1364 1277 sive
1395 1233 1449 1278 ad

51 1316 200 1344 eorum
216 1300 293 1359 qui
311 1308 431 1343 extra
448 1299 687 1343 Ecclesiam
706 1299 782 1343 Dei
801 1309 924 1354 sunt,
946 1300 1033 1344 sive
1049 1300 1103 1345 ad
1121 1317 1244 1346 aures
1263 1303 1449 1349 fratrum

0 1354 13 1409 l
49 1371 277 1430 scripsisse,
314 1370 439 1430 quod
469 1371 558 1428 ipse
589 1385 679 1413 non
708 1369 881 1413 habeat.
917 1370 1002 1415 Sed
1039 1380 1085 1415 tu
1115 1389 1216 1417 cum
1241 1374 1360 1433 legis,
1388 1377 1447 1420 mi

50 1450 195 1485 sancte
215 1440 418 1494 Pauline,
442 1455 531 1484 non
554 1448 595 1483 te
618 1440 676 1483 ita
702 1439 898 1499 iapiant,
925 1456 1023 1520 quae
1049 1457 1125 1500 per
1155 1453 1347 1490 nostram
1375 1447 1443 1490 in-

15 1496 19 1550 l
51 1512 295 1556 firmitatem
316 1512 472 1555 veritas
493 1511 717 1571 loquitur,
745 1521 793 1555 ut
815 1527 864 1554 ea
887 1528 985 1571 quae
1005 1513 1095 1572 ipse
1117 1514 1276 1575 loquor
1300 1517 1444 1562 minus

0 1551 19 1629 i
51 1581 280 1641 diligenter
300 1581 530 1626 advertas:
558 1597 613 1624 nc
635 1580 742 1624 dum
762 1580 911 1625 avidus
933 1583 1078 1627 hauris
1096 1584 1211 1629 bona
1234 1596 1277 1631 et
1300 1598 1438 1644 recta,

0 1674 4 1697 ι
49 1670 147 1714 quae
165 1655 265 1699 data
288 1656 509 1707 ministro,
536 1670 626 1698 non
644 1669 738 1698 ores
762 1669 840 1712 pro
862 1656 1050 1714 peccatis
1070 1665 1113 1700 et
1137 1660 1286 1704 erlatis
1304 1680 1441 1723 ,quae

0 1744 3 1767 1
51 1726 138 1786 ipse
159 1728 401 1770 committo.
424 1729 475 1769 In
492 1726 558 1769 his
581 1726 695 1768 enim
711 1760 721 1779 ,
743 1742 842 1784 quae
866 1726 943 1769 tibi
967 1736 1103 1782 recte,
1129 1729 1163 1772 si
1181 1730 1437 1792 adverteris,

0 1798 4 1841 i
51 1797 347 1858 displicebunt
365 1833 375 1852 ,
401 1813 479 1855 ego
497 1798 586 1856 ipsc
603 1796 846 1855 conspicior
868 1815 876 1841 ;
902 1797 946 1840 in
967 1798 1032 1841 his
1056 1808 1200 1844 autem
1218 1837 1229 1856 ,
1249 1819 1348 1863 quae
1367 1822 1442 1865 per

15 1866 19 1934 i
49 1869 215 1914 donum
242 1869 452 1928 Spiritus,
477 1867 598 1927 quod
621 1868 846 1926 accepisti,
874 1877 988 1912 rccte
1013 1869 1089 1913 tibi
1116 1870 1288 1930 placent
1319 1877 1363 1920 in
1384 1877 1438 1922 li-

15 1940 135 1998 bris
153 1941 287 1995 meis,
314 1940 385 1984 ille
400 1939 633 1992 amandus,
659 1938 731 1982 ille
749 1938 1052 1998 praedicandus
1071 1951 1132 1986 est
1143 1945 1291 2003 ‚apud
1308 1964 1439 2008 quem

52 2022 113 2058 est
134 2014 231 2057 tons
252 2014 378 2066 vitae,
411 2022 454 2056 et
475 2013 517 2056 in
542 2013 664 2070 cujus
688 2010 856 2054 lumine
883 2011 1125 2058 videbimus
1146 2014 1322 2074 lumen,
1351 2022 1443 2068 sine

15 2017 19 2200 Ι
52 2085 301 2143 aenngmate
324 2083 397 2127 sed
420 2083 528 2126 facie
551 2082 606 2126 ad
628 2081 808 2138 taciem·
834 2097 952 2125 nunc
976 2093 1121 2128 autem
1142 2086 1186 2130 in
1210 2089 1443 2149 aenigmate

53 2155 262 2201 videmus.
290 2158 340 2199 In
365 2155 428 2199 his
451 2169 581 2213 ergo,
607 2169 706 2213 quae
724 2153 815 2211 ipse
844 2152 899 2197 de
920 2155 1054 2198 veteri
1075 2155 1293 2205 fermento
1315 2177 1442 2210 eruc·

15 2201 19 2405 ι
55 2228 171 2272 tuavi
188 2262 198 2282 ,
219 2243 320 2272 cum
345 2242 393 2270 ea
414 2225 562 2285 legens
580 2240 767 2284 agnosco
783 2260 793 2278 ,
815 2240 884 2268 me
899 2225 1051 2285 judico
1073 2242 1171 2272 cum
1191 2228 1341 2277 dolore
1363 2255 1371 2279 :
1398 2237 1439 2281 in

16 2411 19 2550 l

16 2622 19 2641 l

17 2748 19 2769 l

54 2298 119 2343 his
140 2314 242 2343 vero
264 2314 363 2358 quae
387 2295 442 2340 de
468 2311 620 2353 azymo
645 2295 900 2339 sinceritatis
928 2305 970 2339 et
999 2297 1190 2343 veritatis
1219 2301 1336 2348 dono
1368 2309 1443 2352 Dei

55 2367 161 2424 dixi,
186 2368 333 2413 exulto
352 2382 451 2411 cum
472 2376 673 2410 tremore.
693 2365 808 2418 Quid
827 2366 941 2408 enim
960 2366 1192 2424 habemus,
1214 2373 1334 2431 quod
1352 2391 1440 2423 non

58 2442 326 2500 accepimus?
348 2443 405 2484 At
426 2439 541 2482 enim
559 2437 711 2481 melior
728 2446 790 2481 est
809 2437 884 2496 qui
901 2438 1138 2497 majoribus
1156 2450 1198 2485 et
1216 2443 1416 2502 pluribus
1429 2486 1440 2508 ‚

59 2527 186 2572 quam
210 2512 284 2571 qui
319 2510 559 2554 minoribus
582 2519 625 2553 et
653 2508 932 2569 paucioribus
955 2508 1081 2554 donis
1109 2513 1181 2556 Dei
1207 2515 1324 2562 dives
1344 2531 1407 2567 est
1435 2543 1442 2568 :

107 2605 114 2619 ¹
145 2596 355 2630 Romanianus
371 2595 517 2628 laudatus
536 2595 567 2627 in
584 2594 637 2626 hb,
660 2594 701 2627 de
718 2605 795 2627 vera
819 2593 995 2637 neugma,
1013 2606 1085 2638 cap.
1106 2607 1160 2634 vn,
1180 2609 1264 2633 num.
1291 2613 1341 2636 ι).

249 2661 378 2691 cxcv.
1212 2655 1264 2694 22
