1790 3187
329 217 415 261 426
762 227 795 257 s.
833 227 1065 261 mcum-uu
1097 231 1278 262 EPlscol’l

323 296 548 357 judicibus
561 295 687 340 Gesta
698 295 1036 342 ecclesiasticam
1047 299 1243 343 Romana
1253 297 1361 342 urbe
1369 297 1518 345 habita
1528 333 1538 353 ‚
1549 299 1711 363 quibus

329 367 391 412 illi
408 366 641 426 improbati
658 375 759 410 sunt
772 400 783 422 ,
801 367 1058 413 Caecilianus
1072 377 1217 413 autem
1231 367 1278 411 in
1294 367 1527 428 episcopali
1544 370 1711 415 honore

328 439 538 484 firmatus.
555 441 776 482 Postremo
789 439 1060 485 Constantini
1072 439 1342 499 imperatoris
1355 439 1534 497 litteras,
1550 441 1711 501 quibus

327 510 472 554 omnia
493 507 633 553 multo
650 508 833 552 maxime
852 509 1121 555 testatissima
1141 510 1407 554 claruerunt.

387 582 463 624 VI.
490 579 607 632 Quid
629 579 760 625 vultis
774 580 960 640 amplius
980 581 1193 637 homines,
1219 581 1326 642 quid
1346 580 1478 627 vultis
1498 581 1710 642 amplius?

326 653 424 697 Non
454 649 510 694 de
539 665 647 695 auro
685 660 728 695 et
757 660 936 710 argento
968 660 1111 696 vestro
1145 652 1303 710 agitur,
1338 667 1424 697 non
1453 661 1583 708 terra,
1618 667 1710 698 non

324 719 502 780 praedia,
517 735 607 764 non
623 720 813 780 denique
829 721 942 766 salus
962 721 1152 781 corporis
1170 722 1300 767 vestri
1321 721 1368 766 in
1386 722 1618 768 discrimen
1629 738 1708 768 vo-

323 801 443 834 catur
471 809 480 836 1
504 790 560 834 de
593 791 890 850 adispiscenda
924 792 1010 837 vita
1046 800 1209 837 aeterna
1242 801 1286 836 et
1321 789 1530 851 fugienda
1569 801 1709 839 morte

324 870 487 905 aeterna
508 860 821 920 compellamus
842 862 1006 906 animas
1031 870 1207 907 vestras.
1238 860 1598 921 Expergiscimini
1628 861 1708 907 ali-

324 930 529 991 quando,
555 947 643 976 non
666 931 710 974 in
729 930 873 990 aliqua
890 932 1073 976 obscura
1090 933 1334 993 quaestione
1356 947 1594 988 versamur,
1619 948 1709 978 non

323 1001 547 1045 recondita
573 1010 733 1045 secreta
764 1001 985 1057 rimamur,
1006 1002 1166 1062 quibus
1188 1000 1466 1062 penetrandis
1494 1003 1565 1048 vel
1586 1002 1708 1048 nulla

322 1071 392 1116 vel
409 1087 504 1114 rara
521 1072 712 1116 humana
733 1072 863 1116 corda
882 1073 1100 1118 sufficiant
1125 1093 1133 1119 :
1161 1088 1226 1117 res
1250 1073 1295 1117 in
1321 1083 1470 1132 aperto
1492 1082 1571 1118 est.
1594 1071 1708 1126 Quid

320 1141 483 1185 eminet
508 1140 686 1195 clarius,
711 1140 820 1200 quid
851 1142 1043 1185 cernitur
1073 1143 1231 1186 citius?
1256 1143 1447 1187 Dicimus
1479 1143 1707 1187 temerario

321 1211 523 1266 concilio,
548 1210 790 1271 quamlibet
815 1212 1182 1268 numerosissimo,
1211 1212 1464 1256 innocentes
1483 1212 1707 1258 absentes-

321 1297 407 1342 que
421 1280 547 1326 fuisse
559 1282 799 1326 damnatos.
813 1282 1053 1327 Probamus
1064 1283 1147 1327 hoc
1160 1282 1538 1342 proconsularibus
1549 1283 1704 1339 Gestis,

321 1354 481 1412 quibus
504 1353 558 1396 ab
582 1353 701 1397 omni
721 1353 962 1398 traditionis
984 1354 1163 1398 crimine
1194 1353 1360 1398 alienus
1390 1353 1610 1414 judicatus
1643 1363 1707 1399 est

319 1424 413 1479 ille,
439 1440 571 1485 quem
601 1426 787 1469 maxime
808 1426 1089 1471 criminosum
1116 1441 1139 1470 a
1162 1426 1312 1471 vestris
1337 1424 1504 1485 prolata
1535 1425 1706 1470 concilii
1761 1427 1764 1431 ’

319 1497 448 1540 Gesta
470 1506 725 1540 sonuerunt.
752 1497 944 1541 Dicimus
964 1513 987 1542 a
1010 1497 1292 1542 traditoribus
1314 1496 1533 1551 confessis,
1559 1497 1606 1540 in
1634 1511 1706 1541 eos

318 1568 395 1627 qui
419 1568 646 1612 traditores
672 1566 936 1617 dicerentur,
961 1568 1099 1613 dietas
1121 1568 1251 1612 fuisse
1266 1568 1515 1613 sententias.
1542 1567 1705 1613 Proba-

319 1654 416 1682 mus
439 1639 522 1683 hoc
544 1638 839 1683 ecclesiasticis
856 1640 1010 1694 Gestis,
1033 1640 1110 1683 ubi
1128 1639 1385 1683 nominatim
1407 1637 1700 1694 declarantur,

319 1711 363 1752 in
388 1709 548 1768 quibus
579 1710 804 1754 Secundus
837 1711 1095 1768 Tigisitanus
1116 1726 1187 1765 ea,
1214 1725 1313 1769 quae
1334 1709 1562 1768 cognovit,
1582 1709 1704 1754 velut

318 1780 520 1824 contuitu
534 1780 649 1838 pacis
664 1780 845 1838 ignovit,
857 1789 1014 1825 etcum
1032 1781 1193 1840 quibus
1205 1790 1353 1839 postea
1376 1795 1467 1824 non
1480 1780 1700 1838 cognovit,

319 1850 492 1895 discissa
515 1866 621 1910 pace
642 1851 880 1896 damnavit.
915 1850 1039 1895 Unde
1061 1851 1261 1911 apparuit
1289 1866 1388 1895 eum
1408 1851 1537 1894 etiam
1560 1850 1701 1909 primo

318 1938 408 1966 non
428 1922 524 1981 paci
540 1921 822 1977 consuluisse,
847 1922 923 1966 sed
939 1923 1019 1966 sibi
1037 1923 1244 1967 timuisse.
1270 1922 1499 1982 Objecerat
1520 1921 1559 1965 ei
1575 1936 1702 1966 nam-

319 2008 404 2051 que
426 1992 664 2050 Purpurius
682 1993 951 2047 Limatensis,
977 1993 1098 2052 quod
1116 1993 1245 2037 etiam
1266 1992 1355 2051 ipse
1376 2007 1475 2035 eum
1500 1990 1702 2035 detentus

317 2072 427 2108 esset
444 2079 466 2107 a
479 2072 678 2108 curatore
696 2073 738 2107 et
761 2064 929 2118 ordine,
947 2072 996 2108 ut
1014 2064 1254 2122 Scripturas
1272 2061 1478 2116 traderet,
1501 2061 1702 2107 dimissus

318 2143 397 2189 est,
419 2134 572 2193 utique
595 2150 684 2180 non
701 2134 879 2190 frustra,
900 2135 980 2179 nisi
995 2135 1096 2195 quia
1110 2134 1303 2189 tradidit,
1321 2132 1519 2178 auttradi
1536 2132 1701 2193 aliquid

313 2206 453 2265 jussit.
483 2208 606 2250 Hanc
629 2206 702 2249 ille
732 2206 1020 2265 suspicionem
1048 2207 1148 2251 satis
1175 2205 1447 2265 probabilem
1477 2213 1697 2259 metuens,
1754 2239 1756 2241 >

320 2284 499 2334 accepto
515 2275 694 2320 consilio
708 2291 732 2320 a
750 2277 915 2321 minore
939 2275 1138 2321 Secundo
1152 2275 1474 2335 consanguineo
1489 2289 1584 2329 suc,
1599 2289 1698 2318 con-

318 2346 528 2404 sultisque
544 2346 726 2401 caeteris,
754 2347 830 2406 qui
852 2362 949 2393 cum
971 2362 1022 2391 eo
1046 2356 1170 2391 erant
1190 2346 1415 2406 episcopis,
1440 2344 1698 2390 manifestis-
1754 2364 1755 2367 ¹

318 2418 422 2461 sima
442 2416 620 2460 crimina
643 2419 733 2461 Deo
750 2415 987 2475 judicanda
1007 2417 1192 2471 dimisit,
1218 2425 1350 2476 atque
1381 2416 1439 2460 ita
1461 2415 1556 2474 paci
1578 2429 1699 2474 pros-

318 2486 480 2546 pexisse
502 2486 616 2529 visus
635 2495 721 2544 cst,
741 2487 860 2545 quod
876 2485 1031 2530 falsum
1061 2495 1168 2540 erat,
1195 2500 1295 2529 cum
1314 2484 1393 2528 sibi
1415 2483 1693 2544 prospexerit.

379 2556 597 2601 VILNam
619 2556 652 2599 si
675 2556 719 2599 in
742 2557 832 2615 ejus
854 2555 984 2600 corde
1005 2556 1208 2614 cogitatio
1225 2556 1339 2615 pacis
1357 2554 1587 2609 habitaret,
1607 2568 1696 2598 non
