1790 3187
339 231 422 268 220
779 241 809 265 s.
848 238 1076 265 AUGUSTINI
1110 237 1285 263 EPISCOP]

342 323 361 347 »
388 319 516 348 nemo
534 312 675 363 potest
697 318 878 362 ponere,
903 312 1058 361 prseter
1081 302 1124 345 id
1145 301 1263 361 qissiod
1287 301 1468 360 positum
1490 311 1575 356 cst,
1596 304 1713 361 quod

342 394 362 417 »
388 385 450 419 est
470 376 665 420 Christus
704 376 841 417 Jesus.
882 373 923 417 Si
957 374 1051 433 quis
1075 383 1217 417 autem
1252 372 1566 430 superaedificat
1589 388 1738 431 super·

342 465 362 488 »
388 445 725 490 fundamentum
754 445 837 488 hoc
865 460 1017 487 aurum
1035 480 1044 498 ,
1077 454 1304 503 argentum
1323 479 1334 498 ,
1365 444 1528 503 lapides
1553 443 1715 503 pretio-

342 535 362 557 »
388 531 454 560 sos
469 551 480 571 ,
503 515 640 574 ligna,
667 514 836 557 foenum
855 549 865 568 ,
890 514 1116 572 stipulam,
1142 514 1480 573 uniuscujusque
1502 528 1609 572 opus
1632 528 1718 558 ma-

343 605 363 627 »
388 586 679 629 nifestabitur.
710 585 805 628 Dies
827 585 942 628 enim
964 584 1226 637 declarabit,
1247 585 1347 644 quia
1371 585 1414 627 in
1435 585 1534 642 igne
1558 583 1719 629 revela-

344 675 363 697 »
391 657 533 710 bitur,
560 665 603 700 et
625 656 966 714 uniuscujusque
999 671 1106 714 opus
1130 655 1257 715 quale
1279 656 1331 698 sit
1362 655 1470 714 ignis
1498 655 1716 714 probabit.

343 744 363 767 »
393 726 435 770 Si
463 727 585 785 cujus
608 741 716 784 opus
743 726 968 779 manserit,
999 725 1117 784 quod
1143 724 1522 783 superaedificavit,
1559 740 1720 770 merce-

343 815 363 837 »
391 796 489 839 dem
509 797 704 855 accipiet.
729 796 771 840 Si
789 797 911 855 cujus
930 805 1073 839 autem
1092 811 1199 854 opus
1223 796 1395 850 arserit,
1417 795 1625 839 damnum
1643 811 1719 855 pa-

345 885 366 909 »
392 867 522 910 tietur
545 885 552 910 z
583 866 674 925 ipse
698 875 841 910 autem
866 866 1008 910 salvus
1031 867 1137 920 erit,
1164 867 1221 910 sic
1246 877 1390 910 tamen
1412 867 1530 925 quasi
1554 881 1631 925 per
1658 867 1721 924 ig-

345 956 365 978 »
393 952 491 980 nem
511 939 540 980 ¹.
565 936 739 990 »Quod
761 937 939 996 quidam
961 939 1019 981 ita
1040 937 1371 994 intelligendum
1394 947 1576 997 putant,
1600 947 1649 980 ut
1664 937 1722 982 illi

343 1007 573 1052 videantur
594 1007 809 1066 [edificare
831 1023 958 1066 super
979 1009 1062 1051 hoc
1084 1007 1419 1051 fundamentum
1446 1023 1624 1060 aurum,
1659 1023 1724 1051 ar-

346 1086 551 1135 gentum,
577 1077 738 1137 lapides
762 1079 997 1136 pretiosos,
1024 1079 1097 1137 qui
1122 1079 1223 1121 fidei
1253 1094 1351 1138 quae
1379 1080 1421 1121 in
1443 1079 1613 1122 Christo
1636 1087 1722 1134 cst,

345 1148 462 1192 bona
484 1163 614 1207 opera
628 1148 839 1207 adjiciunt
857 1170 867 1206 3
884 1148 945 1191 illi
961 1158 1106 1192 autem
1129 1148 1321 1203 foenum,
1343 1148 1459 1206 ligna
1475 1183 1487 1203 ,
1506 1148 1722 1209 stipulam,

346 1219 423 1278 qui
443 1233 543 1262 cum
567 1218 766 1262 eamdem
787 1220 919 1263 fidem
949 1219 1136 1262 habeant
1152 1254 1162 1271 ,
1186 1218 1299 1262 male
1321 1227 1570 1278 operantur.
1604 1218 1726 1263 Unde

348 1289 615 1333 arbitrantur
634 1305 712 1348 per
734 1290 941 1349 quasdam
960 1305 1111 1348 poenas
1128 1290 1237 1347 ignis
1258 1304 1328 1333 eos
1345 1305 1468 1349 posse
1485 1290 1659 1348 purgari
1674 1288 1725 1334 ad

349 1358 532 1403 salutem
556 1360 878 1419 percipiendam
898 1360 1052 1404 merito
1072 1358 1363 1403 fundamenti.

410 1434 469 1474 40.
499 1433 591 1474 Hoc
616 1431 648 1474 si
674 1432 732 1474 ita
762 1441 846 1483 est,
878 1430 1064 1474 fatemur
1086 1431 1186 1474 istos
1203 1430 1410 1474 laudabili
1427 1430 1634 1474 charitate
1654 1445 1726 1474 co-

349 1501 467 1555 nari,
486 1510 534 1544 ut
551 1516 699 1545 omnes
716 1501 945 1545 indiscrete
961 1501 1246 1545 admittantur
1266 1499 1319 1544 ad
1338 1501 1597 1559 baptismum
1612 1535 1622 1554 ,
1642 1515 1749 1564 non}

349 1570 489 1614 solum
528 1571 710 1615 adulteri
748 1582 791 1616 et
828 1572 1024 1624 adultera
1046 1606 1056 1625 ,
1089 1581 1237 1615 contra
1269 1571 1525 1615 sententiam
1557 1568 1748 1614 Domini!

351 1640 476 1685 falsas
498 1642 672 1701 nuptias
694 1642 1011 1701 praetendentes
1028 1678 1040 1696 ‚
1066 1657 1214 1686 verum
1240 1643 1367 1685 etiam
1393 1640 1576 1700 publicae
1599 1656 1730 1685 mere-

352 1712 477 1756 trices
499 1713 543 1756 in
566 1714 811 1772 turpissima
829 1714 1094 1771 professione
1115 1722 1433 1772 perseverantes
1450 1747 1460 1767 ‚
1488 1726 1595 1772 quas
1618 1719 1729 1755 certe

353 1783 480 1827 etiam
500 1783 620 1827 nulla
648 1784 1008 1842 negligentissima
1026 1783 1216 1828 Ecclesia
1235 1784 1459 1827 consuevit
1480 1781 1739 1838 admittere,¹

354 1853 435 1896 nisi
465 1853 519 1896 ab
547 1853 618 1896 illa
642 1854 839 1912 primitus
863 1854 1167 1912 prostitutione
1196 1853 1413 1897 liberatas.
1448 1853 1531 1897 Sed
1557 1852 1635 1896 ista
1663 1866 1730 1896 ra-

355 1923 473 1966 tione
491 1938 567 1966 cur
583 1938 670 1967 non
687 1924 805 1966 omni
822 1923 953 1967 modo
968 1923 1268 1977 admittantur,
1289 1924 1468 1967 omnino
1486 1937 1569 1966 non
1588 1921 1726 1966 video.

356 1991 461 2044 Quis
485 1991 598 2035 enim
623 2008 711 2036 non
734 1992 854 2036 malit
875 2008 942 2035 eas
965 1994 1104 2051 posito
1127 1991 1413 2036 fundamento
1431 2028 1441 2046 ,
1467 1992 1567 2036 licet
1589 1991 1703 2049 ligna
1718 2025 1729 2047 ‚

357 2061 528 2105 foenum
546 2070 589 2104 et
605 2061 809 2120 stipulam
827 2072 1076 2119 congerant,
1098 2062 1320 2121 aliquanto
1336 2072 1451 2106 certe
1465 2061 1732 2105 diuturniore

358 2133 459 2190 igne
489 2133 687 2191 purgari,
723 2136 854 2192 q'uam
883 2134 927 2175 in
954 2143 1164 2176 aeternum
1189 2132 1353 2192 perire?
1377 2133 1461 2177 Sed
1482 2131 1588 2176 falsa
1611 2139 1733 2175 erunt

359 2201 449 2256 illa,
469 2217 567 2262 quae
581 2202 889 2246 obscuritatem
904 2202 1320 2262 ambiguitatemque
1337 2218 1422 2246 non
1440 2203 1603 2246 habent
1626 2221 1634 2246 ε
1656 2200 1739 2262 ‹vSig

363 2289 384 2312 »
409 2272 594 2316 habeam
617 2286 789 2316 omnem
810 2271 940 2316 fidem
956 2306 966 2326 ,
992 2273 1049 2314 ita
1071 2281 1118 2315 ut
1142 2284 1307 2316 montes
1330 2272 1609 2328 transferam,
1635 2271 1730 2315 cha-

366 2358 387 2382 »
412 2340 580 2385 ritatem
606 2351 750 2385 autem
772 2356 860 2385 non
893 2343 1098 2396 habeam,
1130 2341 1235 2385 nibil
1261 2345 1399 2386 sum2.
1430 2361 1448 2383 »
1474 2351 1541 2397 et,
1581 2360 1600 2383 «
1626 2338 1732 2393 Quid

367 2428 388 2452 »
414 2411 627 2470 proderit,
667 2411 820 2456 fratres
856 2412 962 2467 mei,
997 2412 1029 2455 si
1060 2411 1189 2456 fidem
1227 2413 1323 2471 quis
1356 2412 1470 2456 dicat
1498 2428 1541 2456 se
1563 2412 1728 2465 habere,

368 2500 388 2523 »
414 2497 543 2541 opera
562 2492 707 2526 autem
731 2498 818 2528 non
839 2484 1023 2527 habeat?
1046 2483 1258 2544 numquid
1278 2484 1434 2542 poterit
1454 2482 1559 2527 sides
1581 2481 1727 2527 salvar(

414 2562 423 2577 ¹
445 2566 457 2587 1
477 2557 549 2587 Cor.
569 2566 617 2593 ιιῐ,
642 2567 677 2588 ιι
700 2561 733 2588 et
749 2563 914 2600 seqq.—‘³
943 2567 955 2587 1
973 2558 1045 2588 Cor.
1067 2568 1137 2596 xm,
1157 2565 1188 2588 2.

1730 2591 1733 2611 Ι

1730 2613 1732 2627 r
