<?xml version="1.0" encoding="UTF-8"?>
<!DOCTYPE html PUBLIC "-//W3C//DTD XHTML 1.0 Transitional//EN"
    "http://www.w3.org/TR/xhtml1/DTD/xhtml1-transitional.dtd">
<html xmlns="http://www.w3.org/1999/xhtml" xml:lang="en" lang="en">
 <head>
  <title>
</title>
<meta http-equiv="Content-Type" content="text/html;charset=utf-8" />
  <meta name='ocr-system' content='tesseract 3.04.00' />
  <meta name='ocr-capabilities' content='ocr_page ocr_carea ocr_par ocr_line ocrx_word'/>
</head>
<body>
  <div class='ocr_page' id='page_1' title='image "./operaomniaaccura38auguuoft/operaomniaaccura38auguuoft_0472.png"; bbox 0 0 1790 3187; ppageno 0'>
   <div class='ocr_carea' id='block_1_1' title="bbox 357 208 1287 251">
    <p class='ocr_par' dir='ltr' id='par_1_1' title="bbox 357 208 1287 251">
     <span class='ocr_line' id='line_1_1' title="bbox 357 208 1287 251; baseline 0 -3"><span class='ocrx_word' id='word_1_1' title='bbox 357 208 440 248; x_wconf 78' lang='lat'>462</span> <span class='ocrx_word' id='word_1_2' title='bbox 779 219 811 248; x_wconf 71' lang='lat' dir='ltr'>s·</span> <span class='ocrx_word' id='word_1_3' title='bbox 847 219 1075 250; x_wconf 69' lang='lat' dir='ltr'>Aucus&#39;nm</span> <span class='ocrx_word' id='word_1_4' title='bbox 1108 219 1287 251; x_wconf 72' lang='lat' dir='ltr'>Emscom</span> 
     </span>
    </p>
   </div>
   <div class='ocr_carea' id='block_1_2' title="bbox 339 285 1761 2603">
    <p class='ocr_par' dir='ltr' id='par_1_2' title="bbox 339 285 1761 2603">
     <span class='ocr_line' id='line_1_2' title="bbox 355 285 1721 348; baseline 0.001 -18"><span class='ocrx_word' id='word_1_5' title='bbox 355 301 449 330; x_wconf 87' lang='lat' dir='ltr'>eam</span> <span class='ocrx_word' id='word_1_6' title='bbox 461 295 598 331; x_wconf 84' lang='lat' dir='ltr'>servet</span> <span class='ocrx_word' id='word_1_7' title='bbox 611 301 686 346; x_wconf 82' lang='lat' dir='ltr'>per</span> <span class='ocrx_word' id='word_1_8' title='bbox 699 285 911 331; x_wconf 78' lang='lat' dir='ltr'>daemonia</span> <span class='ocrx_word' id='word_1_9' title='bbox 922 288 1140 348; x_wconf 79' lang='lat' dir='ltr'>juraverit.</span> <span class='ocrx_word' id='word_1_10' title='bbox 1165 289 1246 333; x_wconf 92' lang='lat' dir='ltr'>Ubi</span> <span class='ocrx_word' id='word_1_11' title='bbox 1265 297 1307 331; x_wconf 90' lang='lat' dir='ltr'>te</span> <span class='ocrx_word' id='word_1_12' title='bbox 1325 287 1424 332; x_wconf 89' lang='lat' dir='ltr'>volo</span> <span class='ocrx_word' id='word_1_13' title='bbox 1445 288 1562 346; x_wconf 83' lang='lat' dir='ltr'>prius</span> <span class='ocrx_word' id='word_1_14' title='bbox 1582 289 1721 332; x_wconf 86' lang='lat' dir='ltr'>consi-</span> 
     </span>
     <span class='ocr_line' id='line_1_3' title="bbox 354 356 1722 417; baseline 0.001 -16"><span class='ocrx_word' id='word_1_15' title='bbox 354 356 504 401; x_wconf 82' lang='lat' dir='ltr'>derare</span> <span class='ocrx_word' id='word_1_16' title='bbox 516 393 526 412; x_wconf 83' lang='lat'>‚</span> <span class='ocrx_word' id='word_1_17' title='bbox 546 366 690 401; x_wconf 83' lang='lat' dir='ltr'>utrum</span> <span class='ocrx_word' id='word_1_18' title='bbox 705 357 736 401; x_wconf 88' lang='lat' dir='ltr'>si</span> <span class='ocrx_word' id='word_1_19' title='bbox 753 357 961 416; x_wconf 82' lang='lat' dir='ltr'>quispiam</span> <span class='ocrx_word' id='word_1_20' title='bbox 976 373 1050 417; x_wconf 87' lang='lat' dir='ltr'>per</span> <span class='ocrx_word' id='word_1_21' title='bbox 1062 357 1162 403; x_wconf 87' lang='lat' dir='ltr'>deos</span> <span class='ocrx_word' id='word_1_22' title='bbox 1174 357 1301 403; x_wconf 84' lang='lat' dir='ltr'>falsos</span> <span class='ocrx_word' id='word_1_23' title='bbox 1311 358 1518 417; x_wconf 82' lang='lat' dir='ltr'>juraverit</span> <span class='ocrx_word' id='word_1_24' title='bbox 1532 373 1575 401; x_wconf 91' lang='lat' dir='ltr'>se</span> <span class='ocrx_word' id='word_1_25' title='bbox 1588 357 1722 402; x_wconf 88' lang='lat' dir='ltr'>fidem</span> 
     </span>
     <span class='ocr_line' id='line_1_4' title="bbox 354 427 1722 484; baseline 0.001 -14"><span class='ocrx_word' id='word_1_26' title='bbox 354 436 620 471; x_wconf 83' lang='lat' dir='ltr'>servaturum</span> <span class='ocrx_word' id='word_1_27' title='bbox 635 462 645 481; x_wconf 87' lang='lat'>,</span> <span class='ocrx_word' id='word_1_28' title='bbox 664 436 707 470; x_wconf 90' lang='lat' dir='ltr'>et</span> <span class='ocrx_word' id='word_1_29' title='bbox 728 442 820 470; x_wconf 89' lang='lat' dir='ltr'>eam</span> <span class='ocrx_word' id='word_1_30' title='bbox 844 442 932 471; x_wconf 87' lang='lat' dir='ltr'>non</span> <span class='ocrx_word' id='word_1_31' title='bbox 956 430 1206 484; x_wconf 83' lang='lat' dir='ltr'>servaverit,</span> <span class='ocrx_word' id='word_1_32' title='bbox 1232 443 1319 472; x_wconf 87' lang='lat' dir='ltr'>non</span> <span class='ocrx_word' id='word_1_33' title='bbox 1342 428 1419 471; x_wconf 92' lang='lat' dir='ltr'>tibi</span> <span class='ocrx_word' id='word_1_34' title='bbox 1439 427 1638 472; x_wconf 83' lang='lat' dir='ltr'>videatur</span> <span class='ocrx_word' id='word_1_35' title='bbox 1658 428 1722 472; x_wconf 88' lang='lat' dir='ltr'>bis</span> 
     </span>
     <span class='ocr_line' id='line_1_5' title="bbox 353 495 1719 558; baseline 0.001 -18"><span class='ocrx_word' id='word_1_36' title='bbox 353 499 573 555; x_wconf 81' lang='lat' dir='ltr'>peccasse?</span> <span class='ocrx_word' id='word_1_37' title='bbox 587 498 630 542; x_wconf 92' lang='lat' dir='ltr'>Si</span> <span class='ocrx_word' id='word_1_38' title='bbox 642 497 755 540; x_wconf 89' lang='lat' dir='ltr'>enim</span> <span class='ocrx_word' id='word_1_39' title='bbox 765 495 1057 557; x_wconf 77' lang='lat' dir='ltr'>talijuratione</span> <span class='ocrx_word' id='word_1_40' title='bbox 1070 499 1317 558; x_wconf 81' lang='lat' dir='ltr'>promissam</span> <span class='ocrx_word' id='word_1_41' title='bbox 1328 497 1561 543; x_wconf 81' lang='lat' dir='ltr'>custodiret</span> <span class='ocrx_word' id='word_1_42' title='bbox 1569 499 1719 553; x_wconf 88' lang='lat' dir='ltr'>fidem,</span> 
     </span>
     <span class='ocr_line' id='line_1_6' title="bbox 355 567 1719 630; baseline 0.001 -19"><span class='ocrx_word' id='word_1_43' title='bbox 355 567 453 612; x_wconf 78' lang='lat' dir='ltr'>ideo</span> <span class='ocrx_word' id='word_1_44' title='bbox 464 578 631 612; x_wconf 76' lang='lat' dir='ltr'>tantum</span> <span class='ocrx_word' id='word_1_45' title='bbox 642 583 833 627; x_wconf 83' lang='lat' dir='ltr'>peccasse</span> <span class='ocrx_word' id='word_1_46' title='bbox 837 569 1222 630; x_wconf 78' lang='lat' dir='ltr'>judicaretur‚quia</span> <span class='ocrx_word' id='word_1_47' title='bbox 1232 586 1307 629; x_wconf 80' lang='lat' dir='ltr'>per</span> <span class='ocrx_word' id='word_1_48' title='bbox 1315 569 1419 614; x_wconf 85' lang='lat' dir='ltr'>tales</span> <span class='ocrx_word' id='word_1_49' title='bbox 1431 569 1531 613; x_wconf 92' lang='lat' dir='ltr'>deos</span> <span class='ocrx_word' id='word_1_50' title='bbox 1537 569 1697 629; x_wconf 85' lang='lat' dir='ltr'>juravit</span> <span class='ocrx_word' id='word_1_51' title='bbox 1710 587 1719 613; x_wconf 78' lang='lat' dir='ltr'>z</span> 
     </span>
     <span class='ocr_line' id='line_1_7' title="bbox 352 636 1717 700; baseline 0.002 -20"><span class='ocrx_word' id='word_1_52' title='bbox 352 636 462 682; x_wconf 92' lang='lat' dir='ltr'>illud</span> <span class='ocrx_word' id='word_1_53' title='bbox 479 647 620 682; x_wconf 84' lang='lat' dir='ltr'>autem</span> <span class='ocrx_word' id='word_1_54' title='bbox 636 654 763 683; x_wconf 89' lang='lat' dir='ltr'>nemo</span> <span class='ocrx_word' id='word_1_55' title='bbox 778 648 891 683; x_wconf 82' lang='lat' dir='ltr'>recte</span> <span class='ocrx_word' id='word_1_56' title='bbox 907 640 1252 700; x_wconf 79' lang='lat' dir='ltr'>reprehenderet,</span> <span class='ocrx_word' id='word_1_57' title='bbox 1264 641 1362 699; x_wconf 82' lang='lat' dir='ltr'>quia</span> <span class='ocrx_word' id='word_1_58' title='bbox 1374 640 1503 683; x_wconf 81' lang='lat' dir='ltr'>fidem</span> <span class='ocrx_word' id='word_1_59' title='bbox 1520 640 1717 683; x_wconf 70' lang='lat' dir='ltr'>servavit·</span> 
     </span>
     <span class='ocr_line' id='line_1_8' title="bbox 353 710 1722 772; baseline 0 -19"><span class='ocrx_word' id='word_1_60' title='bbox 353 710 478 772; x_wconf 85' lang='lat' dir='ltr'>Nunc</span> <span class='ocrx_word' id='word_1_61' title='bbox 499 725 602 753; x_wconf 90' lang='lat' dir='ltr'>vero</span> <span class='ocrx_word' id='word_1_62' title='bbox 619 710 718 769; x_wconf 88' lang='lat' dir='ltr'>quia</span> <span class='ocrx_word' id='word_1_63' title='bbox 741 719 783 754; x_wconf 86' lang='lat' dir='ltr'>et</span> <span class='ocrx_word' id='word_1_64' title='bbox 797 710 956 768; x_wconf 82' lang='lat' dir='ltr'>juravit</span> <span class='ocrx_word' id='word_1_65' title='bbox 977 726 1053 770; x_wconf 88' lang='lat' dir='ltr'>per</span> <span class='ocrx_word' id='word_1_66' title='bbox 1074 726 1181 771; x_wconf 90' lang='lat' dir='ltr'>quos</span> <span class='ocrx_word' id='word_1_67' title='bbox 1195 726 1284 755; x_wconf 89' lang='lat' dir='ltr'>non</span> <span class='ocrx_word' id='word_1_68' title='bbox 1301 710 1478 765; x_wconf 86' lang='lat' dir='ltr'>debuit,</span> <span class='ocrx_word' id='word_1_69' title='bbox 1505 720 1548 754; x_wconf 90' lang='lat' dir='ltr'>et</span> <span class='ocrx_word' id='word_1_70' title='bbox 1573 719 1722 754; x_wconf 84' lang='lat' dir='ltr'>contra</span> 
     </span>
     <span class='ocr_line' id='line_1_9' title="bbox 352 778 1723 841; baseline 0.001 -18"><span class='ocrx_word' id='word_1_71' title='bbox 352 778 587 838; x_wconf 84' lang='lat' dir='ltr'>pollicitam</span> <span class='ocrx_word' id='word_1_72' title='bbox 609 779 740 824; x_wconf 86' lang='lat' dir='ltr'>fidem</span> <span class='ocrx_word' id='word_1_73' title='bbox 763 779 865 824; x_wconf 84' lang='lat' dir='ltr'>fecit</span> <span class='ocrx_word' id='word_1_74' title='bbox 881 781 1001 841; x_wconf 89' lang='lat' dir='ltr'>quod</span> <span class='ocrx_word' id='word_1_75' title='bbox 1019 797 1107 826; x_wconf 90' lang='lat' dir='ltr'>non</span> <span class='ocrx_word' id='word_1_76' title='bbox 1125 781 1300 837; x_wconf 87' lang='lat' dir='ltr'>debuit,</span> <span class='ocrx_word' id='word_1_77' title='bbox 1325 782 1389 825; x_wconf 83' lang='lat' dir='ltr'>bis</span> <span class='ocrx_word' id='word_1_78' title='bbox 1406 782 1558 839; x_wconf 83' lang='lat' dir='ltr'>utique</span> <span class='ocrx_word' id='word_1_79' title='bbox 1574 794 1723 839; x_wconf 84' lang='lat' dir='ltr'>pecca-</span> 
     </span>
     <span class='ocr_line' id='line_1_10' title="bbox 351 850 1722 912; baseline 0.001 -18"><span class='ocrx_word' id='word_1_80' title='bbox 351 850 412 895; x_wconf 84' lang='lat' dir='ltr'>vit</span> <span class='ocrx_word' id='word_1_81' title='bbox 429 884 440 904; x_wconf 87' lang='lat'>,</span> <span class='ocrx_word' id='word_1_82' title='bbox 466 865 514 894; x_wconf 87' lang='lat' dir='ltr'>ac</span> <span class='ocrx_word' id='word_1_83' title='bbox 539 866 614 909; x_wconf 86' lang='lat' dir='ltr'>per</span> <span class='ocrx_word' id='word_1_84' title='bbox 630 851 711 895; x_wconf 88' lang='lat' dir='ltr'>hoc</span> <span class='ocrx_word' id='word_1_85' title='bbox 728 851 803 911; x_wconf 86' lang='lat' dir='ltr'>qui</span> <span class='ocrx_word' id='word_1_86' title='bbox 821 852 957 895; x_wconf 84' lang='lat' dir='ltr'>utitur</span> <span class='ocrx_word' id='word_1_87' title='bbox 971 851 1057 895; x_wconf 89' lang='lat' dir='ltr'>fide</span> <span class='ocrx_word' id='word_1_88' title='bbox 1071 851 1184 896; x_wconf 90' lang='lat' dir='ltr'>illius</span> <span class='ocrx_word' id='word_1_89' title='bbox 1201 888 1213 907; x_wconf 87' lang='lat'><strong>‚</strong></span> <span class='ocrx_word' id='word_1_90' title='bbox 1232 867 1363 912; x_wconf 84' lang='lat' dir='ltr'>quem</span> <span class='ocrx_word' id='word_1_91' title='bbox 1379 860 1546 896; x_wconf 85' lang='lat' dir='ltr'>constat</span> <span class='ocrx_word' id='word_1_92' title='bbox 1559 852 1722 911; x_wconf 83' lang='lat' dir='ltr'>jurasse</span> 
     </span>
     <span class='ocr_line' id='line_1_11' title="bbox 352 920 1722 979; baseline 0.001 -15"><span class='ocrx_word' id='word_1_93' title='bbox 352 936 428 979; x_wconf 88' lang='lat' dir='ltr'>per</span> <span class='ocrx_word' id='word_1_94' title='bbox 448 920 551 966; x_wconf 92' lang='lat' dir='ltr'>deos</span> <span class='ocrx_word' id='word_1_95' title='bbox 578 921 705 966; x_wconf 84' lang='lat' dir='ltr'>falsos</span> <span class='ocrx_word' id='word_1_96' title='bbox 719 957 730 977; x_wconf 86' lang='lat'><strong>‚</strong></span> <span class='ocrx_word' id='word_1_97' title='bbox 756 931 799 965; x_wconf 88' lang='lat' dir='ltr'>et</span> <span class='ocrx_word' id='word_1_98' title='bbox 820 922 957 966; x_wconf 75' lang='lat' dir='ltr'>utitur</span> <span class='ocrx_word' id='word_1_99' title='bbox 978 938 1066 967; x_wconf 89' lang='lat' dir='ltr'>non</span> <span class='ocrx_word' id='word_1_100' title='bbox 1088 922 1142 967; x_wconf 88' lang='lat' dir='ltr'>ad</span> <span class='ocrx_word' id='word_1_101' title='bbox 1171 922 1356 977; x_wconf 82' lang='lat' dir='ltr'>malum,</span> <span class='ocrx_word' id='word_1_102' title='bbox 1379 923 1454 966; x_wconf 91' lang='lat' dir='ltr'>sed</span> <span class='ocrx_word' id='word_1_103' title='bbox 1482 921 1537 966; x_wconf 89' lang='lat' dir='ltr'>ad</span> <span class='ocrx_word' id='word_1_104' title='bbox 1556 921 1722 966; x_wconf 84' lang='lat' dir='ltr'>licitum</span> 
     </span>
     <span class='ocr_line' id='line_1_12' title="bbox 351 991 1722 1052; baseline 0 -17"><span class='ocrx_word' id='word_1_105' title='bbox 351 1000 393 1035; x_wconf 92' lang='lat' dir='ltr'>et</span> <span class='ocrx_word' id='word_1_106' title='bbox 414 992 600 1048; x_wconf 84' lang='lat' dir='ltr'>bonurn,</span> <span class='ocrx_word' id='word_1_107' title='bbox 626 1008 714 1036; x_wconf 86' lang='lat' dir='ltr'>non</span> <span class='ocrx_word' id='word_1_108' title='bbox 737 1001 913 1051; x_wconf 83' lang='lat' dir='ltr'>peccato</span> <span class='ocrx_word' id='word_1_109' title='bbox 944 993 1035 1052; x_wconf 87' lang='lat' dir='ltr'>ejus</span> <span class='ocrx_word' id='word_1_110' title='bbox 1061 1008 1106 1037; x_wconf 92' lang='lat' dir='ltr'>se</span> <span class='ocrx_word' id='word_1_111' title='bbox 1137 994 1268 1038; x_wconf 87' lang='lat' dir='ltr'>sociat</span> <span class='ocrx_word' id='word_1_112' title='bbox 1291 1009 1379 1052; x_wconf 92' lang='lat' dir='ltr'>quo</span> <span class='ocrx_word' id='word_1_113' title='bbox 1407 1008 1482 1052; x_wconf 87' lang='lat' dir='ltr'>per</span> <span class='ocrx_word' id='word_1_114' title='bbox 1508 991 1722 1036; x_wconf 86' lang='lat' dir='ltr'>daemonia</span> 
     </span>
     <span class='ocr_line' id='line_1_13' title="bbox 344 1062 1721 1123; baseline 0 -18"><span class='ocrx_word' id='word_1_115' title='bbox 344 1062 529 1121; x_wconf 83' lang='lat' dir='ltr'>juravit,</span> <span class='ocrx_word' id='word_1_116' title='bbox 564 1063 639 1106; x_wconf 88' lang='lat' dir='ltr'>sed</span> <span class='ocrx_word' id='word_1_117' title='bbox 666 1063 781 1107; x_wconf 90' lang='lat' dir='ltr'>bono</span> <span class='ocrx_word' id='word_1_118' title='bbox 801 1072 925 1122; x_wconf 90' lang='lat' dir='ltr'>pacto</span> <span class='ocrx_word' id='word_1_119' title='bbox 952 1065 1044 1123; x_wconf 88' lang='lat' dir='ltr'>ejus</span> <span class='ocrx_word' id='word_1_120' title='bbox 1067 1079 1154 1123; x_wconf 88' lang='lat' dir='ltr'>quo</span> <span class='ocrx_word' id='word_1_121' title='bbox 1181 1063 1313 1107; x_wconf 87' lang='lat' dir='ltr'>fidem</span> <span class='ocrx_word' id='word_1_122' title='bbox 1347 1064 1546 1108; x_wconf 82' lang='lat' dir='ltr'>servavit.</span> <span class='ocrx_word' id='word_1_123' title='bbox 1571 1065 1721 1122; x_wconf 85' lang='lat' dir='ltr'>Neque</span> 
     </span>
     <span class='ocr_line' id='line_1_14' title="bbox 349 1132 1722 1193; baseline 0.001 -18"><span class='ocrx_word' id='word_1_124' title='bbox 349 1132 420 1176; x_wconf 88' lang='lat' dir='ltr'>hic</span> <span class='ocrx_word' id='word_1_125' title='bbox 433 1147 527 1176; x_wconf 85' lang='lat' dir='ltr'>eam</span> <span class='ocrx_word' id='word_1_126' title='bbox 544 1133 675 1176; x_wconf 87' lang='lat' dir='ltr'>fidem</span> <span class='ocrx_word' id='word_1_127' title='bbox 695 1132 791 1177; x_wconf 90' lang='lat' dir='ltr'>dico</span> <span class='ocrx_word' id='word_1_128' title='bbox 812 1132 994 1188; x_wconf 84' lang='lat' dir='ltr'>servari,</span> <span class='ocrx_word' id='word_1_129' title='bbox 1011 1149 1097 1192; x_wconf 88' lang='lat' dir='ltr'>qua</span> <span class='ocrx_word' id='word_1_130' title='bbox 1117 1133 1265 1177; x_wconf 86' lang='lat' dir='ltr'>fideles</span> <span class='ocrx_word' id='word_1_131' title='bbox 1287 1142 1497 1177; x_wconf 86' lang='lat' dir='ltr'>vocantur</span> <span class='ocrx_word' id='word_1_132' title='bbox 1513 1134 1588 1193; x_wconf 91' lang='lat' dir='ltr'>qui</span> <span class='ocrx_word' id='word_1_133' title='bbox 1611 1134 1722 1191; x_wconf 86' lang='lat' dir='ltr'>bap-</span> 
     </span>
     <span class='ocr_line' id='line_1_15' title="bbox 349 1202 1721 1263; baseline 0.001 -17"><span class='ocrx_word' id='word_1_134' title='bbox 349 1202 536 1247; x_wconf 84' lang='lat' dir='ltr'>tizantur</span> <span class='ocrx_word' id='word_1_135' title='bbox 557 1205 602 1247; x_wconf 85' lang='lat' dir='ltr'>in</span> <span class='ocrx_word' id='word_1_136' title='bbox 623 1204 807 1249; x_wconf 86' lang='lat' dir='ltr'>Christo.</span> <span class='ocrx_word' id='word_1_137' title='bbox 830 1202 908 1247; x_wconf 88' lang='lat' dir='ltr'>Illa</span> <span class='ocrx_word' id='word_1_138' title='bbox 928 1204 1044 1247; x_wconf 87' lang='lat' dir='ltr'>enim</span> <span class='ocrx_word' id='word_1_139' title='bbox 1065 1203 1191 1261; x_wconf 83' lang='lat' dir='ltr'>longe</span> <span class='ocrx_word' id='word_1_140' title='bbox 1213 1202 1292 1247; x_wconf 88' lang='lat' dir='ltr'>alia</span> <span class='ocrx_word' id='word_1_141' title='bbox 1312 1212 1375 1247; x_wconf 88' lang='lat' dir='ltr'>est</span> <span class='ocrx_word' id='word_1_142' title='bbox 1394 1203 1611 1263; x_wconf 84' lang='lat' dir='ltr'>longeque</span> <span class='ocrx_word' id='word_1_143' title='bbox 1632 1202 1721 1247; x_wconf 89' lang='lat' dir='ltr'>dis-</span> 
     </span>
     <span class='ocr_line' id='line_1_16' title="bbox 350 1274 1722 1335; baseline 0.001 -17"><span class='ocrx_word' id='word_1_144' title='bbox 350 1283 466 1318; x_wconf 84' lang='lat' dir='ltr'>creta</span> <span class='ocrx_word' id='word_1_145' title='bbox 487 1291 511 1319; x_wconf 91' lang='lat' dir='ltr'>a</span> <span class='ocrx_word' id='word_1_146' title='bbox 527 1274 613 1319; x_wconf 87' lang='lat' dir='ltr'>fide</span> <span class='ocrx_word' id='word_1_147' title='bbox 634 1276 924 1319; x_wconf 83' lang='lat' dir='ltr'>humanorum</span> <span class='ocrx_word' id='word_1_148' title='bbox 946 1274 1203 1334; x_wconf 87' lang='lat' dir='ltr'>placitorum</span> <span class='ocrx_word' id='word_1_149' title='bbox 1223 1284 1352 1335; x_wconf 87' lang='lat' dir='ltr'>atque</span> <span class='ocrx_word' id='word_1_150' title='bbox 1371 1284 1610 1334; x_wconf 86' lang='lat' dir='ltr'>pactorum.</span> <span class='ocrx_word' id='word_1_151' title='bbox 1636 1276 1722 1319; x_wconf 85' lang='lat' dir='ltr'>Ve-</span> 
     </span>
     <span class='ocr_line' id='line_1_17' title="bbox 351 1345 1722 1405; baseline -0.001 -15"><span class='ocrx_word' id='word_1_152' title='bbox 351 1355 596 1390; x_wconf 87' lang='lat' dir='ltr'>rumtamen</span> <span class='ocrx_word' id='word_1_153' title='bbox 609 1346 698 1390; x_wconf 91' lang='lat' dir='ltr'>sine</span> <span class='ocrx_word' id='word_1_154' title='bbox 710 1345 798 1390; x_wconf 89' lang='lat' dir='ltr'>ulla</span> <span class='ocrx_word' id='word_1_155' title='bbox 815 1345 1084 1390; x_wconf 81' lang='lat' dir='ltr'>dubitatione</span> <span class='ocrx_word' id='word_1_156' title='bbox 1097 1345 1239 1390; x_wconf 88' lang='lat' dir='ltr'>minus</span> <span class='ocrx_word' id='word_1_157' title='bbox 1254 1345 1416 1390; x_wconf 89' lang='lat' dir='ltr'>malum</span> <span class='ocrx_word' id='word_1_158' title='bbox 1430 1355 1493 1390; x_wconf 91' lang='lat' dir='ltr'>est</span> <span class='ocrx_word' id='word_1_159' title='bbox 1507 1361 1580 1405; x_wconf 92' lang='lat' dir='ltr'>per</span> <span class='ocrx_word' id='word_1_160' title='bbox 1591 1346 1722 1389; x_wconf 88' lang='lat' dir='ltr'>deum</span> 
     </span>
     <span class='ocr_line' id='line_1_18' title="bbox 349 1415 1714 1476; baseline -0.001 -16"><span class='ocrx_word' id='word_1_161' title='bbox 349 1416 505 1461; x_wconf 87' lang='lat' dir='ltr'>falsum</span> <span class='ocrx_word' id='word_1_162' title='bbox 523 1418 666 1476; x_wconf 82' lang='lat' dir='ltr'>jurare</span> <span class='ocrx_word' id='word_1_163' title='bbox 685 1416 907 1471; x_wconf 82' lang='lat' dir='ltr'>veraciter,</span> <span class='ocrx_word' id='word_1_164' title='bbox 931 1431 1064 1476; x_wconf 85' lang='lat' dir='ltr'>quam</span> <span class='ocrx_word' id='word_1_165' title='bbox 1080 1432 1155 1476; x_wconf 87' lang='lat' dir='ltr'>per</span> <span class='ocrx_word' id='word_1_166' title='bbox 1173 1420 1310 1460; x_wconf 87' lang='lat' dir='ltr'>Deum</span> <span class='ocrx_word' id='word_1_167' title='bbox 1328 1431 1476 1460; x_wconf 85' lang='lat' dir='ltr'>verum</span> <span class='ocrx_word' id='word_1_168' title='bbox 1493 1415 1714 1460; x_wconf 79' lang='lat' dir='ltr'>fallaciter.</span> 
     </span>
     <span class='ocr_line' id='line_1_19' title="bbox 350 1487 1720 1547; baseline 0 -17"><span class='ocrx_word' id='word_1_169' title='bbox 350 1489 522 1540; x_wconf 87' lang='lat' dir='ltr'>Quanto</span> <span class='ocrx_word' id='word_1_170' title='bbox 545 1488 659 1531; x_wconf 85' lang='lat' dir='ltr'>enim</span> <span class='ocrx_word' id='word_1_171' title='bbox 682 1503 757 1546; x_wconf 82' lang='lat' dir='ltr'>per</span> <span class='ocrx_word' id='word_1_172' title='bbox 779 1488 897 1546; x_wconf 89' lang='lat' dir='ltr'>quod</span> <span class='ocrx_word' id='word_1_173' title='bbox 911 1489 1082 1547; x_wconf 84' lang='lat' dir='ltr'>juratur</span> <span class='ocrx_word' id='word_1_174' title='bbox 1103 1487 1236 1545; x_wconf 82' lang='lat' dir='ltr'>magis</span> <span class='ocrx_word' id='word_1_175' title='bbox 1264 1496 1327 1531; x_wconf 89' lang='lat' dir='ltr'>est</span> <span class='ocrx_word' id='word_1_176' title='bbox 1355 1496 1550 1531; x_wconf 88' lang='lat' dir='ltr'>sanctum</span> <span class='ocrx_word' id='word_1_177' title='bbox 1565 1521 1576 1541; x_wconf 84' lang='lat'>‚</span> <span class='ocrx_word' id='word_1_178' title='bbox 1598 1495 1720 1531; x_wconf 86' lang='lat' dir='ltr'>tanto</span> 
     </span>
     <span class='ocr_line' id='line_1_20' title="bbox 350 1557 1721 1616; baseline 0 -16"><span class='ocrx_word' id='word_1_179' title='bbox 350 1558 482 1616; x_wconf 77' lang='lat' dir='ltr'>magis</span> <span class='ocrx_word' id='word_1_180' title='bbox 496 1567 559 1601; x_wconf 87' lang='lat' dir='ltr'>est</span> <span class='ocrx_word' id='word_1_181' title='bbox 570 1557 742 1616; x_wconf 88' lang='lat' dir='ltr'>poenale</span> <span class='ocrx_word' id='word_1_182' title='bbox 756 1558 1006 1616; x_wconf 80' lang='lat' dir='ltr'>perjurium.</span> <span class='ocrx_word' id='word_1_183' title='bbox 1031 1557 1125 1601; x_wconf 84' lang='lat' dir='ltr'>Alia</span> <span class='ocrx_word' id='word_1_184' title='bbox 1142 1572 1244 1615; x_wconf 84' lang='lat' dir='ltr'>ergo</span> <span class='ocrx_word' id='word_1_185' title='bbox 1261 1558 1441 1616; x_wconf 79' lang='lat' dir='ltr'>quaestio</span> <span class='ocrx_word' id='word_1_186' title='bbox 1459 1566 1521 1601; x_wconf 87' lang='lat' dir='ltr'>est</span> <span class='ocrx_word' id='word_1_187' title='bbox 1540 1575 1551 1601; x_wconf 78' lang='lat' dir='ltr'>z</span> <span class='ocrx_word' id='word_1_188' title='bbox 1573 1566 1721 1601; x_wconf 84' lang='lat' dir='ltr'>utrum</span> 
     </span>
     <span class='ocr_line' id='line_1_21' title="bbox 349 1626 1720 1689; baseline -0.001 -16"><span class='ocrx_word' id='word_1_189' title='bbox 349 1644 438 1673; x_wconf 90' lang='lat' dir='ltr'>non</span> <span class='ocrx_word' id='word_1_190' title='bbox 458 1637 607 1688; x_wconf 87' lang='lat' dir='ltr'>peccet</span> <span class='ocrx_word' id='word_1_191' title='bbox 634 1629 711 1689; x_wconf 91' lang='lat' dir='ltr'>qui</span> <span class='ocrx_word' id='word_1_192' title='bbox 733 1644 808 1687; x_wconf 86' lang='lat' dir='ltr'>per</span> <span class='ocrx_word' id='word_1_193' title='bbox 829 1626 954 1672; x_wconf 79' lang='lat' dir='ltr'>salsos</span> <span class='ocrx_word' id='word_1_194' title='bbox 979 1627 1080 1672; x_wconf 91' lang='lat' dir='ltr'>deos</span> <span class='ocrx_word' id='word_1_195' title='bbox 1103 1629 1183 1672; x_wconf 88' lang='lat' dir='ltr'>sibi</span> <span class='ocrx_word' id='word_1_196' title='bbox 1204 1629 1338 1688; x_wconf 85' lang='lat' dir='ltr'>jurari</span> <span class='ocrx_word' id='word_1_197' title='bbox 1363 1628 1464 1672; x_wconf 86' lang='lat' dir='ltr'>fecit</span> <span class='ocrx_word' id='word_1_198' title='bbox 1480 1663 1490 1683; x_wconf 81' lang='lat'><strong>‚</strong></span> <span class='ocrx_word' id='word_1_199' title='bbox 1517 1629 1618 1688; x_wconf 83' lang='lat' dir='ltr'>quia</span> <span class='ocrx_word' id='word_1_200' title='bbox 1648 1627 1720 1672; x_wconf 92' lang='lat' dir='ltr'>ille</span> 
     </span>
     <span class='ocr_line' id='line_1_22' title="bbox 347 1697 1720 1760; baseline -0.001 -17"><span class='ocrx_word' id='word_1_201' title='bbox 347 1701 423 1760; x_wconf 87' lang='lat' dir='ltr'>qui</span> <span class='ocrx_word' id='word_1_202' title='bbox 458 1699 496 1742; x_wconf 86' lang='lat' dir='ltr'>ei</span> <span class='ocrx_word' id='word_1_203' title='bbox 526 1701 643 1760; x_wconf 82' lang='lat' dir='ltr'>jurat</span> <span class='ocrx_word' id='word_1_204' title='bbox 657 1734 667 1751; x_wconf 80' lang='grc'>,</span> <span class='ocrx_word' id='word_1_205' title='bbox 700 1698 802 1742; x_wconf 92' lang='lat' dir='ltr'>deos</span> <span class='ocrx_word' id='word_1_206' title='bbox 834 1697 964 1742; x_wconf 85' lang='lat' dir='ltr'>falsos</span> <span class='ocrx_word' id='word_1_207' title='bbox 997 1699 1115 1743; x_wconf 88' lang='lat' dir='ltr'>colit.</span> <span class='ocrx_word' id='word_1_208' title='bbox 1154 1700 1234 1743; x_wconf 85' lang='lat' dir='ltr'>Cui</span> <span class='ocrx_word' id='word_1_209' title='bbox 1275 1700 1502 1758; x_wconf 77' lang='lat' dir='ltr'>quaestioni</span> <span class='ocrx_word' id='word_1_210' title='bbox 1541 1707 1720 1757; x_wconf 87' lang='lat' dir='ltr'>possunt</span> 
     </span>
     <span class='ocr_line' id='line_1_23' title="bbox 347 1767 1719 1828; baseline -0.001 -15"><span class='ocrx_word' id='word_1_211' title='bbox 347 1769 419 1813; x_wconf 87' lang='lat' dir='ltr'>illa</span> <span class='ocrx_word' id='word_1_212' title='bbox 456 1769 698 1813; x_wconf 84' lang='lat' dir='ltr'>testimonia</span> <span class='ocrx_word' id='word_1_213' title='bbox 731 1769 955 1827; x_wconf 80' lang='lat' dir='ltr'>suffragari</span> <span class='ocrx_word' id='word_1_214' title='bbox 973 1790 983 1826; x_wconf 79' lang='lat'><em>3</em></span> <span class='ocrx_word' id='word_1_215' title='bbox 1018 1784 1116 1828; x_wconf 85' lang='lat' dir='ltr'>quae</span> <span class='ocrx_word' id='word_1_216' title='bbox 1152 1769 1242 1827; x_wconf 91' lang='lat' dir='ltr'>ipse</span> <span class='ocrx_word' id='word_1_217' title='bbox 1282 1771 1626 1813; x_wconf 84' lang='lat' dir='ltr'>commemorasti</span> <span class='ocrx_word' id='word_1_218' title='bbox 1665 1767 1719 1813; x_wconf 90' lang='lat' dir='ltr'>de</span> 
     </span>
     <span class='ocr_line' id='line_1_24' title="bbox 348 1839 1718 1898; baseline -0.001 -14"><span class='ocrx_word' id='word_1_219' title='bbox 348 1840 497 1884; x_wconf 78' lang='lat' dir='ltr'>Laban</span> <span class='ocrx_word' id='word_1_220' title='bbox 518 1850 560 1883; x_wconf 86' lang='lat' dir='ltr'>et</span> <span class='ocrx_word' id='word_1_221' title='bbox 582 1839 855 1894; x_wconf 76' lang='lat' dir='ltr'>Abimelech,</span> <span class='ocrx_word' id='word_1_222' title='bbox 876 1840 910 1883; x_wconf 90' lang='lat' dir='ltr'>si</span> <span class='ocrx_word' id='word_1_223' title='bbox 935 1846 1080 1883; x_wconf 82' lang='lat' dir='ltr'>tamen</span> <span class='ocrx_word' id='word_1_224' title='bbox 1104 1839 1355 1884; x_wconf 86' lang='lat' dir='ltr'>Abimelech</span> <span class='ocrx_word' id='word_1_225' title='bbox 1382 1855 1457 1898; x_wconf 88' lang='lat' dir='ltr'>per</span> <span class='ocrx_word' id='word_1_226' title='bbox 1491 1839 1592 1884; x_wconf 91' lang='lat' dir='ltr'>deos</span> <span class='ocrx_word' id='word_1_227' title='bbox 1622 1853 1718 1883; x_wconf 92' lang='lat' dir='ltr'>suos</span> 
     </span>
     <span class='ocr_line' id='line_1_25' title="bbox 341 1909 1718 1970; baseline -0.001 -16"><span class='ocrx_word' id='word_1_228' title='bbox 341 1912 502 1970; x_wconf 83' lang='lat' dir='ltr'>juravit</span> <span class='ocrx_word' id='word_1_229' title='bbox 524 1911 634 1957; x_wconf 88' lang='lat' dir='ltr'>sicut</span> <span class='ocrx_word' id='word_1_230' title='bbox 656 1911 804 1955; x_wconf 83' lang='lat' dir='ltr'>Laban</span> <span class='ocrx_word' id='word_1_231' title='bbox 826 1926 902 1969; x_wconf 74' lang='lat' dir='ltr'>per</span> <span class='ocrx_word' id='word_1_232' title='bbox 914 1913 1051 1955; x_wconf 90' lang='lat' dir='ltr'>Deum</span> <span class='ocrx_word' id='word_1_233' title='bbox 1073 1911 1257 1956; x_wconf 80' lang='lat' dir='ltr'>Naehor.</span> <span class='ocrx_word' id='word_1_234' title='bbox 1281 1913 1400 1966; x_wconf 77' lang='lat' dir='ltr'>Haec,</span> <span class='ocrx_word' id='word_1_235' title='bbox 1423 1920 1471 1954; x_wconf 89' lang='lat' dir='ltr'>ut</span> <span class='ocrx_word' id='word_1_236' title='bbox 1500 1910 1602 1964; x_wconf 86' lang='lat' dir='ltr'>dixi,</span> <span class='ocrx_word' id='word_1_237' title='bbox 1636 1909 1718 1954; x_wconf 80' lang='lat' dir='ltr'>alia</span> 
     </span>
     <span class='ocr_line' id='line_1_26' title="bbox 345 1979 1715 2042; baseline -0.002 -16"><span class='ocrx_word' id='word_1_238' title='bbox 345 1983 527 2042; x_wconf 84' lang='lat' dir='ltr'>quaestio</span> <span class='ocrx_word' id='word_1_239' title='bbox 555 1991 640 2035; x_wconf 83' lang='lat' dir='ltr'>est,</span> <span class='ocrx_word' id='word_1_240' title='bbox 673 1997 771 2041; x_wconf 84' lang='lat' dir='ltr'>quae</span> <span class='ocrx_word' id='word_1_241' title='bbox 803 1997 871 2025; x_wconf 89' lang='lat' dir='ltr'>me</span> <span class='ocrx_word' id='word_1_242' title='bbox 894 1983 1047 2025; x_wconf 84' lang='lat' dir='ltr'>merito</span> <span class='ocrx_word' id='word_1_243' title='bbox 1067 1980 1254 2026; x_wconf 86' lang='lat' dir='ltr'>fortassis</span> <span class='ocrx_word' id='word_1_244' title='bbox 1283 1992 1504 2036; x_wconf 72' lang='lat' dir='ltr'>moveret,</span> <span class='ocrx_word' id='word_1_245' title='bbox 1534 1981 1615 2025; x_wconf 89' lang='lat' dir='ltr'>nisi</span> <span class='ocrx_word' id='word_1_246' title='bbox 1642 1979 1715 2024; x_wconf 89' lang='lat' dir='ltr'>illa</span> 
     </span>
     <span class='ocr_line' id='line_1_27' title="bbox 343 2051 1761 2113; baseline -0.001 -17"><span class='ocrx_word' id='word_1_247' title='bbox 343 2052 537 2112; x_wconf 84' lang='lat' dir='ltr'>exempla</span> <span class='ocrx_word' id='word_1_248' title='bbox 553 2053 836 2097; x_wconf 83' lang='lat' dir='ltr'>occurrissent</span> <span class='ocrx_word' id='word_1_249' title='bbox 854 2052 908 2096; x_wconf 93' lang='lat' dir='ltr'>de</span> <span class='ocrx_word' id='word_1_250' title='bbox 929 2055 1045 2096; x_wconf 82' lang='lat' dir='ltr'>Isaac</span> <span class='ocrx_word' id='word_1_251' title='bbox 1065 2062 1110 2096; x_wconf 89' lang='lat' dir='ltr'>et</span> <span class='ocrx_word' id='word_1_252' title='bbox 1129 2053 1279 2108; x_wconf 81' lang='lat' dir='ltr'>Jacob,</span> <span class='ocrx_word' id='word_1_253' title='bbox 1303 2054 1392 2097; x_wconf 89' lang='lat' dir='ltr'>etsi</span> <span class='ocrx_word' id='word_1_254' title='bbox 1415 2068 1500 2113; x_wconf 89' lang='lat' dir='ltr'>qua</span> <span class='ocrx_word' id='word_1_255' title='bbox 1517 2051 1599 2096; x_wconf 87' lang='lat' dir='ltr'>alia</span> <span class='ocrx_word' id='word_1_256' title='bbox 1613 2067 1714 2111; x_wconf 89' lang='lat' dir='ltr'>pos—</span> <span class='ocrx_word' id='word_1_257' title='bbox 1760 2079 1761 2082; x_wconf 62' lang='lat'><em>=</em></span> 
     </span>
     <span class='ocr_line' id='line_1_28' title="bbox 344 2121 1711 2182; baseline -0.001 -15"><span class='ocrx_word' id='word_1_258' title='bbox 344 2133 446 2167; x_wconf 84' lang='lat' dir='ltr'>sunt</span> <span class='ocrx_word' id='word_1_259' title='bbox 466 2123 663 2166; x_wconf 87' lang='lat' dir='ltr'>inveniri.</span> <span class='ocrx_word' id='word_1_260' title='bbox 701 2123 743 2167; x_wconf 91' lang='lat' dir='ltr'>Si</span> <span class='ocrx_word' id='word_1_261' title='bbox 769 2132 914 2166; x_wconf 87' lang='lat' dir='ltr'>tamen</span> <span class='ocrx_word' id='word_1_262' title='bbox 936 2121 1045 2166; x_wconf 90' lang='lat' dir='ltr'>illud</span> <span class='ocrx_word' id='word_1_263' title='bbox 1065 2138 1152 2167; x_wconf 88' lang='lat' dir='ltr'>non</span> <span class='ocrx_word' id='word_1_264' title='bbox 1178 2122 1320 2167; x_wconf 90' lang='lat' dir='ltr'>adhuc</span> <span class='ocrx_word' id='word_1_265' title='bbox 1348 2132 1494 2167; x_wconf 86' lang='lat' dir='ltr'>movet</span> <span class='ocrx_word' id='word_1_266' title='bbox 1521 2121 1639 2182; x_wconf 88' lang='lat' dir='ltr'>quod</span> <span class='ocrx_word' id='word_1_267' title='bbox 1665 2123 1711 2166; x_wconf 91' lang='lat' dir='ltr'>in</span> 
     </span>
     <span class='ocr_line' id='line_1_29' title="bbox 343 2191 1714 2254; baseline -0.002 -15"><span class='ocrx_word' id='word_1_268' title='bbox 343 2196 464 2239; x_wconf 86' lang='lat' dir='ltr'>Novo</span> <span class='ocrx_word' id='word_1_269' title='bbox 481 2196 751 2238; x_wconf 84' lang='lat' dir='ltr'>Testamento</span> <span class='ocrx_word' id='word_1_270' title='bbox 764 2193 929 2237; x_wconf 86' lang='lat' dir='ltr'>dictum</span> <span class='ocrx_word' id='word_1_271' title='bbox 942 2202 1027 2247; x_wconf 83' lang='lat' dir='ltr'>est,</span> <span class='ocrx_word' id='word_1_272' title='bbox 1044 2209 1097 2237; x_wconf 86' lang='lat' dir='ltr'>ne</span> <span class='ocrx_word' id='word_1_273' title='bbox 1121 2195 1299 2238; x_wconf 88' lang='lat' dir='ltr'>omnino</span> <span class='ocrx_word' id='word_1_274' title='bbox 1325 2195 1519 2254; x_wconf 84' lang='lat' dir='ltr'>juremus</span> <span class='ocrx_word' id='word_1_275' title='bbox 1533 2196 1561 2237; x_wconf 88' lang='lat'>¹.</span> <span class='ocrx_word' id='word_1_276' title='bbox 1586 2191 1714 2247; x_wconf 89' lang='lat' dir='ltr'>Quod</span> 
     </span>
     <span class='ocr_line' id='line_1_30' title="bbox 341 2264 1712 2325; baseline -0.001 -17"><span class='ocrx_word' id='word_1_277' title='bbox 341 2264 519 2324; x_wconf 79' lang='lat' dir='ltr'>quidem</span> <span class='ocrx_word' id='word_1_278' title='bbox 538 2265 640 2308; x_wconf 84' lang='lat' dir='ltr'>mihi</span> <span class='ocrx_word' id='word_1_279' title='bbox 673 2274 896 2324; x_wconf 82' lang='lat' dir='ltr'>propterea</span> <span class='ocrx_word' id='word_1_280' title='bbox 921 2264 1084 2308; x_wconf 85' lang='lat' dir='ltr'>dictum</span> <span class='ocrx_word' id='word_1_281' title='bbox 1108 2264 1294 2320; x_wconf 83' lang='lat' dir='ltr'>videtur,</span> <span class='ocrx_word' id='word_1_282' title='bbox 1328 2280 1416 2308; x_wconf 91' lang='lat' dir='ltr'>non</span> <span class='ocrx_word' id='word_1_283' title='bbox 1438 2265 1539 2325; x_wconf 84' lang='lat' dir='ltr'>quia</span> <span class='ocrx_word' id='word_1_284' title='bbox 1561 2279 1712 2309; x_wconf 86' lang='lat' dir='ltr'>verum</span> 
     </span>
     <span class='ocr_line' id='line_1_31' title="bbox 339 2334 1712 2395; baseline -0.001 -17"><span class='ocrx_word' id='word_1_285' title='bbox 339 2336 482 2395; x_wconf 80' lang='lat' dir='ltr'>jurare</span> <span class='ocrx_word' id='word_1_286' title='bbox 504 2344 727 2394; x_wconf 82' lang='lat' dir='ltr'>peccatum</span> <span class='ocrx_word' id='word_1_287' title='bbox 744 2345 827 2390; x_wconf 84' lang='lat' dir='ltr'>est,</span> <span class='ocrx_word' id='word_1_288' title='bbox 853 2334 926 2378; x_wconf 84' lang='lat' dir='ltr'>sed</span> <span class='ocrx_word' id='word_1_289' title='bbox 947 2335 1046 2394; x_wconf 82' lang='lat' dir='ltr'>quia</span> <span class='ocrx_word' id='word_1_290' title='bbox 1064 2336 1253 2395; x_wconf 79' lang='lat' dir='ltr'>pejerare</span> <span class='ocrx_word' id='word_1_291' title='bbox 1277 2335 1463 2379; x_wconf 86' lang='lat' dir='ltr'>immane</span> <span class='ocrx_word' id='word_1_292' title='bbox 1486 2343 1712 2395; x_wconf 84' lang='lat' dir='ltr'>peccatum</span> 
     </span>
     <span class='ocr_line' id='line_1_32' title="bbox 345 2405 1711 2465; baseline -0.001 -16"><span class='ocrx_word' id='word_1_293' title='bbox 345 2415 408 2449; x_wconf 89' lang='lat' dir='ltr'>est</span> <span class='ocrx_word' id='word_1_294' title='bbox 434 2426 441 2450; x_wconf 92' lang='lat'>:</span> <span class='ocrx_word' id='word_1_295' title='bbox 468 2422 491 2449; x_wconf 86' lang='lat' dir='ltr'>a</span> <span class='ocrx_word' id='word_1_296' title='bbox 513 2421 600 2465; x_wconf 86' lang='lat' dir='ltr'>quo</span> <span class='ocrx_word' id='word_1_297' title='bbox 622 2421 698 2450; x_wconf 88' lang='lat' dir='ltr'>nos</span> <span class='ocrx_word' id='word_1_298' title='bbox 723 2405 852 2465; x_wconf 83' lang='lat' dir='ltr'>longe</span> <span class='ocrx_word' id='word_1_299' title='bbox 874 2421 962 2450; x_wconf 88' lang='lat' dir='ltr'>esse</span> <span class='ocrx_word' id='word_1_300' title='bbox 983 2405 1120 2449; x_wconf 87' lang='lat' dir='ltr'>voluit</span> <span class='ocrx_word' id='word_1_301' title='bbox 1148 2408 1222 2465; x_wconf 81' lang='lat' dir='ltr'>qui</span> <span class='ocrx_word' id='word_1_302' title='bbox 1246 2405 1494 2450; x_wconf 84' lang='lat' dir='ltr'>omnimodo</span> <span class='ocrx_word' id='word_1_303' title='bbox 1515 2421 1570 2449; x_wconf 86' lang='lat' dir='ltr'>ne</span> <span class='ocrx_word' id='word_1_304' title='bbox 1589 2407 1711 2465; x_wconf 83' lang='lat' dir='ltr'>jure-</span> 
     </span>
     <span class='ocr_line' id='line_1_33' title="bbox 345 2476 1710 2533; baseline -0.001 -12"><span class='ocrx_word' id='word_1_305' title='bbox 345 2492 443 2521; x_wconf 88' lang='lat' dir='ltr'>mus</span> <span class='ocrx_word' id='word_1_306' title='bbox 458 2476 698 2521; x_wconf 85' lang='lat' dir='ltr'>admonuit.</span> <span class='ocrx_word' id='word_1_307' title='bbox 723 2477 806 2522; x_wconf 89' lang='lat' dir='ltr'>Sed</span> <span class='ocrx_word' id='word_1_308' title='bbox 828 2477 906 2521; x_wconf 85' lang='lat' dir='ltr'>tibi</span> <span class='ocrx_word' id='word_1_309' title='bbox 926 2476 1042 2521; x_wconf 86' lang='lat' dir='ltr'>aliud</span> <span class='ocrx_word' id='word_1_310' title='bbox 1063 2478 1199 2522; x_wconf 83' lang='lat' dir='ltr'>videri</span> <span class='ocrx_word' id='word_1_311' title='bbox 1215 2479 1323 2533; x_wconf 83' lang='lat' dir='ltr'>scio,</span> <span class='ocrx_word' id='word_1_312' title='bbox 1350 2478 1467 2521; x_wconf 86' lang='lat' dir='ltr'>unde</span> <span class='ocrx_word' id='word_1_313' title='bbox 1488 2491 1604 2521; x_wconf 87' lang='lat' dir='ltr'>nunc</span> <span class='ocrx_word' id='word_1_314' title='bbox 1629 2476 1710 2521; x_wconf 89' lang='lat' dir='ltr'>dis-</span> 
     </span>
     <span class='ocr_line' id='line_1_34' title="bbox 395 2560 656 2603; baseline 0 -10"><span class='ocrx_word' id='word_1_315' title='bbox 395 2568 403 2583; x_wconf 93' lang='lat'><em>¹</em></span> <span class='ocrx_word' id='word_1_316' title='bbox 423 2561 534 2593; x_wconf 83' lang='lat' dir='ltr'>Matth.</span> <span class='ocrx_word' id='word_1_317' title='bbox 555 2571 586 2603; x_wconf 89' lang='lat' dir='ltr'>v,</span> <span class='ocrx_word' id='word_1_318' title='bbox 605 2560 656 2593; x_wconf 85' lang='lat'>35.</span> 
     </span>
    </p>
   </div>
   <div class='ocr_carea' id='block_1_3' title="bbox 1738 124 1790 3187">
    <p class='ocr_par' dir='ltr' id='par_1_3' title="bbox 1738 124 1790 3187">
     <span class='ocr_line' id='line_1_35' title="bbox 1738 124 1790 3187; baseline 0 0"><span class='ocrx_word' id='word_1_319' title='bbox 1738 124 1790 3187; x_wconf 95' lang='lat' dir='ltr'> </span> 
     </span>
    </p>
   </div>
  </div>
 </body>
</html>
