1790 3187
299 225 349 263 54
730 234 760 258 S.
800 234 1026 261 Arouszrmr
1063 236 1237 262 episcopt

296 308 422 343 cutus
452 307 530 353 est,
553 299 636 341 hoc
663 311 838 357 quoque
857 297 964 341 dixit
1000 317 1008 342 ε
1041 317 1059 339 «
1089 301 1209 342 Tunc
1232 298 1367 342 simile
1389 299 1675 344 aestimabitur
1726 331 1729 334 >

297 387 317 411 »
344 383 526 427 regnum
562 367 771 412 coelorum
812 365 960 411 decem
993 368 1253 426 virginibus,
1283 384 1383 427 quae
1414 377 1676 427 acceperunt
1724 370 1726 373 ’

295 458 315 480 »
342 437 562 498 lampades
594 453 711 492 suas,
745 446 787 481 et
817 447 1030 482 venerunt
1060 438 1234 482 obviam
1263 454 1434 498 sponso.
1470 440 1676 499 Quinque

297 528 318 551 »
341 519 486 563 autem
509 525 559 552 ex
592 510 650 552 eis
683 516 804 552 erant
835 506 989 564 fatuae,
1015 517 1058 552 et
1085 509 1280 568 quinque
1304 509 1571 568 prudentes3
1601 509 1677 554 sed

297 598 316 621 »
342 580 538 639 quinque
566 578 699 623 fatuae
723 578 908 637 acceptis
935 578 1208 637 lampadibus
1232 578 1317 622 suis
1334 614 1345 634 ‚
1372 595 1462 623 non
1482 594 1678 638 sumpse-

296 667 316 691 »
344 659 446 693 runt
462 649 606 693 oleum
629 663 776 693 secum
798 667 806 693 z
829 648 1065 707 prudentes
1088 657 1233 692 autem
1254 657 1516 708 acceperunt
1532 648 1677 693 oleum

296 735 489 763 »secum
518 721 562 763 in
593 720 701 764 vasis
732 720 839 774 suis,
885 734 986 763 cum
1012 718 1302 779 lampadibus.
1347 720 1564 765 Tardante
1602 735 1680 764 au-

299 809 317 832 »
344 799 432 834 tem
470 805 656 849 sponso,
694 791 1042 834 dormitaverunt
1076 805 1259 845 omnes,
1307 799 1348 833 et
1390 789 1677 834 dormierunt,

297 879 317 902 >⁹
343 860 485 905 Media
520 870 665 904 autem
703 870 831 906 nocte
859 860 1021 904 clamor
1046 858 1183 904 factus
1210 868 1272 904 est
1308 879 1317 904 ε
1353 862 1467 904 Ecce
1499 875 1681 919 sponsus

296 948 317 972 »
344 931 462 975 venit
493 966 503 987 ‚
541 932 702 990 surgite
751 930 924 975 obviarn
970 931 1024 974 ei.
1069 933 1191 974 Tunc
1230 939 1507 974 surrexerunt
1546 930 1683 988 virgi-

299 1020 317 1042 »
344 1016 419 1044 nes
462 1000 572 1056 illae,
619 1012 661 1046 et
702 1010 961 1062 aptaverunt
990 1000 1210 1060 lampades
1246 1017 1355 1046 suas.
1393 1004 1451 1046 Et
1480 1000 1684 1045 dixerunt

299 1092 314 1112 »
336 1071 422 1114 illee
440 1072 584 1116 stultee
602 1073 656 1117 ad
675 1075 886 1133 sapientes
910 1093 918 1118 ;
950 1076 1052 1117 Date
1069 1073 1190 1117 nobis
1213 1073 1267 1117 de
1284 1072 1380 1118 oleo
1402 1081 1561 1128 vestro,
1581 1073 1684 1132 quia

303 1141 568 1200 »lampades
602 1152 760 1187 nostrae
794 1145 1124 1201 extinguuntur.
1165 1143 1502 1202 Responderunt
1540 1152 1685 1187 autem

298 1228 318 1250 »
342 1211 569 1268 sapientes,
591 1212 781 1256 dicentes
803 1232 811 1257 :
832 1215 896 1257 Ne
910 1212 1023 1256 forte
1040 1228 1128 1256 non
1145 1213 1331 1257 sufficiat
1349 1213 1475 1258 nobis
1487 1222 1530 1257 et
1544 1211 1683 1266 vobis,

298 1280 397 1323 »ite
420 1281 563 1338 potius
596 1282 650 1325 ad
671 1281 933 1335 vendentes,
967 1291 1009 1325 et
1038 1283 1166 1325 emite
1198 1283 1336 1326 vobis.
1363 1285 1420 1326 Et
1451 1283 1555 1326 dum
1574 1283 1690 1326 irent

301 1369 320 1390 »
346 1365 505 1405 emere,
528 1352 647 1394 venit
679 1367 882 1410 sponsus,
906 1361 947 1394 et
971 1367 1071 1411 quae
1093 1361 1252 1410 paratae
1270 1361 1393 1396 erant
1415 1353 1689 1396 intraverunt

299 1437 319 1460 »
346 1435 446 1463 cum
475 1435 526 1464 eo
551 1420 604 1464 ad
622 1421 818 1480 nuptias,
851 1430 894 1464 et
916 1419 1063 1464 clausa'
1085 1431 1147 1464 est
1172 1423 1320 1481 janua.
1348 1422 1586 1467 Novissime
1607 1437 1689 1466 au-

299 1509 319 1532 »
347 1500 435 1535 tem
451 1492 631 1535 veniunt
648 1502 692 1536 et
714 1491 893 1552 reliquae
912 1492 1117 1550 virgines,
1143 1491 1361 1537 dicentes:
1384 1493 1584 1547 Domine,
1607 1495 1690 1536 Do-

299 1578 319 1601 »
345 1561 487 1616 mine,
510 1563 626 1619 aperi
657 1562 794 1605 nobis.
838 1565 888 1605 At
911 1560 983 1605 ille
1013 1562 1278 1620 respondens
1299 1563 1357 1606 ait
1384 1581 1393 1607 ι
1430 1566 1569 1606 Amen
1591 1561 1690 1605 dico

301 1649 320 1672 »
345 1632 485 1686 vobis,
512 1633 666 1677 Nescio
684 1648 774 1676 vos.
803 1631 984 1690 Vigilate
1007 1648 1123 1690 ergo,
1150 1634 1251 1693 quia
1274 1633 1445 1676 nescitis
1457 1632 1589 1687 diem,
1614 1648 1693 1676 ne-

302 1719 428 1761 »que
459 1704 611 1747 horam
634 1706 662 1746 ¹.
698 1724 710 1743 »
740 1707 893 1748 Decem
919 1704 1074 1763 utique
1096 1704 1312 1762 virginum
1342 1704 1460 1764 quod
1495 1703 1691 1763 quinque

301 1774 613 1826 admittuntur,
635 1774 829 1834 quinque
850 1774 1163 1829 excluduntur,
1185 1775 1398 1818 bonorum
1418 1783 1462 1818 et
1479 1774 1692 1818 malorum

303 1846 608 1889 discretionem
638 1846 865 1904 significat.
900 1848 1174 1905 Quapropter
1193 1846 1227 1889 si
1254 1846 1509 1905 virginitatis
1533 1861 1693 1890 nomen

304 1915 559 1959 honorabile
582 1925 674 1970 est,
713 1932 790 1959 cur
824 1917 1003 1974 receptis
1032 1915 1301 1975 exclusisque
1336 1931 1569 1960 commune
1606 1918 1694 1960 est?

306 1985 471 2028 Deinde
489 1985 597 2044 quid
615 1986 694 2028 sibi
710 1985 803 2029 vult
819 2002 1026 2029 numerus
1041 1987 1085 2029 in
1104 1996 1288 2046 utraque
1304 1996 1424 2046 parte
1441 1987 1692 2047 quinarius?

306 2057 420 2109 Quid
443 2066 588 2100 autem
613 2058 824 2116 significat
849 2057 994 2101 oleum
1011 2093 1021 2112 ‚
1043 2058 1200 2101 mirum
1223 2057 1407 2102 videtur.
1438 2061 1548 2102 Item
1571 2059 1691 2118 quod

307 2128 518 2185 sapientes
542 2128 793 2186 petentibus
817 2143 904 2171 non
927 2129 1250 2173 communicant
1276 2149 1283 2173 :
1311 2144 1410 2173 cum
1433 2138 1476 2173 et
1498 2128 1692 2173 invidere

311 2195 373 2240 sas
391 2213 479 2241 non
498 2198 551 2241 sit
565 2213 634 2241 eas
651 2214 749 2257 quae
766 2198 823 2241 ita
842 2198 1046 2257 perfectae
1067 2208 1188 2252 sunt,
1212 2207 1257 2242 ut
1276 2216 1295 2242 a
1315 2215 1471 2258 sponso
1485 2199 1694 2258 recipian-

310 2276 396 2321 tur,
423 2283 512 2327 quo
545 2270 720 2312 nomine
748 2267 870 2312 nullo
894 2269 1121 2312 dubitante
1156 2269 1364 2313 Dominus
1398 2278 1542 2314 noster
1569 2272 1692 2315 Jesus

309 2338 504 2382 Christus
538 2339 831 2396 significatur3
868 2347 909 2382 et
948 2339 1241 2383 misericordes
1273 2355 1362 2384 esse
1400 2348 1599 2399 oporteat
1638 2340 1693 2385 ad

307 2408 603 2466 praestandum
621 2424 673 2452 ex
688 2424 738 2452 eo
755 2409 876 2468 quod
896 2409 1076 2463 habent,
1097 2410 1403 2468 praescribente
1424 2410 1496 2455 illa
1520 2419 1693 2455 senten-

305 2477 364 2521 tia
376 2476 569 2536 ejusdem
588 2479 759 2522 Domini
772 2478 953 2523 dicentis
973 2497 981 2522 ε
1007 2497 1028 2521 «
1046 2480 1176 2523 Omni
1194 2481 1387 2539 poscenti
1406 2489 1449 2525 te
1470 2480 1650 2525 tribue2.
1669 2498 1690 2522 »

354 2568 362 2581 ῑ
385 2561 502 2592 Manli.
526 2572 578 2598 xv.
603 2573 613 2593 1
639 2566 671 2593 ct
688 2574 775 2603 seqq.
798 2579 834 2585 ψ·-
851 2568 863 2584 ²
884 2565 962 2595 Luc.
983 2574 1030 2601 vr,
1055 2564 1105 2595 30.
