1790 3187
582 196 778 221 EPIsTOLA
813 196 935 221 xxix.
1368 188 1450 226 353

67 273 176 317 copo
199 258 518 316 egrederemur,
553 257 781 316 legebatur
803 257 1049 302 alternatim
1082 267 1125 302 et
1149 259 1414 317 psallebatur
1441 281 1451 307 z

66 329 278 387 nobisque
299 329 477 387 egressis
495 329 584 372 duo
609 329 765 372 Psalmi
787 328 887 373 lecti
909 338 1024 373 sunt.
1054 329 1217 373 Deinde
1247 346 1315 374 me
1337 332 1453 376 invi-

67 409 160 443 tum
177 435 187 453 ,
213 400 286 458 qui
305 401 393 458 jam
430 400 657 458 cupiebam
689 410 912 458 peractum
937 416 1025 444 esse
1049 409 1136 444 tam
1161 401 1456 460 periculosum

11 493 16 501 -
67 469 181 513 diem
205 472 310 526 (15),
332 471 499 529 jussum
518 469 730 529 compulit
753 486 881 514 senex
904 480 952 515 ut
976 470 1138 531 aliquid
1156 471 1215 515 eis
1236 471 1454 532 loquerer.

67 541 212 586 Habui
242 541 414 585 brevem
439 557 681 586 sermonem
700 577 710 595 ‚
742 558 830 601 quo
861 543 1016 600 gratias
1044 558 1216 601 agerem
1258 546 1364 589 Deo.
1402 548 1460 589 Et

68 611 271 671 quoniam
298 612 341 654 in
364 612 667 656 haereticorum
686 612 859 656 basilica
883 613 1165 657 audiebamus
1188 614 1243 658 ab
1259 614 1318 658 eis
1335 614 1461 660 solita

67 681 262 725 convivia
284 680 499 726 celebrata
518 717 528 736 ‚
558 698 658 726 cum
682 682 825 727 adbuc
844 718 854 737 ,
892 683 1021 727 etiam
1050 699 1102 728 eo
1130 685 1222 743 ipso
1248 694 1457 745 tempore,

0 742 12 810 '-
67 768 156 811 quo
178 769 201 796 a
229 753 352 797 nobis
375 753 452 797 ista
480 754 744 811 gerebantur
761 790 771 807 ‚
800 753 861 797 illi
882 755 925 798 in
947 755 1114 814 poculis
1152 755 1459 815 perdurarent,

3 874 12 883 .
67 825 152 868 dixi
172 823 255 867 diei
276 825 647 883 pulchritudinem
668 826 805 870 noctis
828 827 1150 885 comparatione
1173 829 1392 882 decorari,
1418 837 1463 872 et

67 896 256 939 colorem
277 895 512 939 candidum
532 896 640 953 nigri
665 897 886 940 vicinitate
911 897 1167 954 gratiorem3
1187 898 1245 941 ita
1265 908 1464 942 nostrum

0 1018 8 1027 ‚
67 966 268 1024 spiritalis
286 967 587 1011 celebrationis
606 977 871 1011 conventum
892 967 1037 1011 minus
1059 969 1241 1011 sortasse
1265 967 1465 1013 futurum

0 1089 7 1098 ,
67 1035 458 1096 fuissejucumlum
481 1072 492 1091 ‚
518 1037 599 1081 nisi
628 1053 678 1080 ex
707 1036 788 1080 alia
818 1046 940 1096 parte
974 1037 1157 1081 carnalis
1182 1038 1465 1098 ingurgitatio

0 1152 6 1161 ,
66 1107 360 1162 conferretur,
394 1108 682 1167 hortatusque
714 1123 809 1152 sum
840 1117 890 1151 ut
931 1106 1036 1152 tales
1065 1108 1216 1167 epulas
1252 1109 1464 1153 instanter

65 1187 336 1238 appeterent,
364 1179 396 1221 si
421 1188 663 1237 gustassent
692 1193 824 1238 quam
849 1179 990 1222 suavis
1018 1188 1082 1222 est
1108 1180 1320 1224 Dominus
1344 1199 1352 1224 :
1378 1180 1462 1225 illis

0 1295 6 1310 ‚
66 1258 211 1294 autem
235 1264 324 1293 esse
348 1248 653 1305 metuendum,
672 1250 748 1310 qui
774 1259 983 1309 tanquam
1007 1250 1198 1309 primum
1222 1261 1461 1307 sectantur,

0 1315 4 1324 '
65 1321 184 1379 quod
209 1319 446 1379 aliquando
470 1319 739 1377 destruetur3
763 1336 863 1365 cum
882 1320 1068 1380 quisque
1086 1336 1231 1365 comes
1251 1323 1465 1366 efficiatur

0 1439 1 1443 Ἰ
65 1392 156 1451 ejus
179 1392 239 1435 rei
261 1426 272 1442 ,
301 1407 430 1450 quam
455 1392 588 1446 colit,
615 1392 922 1451 insultaritque
945 1391 1179 1450 Apostolus
1212 1392 1373 1437 talibus
1395 1393 1466 1437 di-

0 1460 2 1467 '
65 1476 181 1517 cens,
211 1482 229 1503 «
255 1478 442 1522 quorum
461 1465 574 1506 Deus
597 1472 748 1506 venter
766 1464 796 1517 ¹,
821 1481 841 1503 »
865 1478 966 1506 cum
989 1462 1105 1506 idem
1126 1463 1209 1506 alio
1231 1463 1328 1508 loco
1345 1463 1466 1507 dixe-

66 1533 137 1586 rit,
167 1553 186 1575 «
218 1536 326 1577 Esca
360 1533 501 1576 ventri
528 1542 570 1576 et
594 1543 746 1577 venter
778 1532 914 1577 escis:
951 1535 1065 1576 Deus
1097 1541 1243 1576 autem
1273 1543 1316 1577 et
1344 1535 1464 1579 hunc

69 1621 88 1644 »
114 1613 158 1648 et
179 1602 274 1647 illas
297 1603 527 1648 evacuabit
559 1605 591 1646 ².
622 1622 642 1644 »
680 1606 767 1647 Nos
791 1602 974 1662 proinde
1009 1613 1211 1662 oportere
1247 1603 1291 1648 id
1320 1605 1461 1664 sequi,

65 1675 185 1734 quod
200 1690 287 1719 non
307 1683 558 1729 evacuatur,
586 1675 707 1734 quod
726 1674 1060 1718 remotissimum
1087 1691 1109 1718 a
1140 1675 1278 1718 carnis
1303 1676 1464 1720 affeetu

64 1746 236 1804 spiritus
259 1746 600 1789 sanctificatione
636 1746 862 1789 retinetur.
892 1748 1038 1803 Atque
1066 1745 1111 1787 in
1132 1746 1246 1789 hanc
1284 1756 1462 1790 senten-

63 1816 191 1870 tiam,
237 1832 315 1875 pro
353 1826 565 1875 tempore,
602 1831 702 1860 cum
746 1831 810 1870 ea,
842 1832 942 1875 quae
980 1816 1193 1859 Dominus
1231 1831 1464 1875 suggerere

65 1887 269 1944 dignatus
286 1896 365 1940 est,
391 1886 506 1930 dicta
529 1896 694 1944 essent3
717 1898 806 1930 acta
826 1895 928 1929 sunt
946 1887 1206 1944 vespertina,
1228 1903 1328 1945 quae
1346 1904 1461 1947 quo-

64 1955 168 2001 tidie
198 1957 340 2001 solent
361 1977 370 2001 :
400 1958 613 2016 nobisque
635 1972 735 2001 cum
754 1956 970 2015 Episcopo
1001 1955 1308 2000 recedentibus
1325 1992 1336 2011 ,
1369 1958 1459 2003 fra-

64 2035 146 2071 tres
162 2027 314 2071 eodem
335 2026 433 2072 loco
447 2028 663 2084 hymnum
679 2025 899 2080 dixerunt,
919 2042 1008 2070 non
1023 2041 1155 2084 parva
1172 2026 1460 2073 multitudine

65 2099 293 2158 utriusque
371 2097 426 2142 ad
458 2098 740 2142 obscuratum
781 2096 896 2140 diem
936 2105 1140 2140 manente
1177 2106 1310 2156 atque
1345 2099 1460 2157 psal-

65 2167 196 2213 lente.

122 2241 227 2283 XII.
250 2239 411 2297 Digessi
426 2238 548 2282 vobis
566 2247 780 2296 quantum
799 2237 989 2281 breviter
1002 2237 1143 2296 potui,
1160 2238 1280 2297 quod
1298 2252 1369 2281 vos
1385 2255 1458 2283 au-

67 2309 158 2354 dire
167 2309 446 2365 desiderasse,
459 2310 555 2370 quis
572 2309 853 2353 dubitaverit.
870 2310 1001 2352 Orate
1023 2318 1070 2351 ut
1087 2324 1109 2351 a
1125 2308 1353 2352 conatibus
1364 2326 1458 2355 nos·

65 2381 140 2425 tris
156 2382 301 2426 omnia
319 2381 521 2426 scandala
537 2390 580 2425 et
593 2381 737 2425 omnia
753 2380 878 2424 taedia
899 2383 1012 2423 Deus
1027 2379 1233 2437 dignetur
1246 2390 1455 2426 avertere.

67 2455 221 2512 Magna
245 2469 346 2497 sane
367 2469 419 2497 ex
453 2462 575 2513 parte
597 2452 820 2497 vobiscum
845 2451 1155 2511 requiescimus
1187 2466 1287 2495 cum
1311 2451 1457 2498 alacri-

116 2544 122 2559 ¹
149 2538 249 2581 Philip
281 2550 330 2578 111,
353 2550 404 2582 19.
424 2556 462 2562 --
480 2545 492 2561 ²
516 2551 527 2571 1
551 2540 622 2570 Cor.
643 2549 686 2574 vr,
712 2539 760 2570 13.
780 2555 816 2560 —
836 2534 848 2558 3
871 2537 974 2568 Forte
993 2534 1088 2567 deest
1104 2546 1209 2568 sexus.

255 2603 385 2631 cxrv.
1220 2591 1273 2629 ‘23
