1790 3187
687 278 1023 307 Aauo‘ruioasss.
1464 271 1545 308 533

530 421 784 462 ANNOTATIO
815 421 909 477 (25)
942 434 1038 478 pag.
1079 424 1177 462 424.

223 570 350 613 Gesta
370 578 492 614 notat
509 569 627 628 apud
643 570 805 615 Cirtam
825 587 940 616 anno
959 578 1058 627 305,
1078 573 1277 617 confecta
1301 573 1344 616 in
1367 573 1551 617 concilio

164 639 464 698 episcoporum
494 639 697 684 undecim
729 641 816 684 sive
846 641 1077 685 duodecim
1113 642 1271 702 quibus
1295 642 1553 700 praesidebat

166 708 408 764 Secundus,
429 719 532 754 tunc
555 711 768 754 Numidiae
785 711 958 770 primas,
980 727 1069 755 non
1089 712 1323 767 cathedrae,
1345 712 1420 756 sed
1443 713 1554 756 anti-

162 780 339 840 quitatis
356 781 468 840 jure.
500 781 672 840 Quippe
697 782 738 824 in
770 782 926 825 Africae
949 783 1178 841 provinciis
1202 784 1412 841 primatus
1433 782 1551 827 haud

163 860 254 894 erat
275 860 406 894 certae
438 851 528 894 sedi
559 851 773 906 addictus,
807 862 1097 912 praeterquam
1122 853 1166 896 in
1190 854 1485 912 proconsulari
1509 854 1552 897 in

161 937 248 981 qua
270 922 621 979 Carthaginensis
642 924 868 982 episcopus
899 939 945 967 ea
986 924 1309 981 praeeminentia
1343 933 1553 982 perpetuo

162 991 396 1051 gaudebat.
434 994 495 1034 De
531 992 714 1050 praefato
736 992 940 1036 Cirtensis
973 991 1155 1035 concilio
1185 993 1270 1049 agit
1291 995 1477 1051 Optatus
1508 993 1553 1037 in

159 1062 235 1105 lib.
259 1081 273 1104 1
290 1071 440 1106 contra
456 1063 807 1116 Parmenianum,
825 1063 1003 1122 ejusque
1021 1072 1113 1107 acta
1135 1063 1264 1106 refert
1284 1064 1553 1122 Augustinus

159 1132 204 1175 in
226 1131 303 1175 lib.
332 1151 381 1175 111
418 1142 567 1176 contra
602 1133 902 1187 Cresconium,
936 1148 1031 1192 cap.
1062 1139 1132 1187 27,
1159 1133 1236 1177 ubi
1260 1143 1406 1177 tamen
1435 1149 1554 1177 error

159 1211 222 1245 est
243 1202 287 1246 in
306 1202 546 1247 Consulum
570 1201 886 1261 designatione,
907 1203 1181 1261 castigandus
1203 1219 1253 1246 ex
1277 1204 1442 1248 Brevic.
1466 1204 1553 1248 col-

159 1272 234 1317 lat.
262 1273 333 1317 die
360 1279 403 1328 3,
428 1288 523 1332 cap.
555 1279 621 1316 17.

586 1435 842 1476 ΑΝΝοΤΑΤῐο
875 1434 972 1490 (26)
1005 1429 1118 1475 ibid.

213 1568 388 1612 Judices
411 1568 632 1627 petierunt
655 1569 879 1626 episcopos
901 1582 952 1610 ex
975 1567 1112 1611 Gallia
1131 1589 1141 1624 3
1173 1570 1335 1627 quippe
1363 1583 1463 1627 quse
1485 1566 1549 1611 ab

154 1637 267 1693 lzoc,
302 1648 352 1682 ut
376 1639 571 1692 aiebant,
593 1637 831 1699 facinore
864 1636 1107 1681 traditionis
1129 1636 1183 1679 de
1211 1653 1300 1695 quo
1322 1637 1546 1694 agebatur,

153 1709 375 1753 immunis
397 1719 504 1752 erat.
533 1710 629 1752 Dati
649 1717 751 1751 sunt
774 1711 997 1753 Maternus
1020 1708 1361 1766 Agrippinensis,
1392 1708 1548 1751 Rheti-

148 1780 241 1824 cius
276 1778 711 1838 Augustodunensis,
744 1788 786 1822 et
816 1779 1010 1823 Marinus
1040 1778 1323 1833 Arelatensis,
1348 1778 1549 1838 missique

151 1853 336 1895 Romam
360 1865 461 1894 cum
486 1849 578 1893 aliis
599 1849 852 1909 quindecim
875 1849 1086 1907 episcopis
1115 1848 1259 1904 Italis,
1282 1864 1469 1907 quorum
1502 1849 1547 1892 in

150 1935 352 1965 consessu
378 1919 640 1964 Melchiades
677 1934 787 1976 papa
820 1918 1105 1963 Caecilianum
1140 1919 1416 1961 innocentem
1456 1932 1546 1962 esse

147 1991 449 2050 pronuntiavit
472 2005 523 2033 ex
545 1991 709 2048 Optato
731 1990 775 2032 in
804 1989 881 2032 lib.
916 2007 930 2031 1
961 1989 1165 2032 adversus
1188 1989 1542 2044 Parmenianum,

147 2077 263 2106 anno
288 2061 452 2105 scilicet
475 2066 558 2104 313
586 2061 708 2120 juxta
739 2063 853 2117 Aug.
879 2060 920 2102 in
946 2059 1023 2102 lib.
1050 2068 1147 2118 post
1173 2058 1318 2102 collat.
1345 2074 1441 2117 cap.
1468 2064 1538 2102 33.

521 2222 778 2264 Armorum
810 2220 903 2275 (27)
934 2232 1033 2277 pag.
1072 2221 1170 2261 425.

205 2377 480 2423 Proconsulis
505 2376 674 2421 Heliani
696 2377 784 2421 sive
806 2375 962 2421 AEliani
988 2375 1199 2419 sententia
1228 2374 1273 2417 in
1296 2373 1434 2418 Gestis
1454 2374 1539 2418 hoc

143 2449 241 2494 loco
264 2449 450 2494 laudatis
473 2448 588 2493 dicta
611 2447 856 2492 secundum
880 2445 1068 2490 Felicem
1093 2445 1443 2504 Aptungitanum
1466 2459 1538 2488 re-

144 2521 284 2564 fertur
305 2521 350 2564 in
370 2519 449 2564 lib.
478 2538 528 2563 111
553 2529 702 2563 contra
723 2520 928 2563 Crescon.
947 2532 1042 2576 cap.
1070 2523 1140 2560 70.
1164 2519 1226 2560 De
1247 2516 1399 2560 iisdem
1418 2516 1537 2559 Actis

143 2590 527 2650 proconsularibus
552 2589 819 2634 mentionem
844 2586 944 2632 facit
979 2588 1164 2646 Optatus
1183 2584 1367 2632 Milevit.
1395 2586 1532 2645 perti-
