1790 3187
4 2340 7 2392 ἰ

286 235 339 263 mz
373 234 562 262 nivmms
594 232 753 270 QuAEs‘r.
790 234 938 262 ocroc.
974 235 1136 262 TRIBUS.
1350 223 1405 262 '75

23 310 195 362 regunt,
209 308 253 344 et
275 315 298 344 a
313 302 402 344 Deo
425 298 589 343 artifice
611 297 736 342 nobis
755 298 908 343 tributi
926 307 1042 354 sunt,
1061 306 1177 342 recte
1197 297 1408 343 dicuntur

23 373 120 427 viri,
140 371 185 416 id
215 380 302 425 est,
323 370 481 424 mariti,
504 379 713 428 tanquam
735 368 917 427 legitimi
940 391 952 428 3
972 370 1177 430 quoniam
1213 384 1302 413 non
1336 384 1408 414 eos

23 457 142 488 error
172 441 279 486 vitio
308 442 506 500 proprio,
543 440 618 483 sed
652 438 727 483 Dei
755 440 936 484 artificio
966 449 1120 484 natura
1150 438 1405 484 contribuit.

23 515 135 559 Cum
154 520 298 556 autem
321 511 505 571 quisque
525 509 693 554 venerit
710 511 764 553 ad
783 525 875 554 eam
899 519 1148 566 aetatem,ut
1164 510 1253 569 jam
1277 511 1409 569 possit

24 598 158 642 capax
190 597 280 626 esse
309 581 486 626 rationis
505 615 516 636 ,
554 580 587 624 si
620 579 845 625 veritatem
872 582 1016 625 statim
1038 581 1408 640 comprehendere

26 653 216 714 potuerit
235 687 246 707 ‚
282 668 371 697 non
389 654 478 713 jam
510 650 593 695 illis
623 651 820 696 sensibus
853 653 1092 697 rectoribus
1114 662 1265 697 utetur
1288 687 1300 707 ‚
1335 650 1409 696 sed

25 724 205 768 habebit
226 723 383 778 virum,
405 723 603 782 spiritum
627 722 981 777 rationalem‚cui
1000 739 1149 768 sensus
1171 723 1268 768 illos
1288 722 1334 766 in
1352 721 1409 766 fa-

26 795 241 839 mulatum
277 794 443 853 redigat
467 829 478 848 ,
504 793 700 838 servituti
720 794 952 853 subjiciens
969 810 1126 853 corpus
1140 808 1267 838 suum
1287 808 1413 838 :cum

27 867 167 911 anima
199 881 287 910 non
309 867 400 926 jam
427 866 622 924 quinque
648 865 746 909 viris
767 900 778 919 ‚
803 865 848 908 id
879 875 968 919 est,
997 866 1193 925 quinque
1221 865 1413 924 eorporis

27 937 221 982 sensibus
235 936 406 980 subdita
426 945 506 990 est,
519 936 795 979 sedVerbum
810 934 1006 979 divinum
1021 936 1155 980 habet
1169 935 1414 994 legitimum

27 1006 169 1051 virum
194 1040 204 1060 ‚
240 1006 310 1050 cui
334 1005 536 1065 copulata
564 1014 607 1049 et
633 1006 849 1049 inhaerens
869 1039 880 1059 ,
909 1020 1009 1049 cum
1046 1014 1088 1050 et
1123 1006 1215 1064 ipse
1242 1005 1415 1064 spiritus

29 1076 214 1121 hominis
243 1077 414 1120 haeserit
438 1076 610 1121 Christo
631 1111 641 1130 ,
667 1076 766 1135 quia
802 1085 933 1135 caput
964 1075 1045 1121 viri
1067 1076 1265 1121 Christus
1294 1085 1358 1120 est
1382 1079 1413 1130 ¹,

30 1146 229 1205 amplexu
247 1145 425 1206 spiritali
445 1156 606 1190 aeterna
629 1146 715 1198 vita
737 1145 829 1190 sine
850 1146 942 1190 ullo
963 1146 1244 1205 separationis
1265 1147 1418 1190 timore

30 1216 282 1276 perfruitur.
313 1237 332 1260 «
358 1218 464 1270 Quis
492 1232 570 1261 nos
603 1217 718 1260 enim
748 1231 943 1275 separare
972 1217 1132 1276 poterit
1164 1233 1187 1260 a
1215 1217 1419 1261 charitate

35 1307 55 1329 »i
77 1288 234 1332 Christi
257 1291 273 1314 2
296 1290 313 1332 P
346 1308 358 1325 i>
390 1287 473 1332 Sed
500 1288 705 1347 quoniam
729 1287 801 1331 illa
828 1287 982 1331 mulier
1006 1302 1150 1331 errore
1173 1287 1418 1342 tenebatur,

34 1360 109 1419 qui
122 1360 395 1417 significabat
408 1358 734 1403 multitudinem
751 1358 897 1403 saeculi
910 1359 1030 1402 vanis
1043 1358 1422 1418 superstitionibus

34 1430 267 1489 subjugati,
294 1439 389 1488 post
405 1439 600 1488 tempora
622 1428 693 1472 illa
715 1429 911 1488 quinque
933 1427 1170 1472 carnalium
1196 1442 1419 1482 sensuum,

34 1499 195 1559 quibus
219 1500 355 1557 prima
375 1508 493 1553 aetas,
517 1508 567 1542 ut
589 1497 791 1551 diximus,
814 1499 992 1556 regitur,
1011 1514 1100 1543 non
1117 1514 1211 1542 eam
1228 1498 1424 1542 Verbum

36 1569 113 1614 Dei
149 1578 372 1628 acceperat
407 1569 451 1612 in
483 1569 735 1628 conjugium
750 1604 764 1624 ,
810 1569 887 1612 sed
916 1569 1146 1629 complexu
1179 1568 1425 1614 adulterino

38 1639 235 1684 diabolus
253 1639 492 1684 obtinebat.
526 1643 679 1699 Itaque
697 1639 761 1682 illi
783 1641 992 1684 Dominus
1014 1641 1140 1695 dicit,
1159 1641 1312 1685 videns
1330 1655 1425 1684 eam

39 1724 126 1753 esse
156 1710 396 1764 carnalem,
429 1708 472 1752 id
498 1718 561 1753 est
582 1745 596 1764 ,
621 1709 852 1754 carnaliter
874 1726 1023 1769 sapere
1050 1731 1058 1756 2
1093 1730 1112 1752 «
1144 1712 1266 1755 Vade
1284 1746 1295 1766 ‚
1321 1726 1427 1755 voca

42 1797 62 1822 »ι
82 1780 225 1824 virum
252 1789 399 1834 tuum,
431 1788 475 1822 et
493 1780 591 1822 veni
618 1780 722 1833 huc,
745 1798 764 1820 »
791 1780 836 1823 id
855 1790 935 1835 estj
958 1796 1132 1825 remove
1155 1791 1198 1825 te
1220 1781 1276 1825 ab
1293 1781 1428 1825 aflec-

41 1851 159 1894 tione
175 1849 363 1905 carnali,
389 1850 434 1894 in
451 1866 537 1909 qua
566 1865 684 1894 nunc
717 1852 952 1895 constituta
980 1867 1040 1905 es,
1062 1852 1179 1895 unde
1203 1867 1291 1896 non
1309 1862 1430 1911 potes

42 1919 283 1979 intelligere
309 1937 408 1980 quae
429 1920 588 1980 loquor
620 1939 628 1965 :
660 1940 679 1962 «
706 1930 748 1964 et
769 1937 875 1965 voca
905 1921 1046 1965 virum
1069 1931 1212 1973 tuum,
1236 1941 1254 1963 »
1280 1921 1326 1965 id
1347 1932 1427 1978 est,

0 2048 1 2062 χ
43 1991 195 2051 spiritu
223 1991 520 2049 intelligentiae
539 2007 727 2050 praesens
748 2002 854 2036 esto.
882 1996 956 2036 Est
984 1993 1098 2036 enim
1124 1993 1279 2036 animae
1308 1994 1432 2053 quasi

46 2062 224 2105 maritus
255 2061 446 2122 quodam
479 2061 611 2106 modo
644 2062 817 2121 spiritus
855 2063 1068 2118 hominis,
1100 2060 1176 2123 qui
1202 2063 1433 2107 animalem

1 2140 3 2144 “
48 2132 322 2177 affectionem
356 2142 565 2192 tanquam
597 2134 827 2193 conjugem
864 2134 986 2192 regit.
1029 2137 1125 2179 Non
1154 2133 1228 2177 ille
1253 2135 1435 2193 Spiritus

3 2265 5 2268 Ι
47 2213 245 2257 sanctus,
278 2205 353 2264 qui
372 2220 472 2249 cum
502 2208 628 2248 Patre
657 2214 700 2248 et
726 2204 835 2249 Filio
873 2205 1242 2249 incommutabilis
1265 2215 1434 2259 manet,

4 2335 5 2339 Ἰ
48 2283 92 2318 et
130 2274 270 2333 dignis
308 2276 458 2319 animis
496 2274 910 2320 incommutabiliter
939 2276 1069 2320 datur
1100 2295 1107 2319 ε
1151 2276 1226 2319 sed
1256 2276 1439 2334 Spiritus

50 2347 250 2403 hominis,
277 2348 330 2391 de
353 2364 441 2408 quo
472 2349 706 2407 Apostolus
727 2349 833 2392 dicit
865 2367 872 2392 :
904 2366 922 2389 «
948 2350 1086 2392 Nemo
1116 2347 1196 2390 scit
1218 2362 1316 2406 quae
1338 2356 1441 2390 sunt

54 2434 75 2459 n
110 2418 154 2462 in
183 2419 358 2463 homine
378 2454 388 2474 ‚
416 2420 495 2463 nisi
522 2419 697 2478 spiritus
732 2419 920 2463 hominis
940 2420 954 2443 3
986 2437 1005 2459 »
1033 2421 1139 2462 Nam
1164 2417 1235 2461 ille
1260 2418 1441 2477 Spiritus

53 2498 238 2546 sanctus,
253 2491 435 2549 Spiritus
449 2491 524 2535 Dei
546 2500 610 2535 est
628 2512 639 2548 3
664 2490 718 2534 de
740 2506 829 2550 quo
851 2491 1009 2533 iterum
1024 2488 1129 2533 dicit
1147 2490 1226 2533 sic:
1242 2508 1262 2532 «
1276 2491 1331 2533 Et
1345 2504 1443 2549 (μω)

106 2580 113 2594 ¹
134 2584 145 2604 ¹
167 2576 239 2606 Cor.
258 2585 303 2613 xi,
321 2573 352 2606 3.
368 2591 409 2598 —-
424 2581 435 2595 ²
454 2576 543 2606 Rom.
568 2585 633 2607 vni,
651 2573 703 2606 35.
717 2572 783 2596 —3
805 2586 812 2605 ι
836 2576 908 2606 Cor.
926 2585 961 2607 11.
987 2585 1036 2604 ιι.
