1790 3187
313 189 364 214 DE
398 189 586 215 orvansrs
619 181 775 224 QUAEsT.
812 190 958 216 oc'roo.
996 192 1158 216 'inrisum
1348 184 1421 217 131

50 253 350 314 utilejudicat.
374 255 480 297 Nam
513 252 637 296 nullo
671 253 801 297 modo
830 254 905 297 ulli
934 254 1108 312 spiritus
1141 255 1304 296 audent
1335 255 1428 300 haec

47 325 166 384 signa
182 332 458 368 contemnere
479 340 490 366 .·
515 325 859 368 contremiscunt
875 325 991 368 cuim
1015 325 1122 378 haee,
1159 324 1429 384 ubicumque

47 394 118 439 illa
131 394 445 453 conspexerint.
473 394 555 438 Sed
579 395 873 439 nescientibus
893 395 1146 439 hominibus
1167 394 1428 454 aliudjube-

46 473 117 512 tur
137 463 360 519 divinitus,
377 463 446 508 vel
468 464 522 507 ad
545 465 881 509 confundendos
904 466 1056 520 malos,
1082 481 1180 510 cum
1205 481 1277 510 eos
1299 482 1429 524 opor-

47 543 108 580 tet
119 534 329 579 confundi
345 555 356 591 3
380 536 490 579 sicut
506 536 561 579 de
580 538 727 580 Scevae
740 536 836 580 filiis
858 537 902 580 in
918 537 1098 581 Actibus
1116 536 1427 595 Apostolorum

45 603 240 663 legimus,
263 604 421 663 quibus
444 605 502 648 ait
532 605 784 649 immundus
807 606 982 664 spiritus
1005 626 1014 651 ι
1044 626 1062 648 «
1087 609 1234 651 Jesum
1259 607 1361 662 scio,
1388 615 1432 650 et

48 693 68 722 ν
92 674 276 719 Paulum
293 676 410 729 novi,
433 691 508 720 vos
530 685 676 720 autern
693 677 769 736 qui
787 677 886 721 estis
911 680 923 703 ¹
948 680 965 721 P
992 696 1010 719 »
1037 677 1105 722 vel
1123 679 1178 722 ad
1190 677 1431 722 admonen-

46 745 122 790 dos
134 746 292 800 bonos,
319 754 367 789 ut
386 746 613 804 proficiant
634 747 680 790 in
703 747 788 791 fide
805 783 816 803 ‚
843 758 974 808 atque
996 750 1075 793 ista
1096 751 1427 809 nonjactanter,

44 813 116 859 sed
131 814 342 859 inutiliter
357 817 540 875 possint:
557 816 687 861 velad
702 817 985 862 discernenda
999 819 1113 863 dona
1132 821 1431 863 membrorum

43 883 244 930 Ecclesiae
265 888 401 944 3sicut
419 887 651 946 Apostolus
667 888 727 933 ait
754 909 763 934 ι
797 909 812 929 κ
840 909 860 931 «
881 891 1103 950 Numquid
1125 906 1275 935 omnes
1299 891 1431 935 virtu-

47 973 66 997 »
102 964 163 1000 tes
196 956 453 1016 Pnumquid
488 973 638 1002 omnes
672 959 837 1003 habent
865 959 979 1004 dona
1013 961 1291 1005 curationum
1318 964 1336 987 ²
1363 963 1381 1005 P
1407 979 1427 1002 »

44 1029 222 1085 Propter
239 1028 316 1072 has
338 1028 470 1086 igitur
492 1045 640 1073 causas
661 1029 940 1090 plerumque,
959 1041 1008 1074 ut
1030 1032 1195 1076 dictum
1220 1041 1305 1087 est,
1332 1048 1431 1076 nes-

42 1097 251 1141 cientibus
268 1098 710 1159 hominibusjubetur
728 1099 959 1153 divinitus,
977 1100 1022 1144 id
1039 1111 1118 1155 est,
1145 1111 1194 1145 ut
1214 1102 1280 1145 his
1302 1102 1433 1160 signis

41 1166 244 1212 adhibitis
273 1168 521 1226 hujusmodi
559 1179 793 1228 potestates
829 1170 1045 1216 voluntati
1073 1172 1302 1217 hominum
1341 1188 1432 1216 non

41 1236 359 1296 obtemperent.
963 1288 968 1293 ,

99 1312 159 1351 5⁰.
187 1310 243 1352 Ut
266 1318 413 1352 autem
449 1308 550 1352 mali
583 1310 708 1354 bonis
742 1325 856 1369 saepe
887 1311 1184 1369 temporaliter
1214 1320 1426 1366 noceant,

41 1386 296 1437 potestatem
320 1380 363 1422 in
393 1392 464 1423 eos
487 1379 707 1438 accipiunt
730 1415 740 1435 ,
768 1380 821 1424 ad
839 1382 1045 1440 majorem
1070 1382 1285 1425 bonorum
1306 1381 1430 1424 utili·-

42 1456 173 1492 tatem
196 1483 208 1503 ,
237 1458 416 1508 propter
454 1450 809 1494 exercitationem
831 1451 1064 1509 patientiae.
1089 1455 1243 1512 Itaque
1286 1452 1430 1496 anima

41 1518 269 1563 christiana
301 1535 470 1578 semper
504 1520 702 1577 invigilet
729 1521 774 1564 in
799 1521 1154 1566 tribulationibus
1186 1523 1271 1566 suis
1306 1523 1429 1582 sequi

41 1589 307 1635 voluntatem
345 1591 518 1635 Domini
550 1592 653 1647 sui,
688 1609 743 1636 ne
775 1593 1037 1637 ordinationi
1075 1594 1148 1637 Dei
1187 1593 1426 1638 resistendo

41 1661 233 1721 acquirat
254 1661 334 1705 sibi
363 1662 532 1719 gravius
549 1661 779 1721 judicium.
808 1663 937 1715 Quod
964 1664 1079 1706 enim
1102 1665 1191 1722 ipse
1217 1664 1427 1707 Dominus

40 1746 165 1790 agens
199 1732 421 1776 hominem
452 1733 608 1777 Pontio
640 1733 778 1777 Pilato
807 1734 934 1788 dixit,
959 1735 1043 1778 hoc
1071 1743 1114 1777 et
1136 1735 1221 1778 Job
1249 1734 1426 1778 diabolo

40 1812 183 1862 posset
203 1802 345 1847 dicere
371 1819 380 1844 :
411 1822 430 1845 «
449 1806 547 1848 Non
566 1803 745 1848 haberes
762 1805 806 1847 in
828 1820 897 1848 me
920 1814 1202 1864 potestatem,
1226 1805 1308 1849 nisi
1324 1805 1426 1849 data

43 1891 63 1914 »
89 1883 196 1917 esset
225 1873 303 1918 tibi
325 1873 510 1933 desuper
530 1875 561 1918 ³.
581 1893 598 1915 n
625 1877 721 1919 Non
744 1889 844 1933 ergo
863 1876 953 1935 ejus
968 1876 1169 1920 voluntas
1191 1876 1314 1934 cujus
1331 1892 1426 1920 ma-

39 1942 143 1988 litiae
159 1953 345 2003 potestas
362 1945 404 1988 in
430 1945 569 1989 bonos
585 1945 714 1989 datur
729 1980 740 2000 ‚
761 1946 835 1989 sed
851 1947 941 2006 ejus
963 1946 1165 1991 voluntas
1180 1963 1204 1990 a
1219 1963 1307 2006 quo
1330 1948 1424 1990 haec

40 2022 223 2073 potestas
253 2013 406 2069 datur,
437 2014 570 2059 debet
600 2015 724 2059 nobis
746 2031 835 2060 esse
857 2017 1119 2062 charissima.
1157 2037 1176 2059 ι(
1205 2018 1424 2071 Quoniam

44 2102 64 2127 »
87 2084 309 2131 tribulatio
334 2086 585 2145 patientiam
614 2096 842 2146 operatur,
868 2088 1074 2148 patientia
1099 2089 1420 2148 probationem,

45 2174 65 2197 »
88 2156 286 2216 probatio
316 2172 418 2201 vero
443 2172 564 2216 spem
586 2192 597 2212 ‚
625 2173 720 2218 spes
741 2168 886 2204 autem
915 2176 1005 2205 non
1027 2159 1261 2206 confundit
1286 2182 1297 2218 3
1321 2161 1423 2220 quia

46 2244 65 2268 »
89 2228 272 2272 charitas
294 2228 369 2272 Dei
391 2228 550 2273 diffusa
566 2229 694 2273 estin
710 2230 916 2275 cordibus
936 2232 1092 2276 nostris
1110 2247 1186 2291 per
1211 2231 1421 2290 Spiritum

47 2315 66 2340 »
88 2308 302 2355 sanctum,
321 2300 396 2359 qui
416 2300 544 2344 datus
565 2309 627 2345 est
644 2301 770 2345 nobis
791 2302 824 2346 ⁴.
853 2320 874 2344 »

99 2372 296 2424 Qcazs'mo
305 2373 611 2418 Lxxx.-10.
624 2374 736 2419 Cum
754 2373 932 2434 quidam
947 2374 1153 2430 haeretici,
1170 2373 1246 2434 qui
1255 2371 1425 2433 Apolli-

87 2472 101 2493 ¹
117 2473 189 2505 Act.
208 2483 281 2516 xit,
304 2472 342 2516 14
362 2456 396 2508 et
417 2474 545 2508 15.--²
568 2486 581 2508 ι
600 2477 673 2509 Gor.
696 2486 754 2516 ιιι,
775 2476 824 2509 30.
843 2474 911 2499 ...3
930 2478 1021 2509 Joan.
1043 2486 1110 2517 xix,
1135 2473 1260 2508 11.-4
1281 2478 1372 2508 Rom.
1392 2486 1427 2513 V,

47 2524 66 2558 3
84 2530 117 2560 et
135 2537 222 2572 seqq.

1206 2586 1228 2609 o
