1790 3187
179 237 233 265 nn
264 236 453 264 mvEnsis
485 235 642 272 QUAEST.
680 233 734 262 An
765 234 1024 263 SIMPLICIAN.
1061 235 1143 261 Lm.
1180 233 1228 258 11.
1328 218 1408 258 197

27 304 133 351 toria
150 303 280 348 animi
303 303 545 347 intentione
564 300 780 357 rimanda,
802 302 922 362 qnod
940 316 1040 346 eum
1062 298 1164 346 Saiil
1183 313 1411 358 perseque-

27 384 144 422 retur
167 372 302 418 David
321 374 618 428 innocentem,
645 373 977 432 plenusinvidia
1000 382 1043 416 et
1058 371 1192 416 livore
1210 385 1410 425 vesanuS‚

14 427 49 488 i«
75 448 233 490 Factus
255 453 318 488 est
338 459 465 503 super
487 459 584 488 eum
605 444 788 504 Spiritus
805 444 905 498 Dei,
932 452 974 487 et
997 440 1250 486 ambulabat
1273 441 1415 499 ingre-

29 534 50 558 »
74 516 215 570 diens,
241 524 283 559 et
306 515 632 575 prophetabat1.
663 533 681 555 η
706 517 803 559 Νοη
828 515 941 558 enim
965 522 1108 574 potest
1130 511 1199 556 hic
1219 511 1301 555 nisi
1321 510 1411 570 spi-

26 588 131 632 ritus
161 587 301 631 bonus
323 585 529 646 intelligi,
560 602 633 647 per
657 602 789 647 quem
817 587 953 631 sancti
988 586 1219 645 Prophetae
1239 581 1414 627 futura-

26 674 119 703 rum
144 674 286 702 rerum
310 658 517 716 imagines
540 667 582 702 et
602 658 689 701 visa
704 657 965 715 cernebant,
989 672 1079 701 non
1097 672 1146 700 ex
1169 671 1220 700 eo
1241 664 1413 699 tantum

26 730 124 791 quia
148 728 314 774 dictum
332 739 395 773 est
420 749 427 774 :
458 748 477 771 «
504 732 558 773 Et
581 728 872 788 prophetabat
894 748 901 773 :
928 747 947 769 »
973 743 1073 772 nam
1097 728 1141 771 in
1164 725 1414 786 exemplari-

26 801 104 845 bus
128 811 227 861 quae
249 810 350 845 sunt
375 816 425 845 ex
450 801 637 845 Hebraeo
655 837 665 855 ,
693 802 775 844 hoc
797 815 974 860 quoque
1003 799 1225 843 invenitur
1247 798 1303 842 de
1325 797 1414 856 spi-

25 871 108 915 ritu,
130 871 245 916 malo
268 871 434 916 dietum
457 873 514 915 ita
539 890 546 915 :
578 890 596 912 «
622 875 722 915 Post
743 870 860 914 diem
884 879 1030 914 autem
1052 869 1238 913 alterum
1258 866 1416 913 invasit

27 961 46 984 »
71 943 244 1002 spiritus
267 943 342 985 Dei
369 941 509 986 malus
535 941 662 996 Saiil,
697 950 740 986 et
766 940 1057 1001 prophetabat
1085 940 1131 984 in
1157 938 1303 983 medio
1332 938 1415 983 do-

26 1030 46 1055 »
72 1027 166 1056 mus
198 1016 330 1056 5t1ae2.
361 1030 380 1051 u
409 1014 464 1056 Et
498 1013 541 1056 in
565 1011 658 1055 aliis
680 1012 925 1056 divinarum
955 1010 1278 1070 Scripturarum
1310 1009 1416 1054 locis

24 1099 133 1144 saepe
154 1084 397 1138 invenitur,
421 1084 541 1144 quod
564 1084 792 1143 prophetia
811 1099 900 1128 non
924 1091 1096 1127 tantum
1120 1082 1258 1137 bona,
1280 1081 1356 1126 sed
1374 1090 1417 1125 et

24 1153 133 1199 mala
163 1153 333 1199 dicatur
354 1172 364 1199 :
389 1164 431 1199 et
462 1156 687 1215 prophetae
718 1153 823 1199 dicti
846 1163 948 1198 sunt
970 1153 1135 1198 Baalim
1156 1189 1166 1209 ,
1190 1163 1233 1198 et
1255 1168 1416 1213 expro-

26 1225 194 1269 bratum
220 1235 282 1269 est
315 1225 576 1285 quibusdam
602 1226 704 1286 quia
728 1225 1052 1285 prophetabant
1079 1226 1122 1283 in
1146 1224 1290 1268 Baalss.
1318 1227 1416 1270 Non

25 1311 123 1356 ergo
146 1311 318 1341 necesse
349 1306 411 1341 est
440 1296 623 1355 intelligi
647 1306 875 1356 propterea
900 1298 1066 1340 bonum
1090 1296 1312 1355 spiritum,
1339 1295 1416 1355 qui

25 1368 159 1414 factus
178 1380 240 1413 est
263 1385 392 1429 super
420 1370 520 1415 Saiil
549 1379 719 1428 postea,
745 1370 845 1428 quia
869 1368 1034 1412 dictum
1060 1377 1123 1411 est
1154 1387 1162 1411 :
1193 1385 1213 1408 <‹
1238 1369 1295 1411 Et
1320 1381 1415 1410 am-

28 1461 47 1484 »
75 1442 250 1486 bulabat
268 1442 514 1500 ingrediens
533 1477 543 1496 ,
565 1451 607 1485 et
627 1441 918 1500 prophetabat
939 1460 946 1484 :
973 1459 992 1481 »
1013 1439 1088 1483 sed
1106 1439 1208 1499 (aquia
1231 1439 1323 1482 sine
1343 1438 1414 1483 ad·

23 1513 260 1558 ditamento
284 1515 471 1572 positum
495 1523 558 1557 est
578 1549 588 1568 ,
622 1532 641 1555 «
668 1517 723 1556 Et
748 1512 889 1556 factus
918 1512 1047 1556 etiam
1071 1520 1133 1555 est
1157 1526 1288 1570 super
1310 1526 1411 1555 eum

28 1603 46 1625 »
73 1585 252 1644 Spiritus
271 1587 362 1628 Dei.
392 1604 410 1624 »
436 1588 530 1630 Non
556 1585 671 1628 enim
697 1583 808 1628 sicut
836 1584 881 1626 in
903 1582 977 1626 illo
1000 1582 1096 1626 loco
1125 1582 1294 1625 dictum
1323 1590 1416 1625 erat

23 1670 146 1715 supra
169 1676 176 1701 :
208 1675 226 1697 α
250 1656 433 1714 Spiritus
458 1657 534 1699 Dei
557 1655 718 1713 malus3
749 1674 767 1695 »
795 1664 844 1698 ut
868 1670 916 1697 ex
942 1654 1025 1697 hoe
1047 1662 1191 1712 posset
1220 1653 1349 1696 etiam
1368 1654 1413 1695 in

46 1728 386 1787 onsequentibus
409 1727 632 1771 subaudiri
657 1746 663 1771 :
691 1727 798 1786 quin
822 1727 909 1770 imo
928 1726 1148 1784 superiora
1169 1725 1303 1782 magis
1321 1739 1415 1768 ma-

49 1799 170 1859 isque
189 1808 447 1843 attestantur
465 1798 587 1841 illum
607 1798 804 1857 spiritum
828 1798 901 1841 Dei
924 1798 1086 1842 bonum
1105 1795 1235 1841 fuisse
1258 1806 1300 1840 et
1314 1811 1415 1841 vere

53 1870 339 1929 rophetieum.
380 1868 513 1913 David
551 1869 665 1912 enim
705 1878 795 1912 erat
827 1883 926 1912 cum
960 1867 1182 1921 Samuele,
1224 1877 1268 1912 et
1301 1867 1415 1910 misit

25 1941 123 1985 Saiil
157 1941 332 1984 nuntios
368 1940 443 2000 qni
485 1939 864 1998 apprehenderent
901 1938 1079 1982 Davicv.
1113 1938 1301 1992 Quando
1334 1955 1415 1982 au-

25 2019 106 2055 tem
133 2010 306 2056 Samuel
329 2019 418 2054 erat
440 2011 553 2053 inter
571 2012 805 2068 prophetas
828 2022 869 2053 et
892 2019 1058 2054 coetum
1074 2010 1411 2069 prophetarum,

53 2082 94 2126 ui
116 2082 191 2127 illo
213 2091 409 2140 tempore
431 2082 781 2141 prophetabant,
810 2082 951 2125 nuntii
976 2082 1052 2141 qui
1078 2082 1188 2125 missi
1213 2090 1316 2126 sunt
1338 2097 1414 2126 ac·

25 2162 145 2212 cepto
173 2153 326 2196 eodem
351 2154 502 2212 spiritu
535 2154 929 2212 prophetaverunt,
956 2152 1181 2212 missisque
1208 2152 1300 2196 aliis
1328 2153 1413 2197 hoc

25 2225 228 2284 contigit,
254 2235 295 2268 et
318 2226 453 2269 tertiis
490 2224 773 2269 nihilominus
800 2244 808 2269 ε
833 2234 981 2284 postea
1004 2241 1102 2269 eum
1129 2234 1169 2267 et
1194 2225 1284 2283 ipse
1310 2223 1411 2269 Saiil

25 2296 228 2349 venisset,
271 2316 289 2337 «
316 2299 474 2340 Faetus
493 2306 555 2340 est
579 2297 707 2340 etiam
739 2312 868 2355 super
897 2311 997 2339 enm
1025 2295 1208 2355 Spiritus
1236 2295 1336 2351 Dei,
1370 2304 1414 2340 et

28 2384 46 2407 »
74 2367 324 2411 ambulabat
341 2367 608 2425 ingrediens,
635 2376 677 2411 et
698 2367 1005 2427 prophetabat.
1037 2385 1056 2407 »
1082 2368 1195 2411 Cum
1219 2367 1335 2410 enim
1353 2365 1413 2410 di-

49 2437 132 2481 itur
152 2457 160 2482 2
187 2456 205 2479 «
234 2441 388 2483 Factus
406 2448 470 2483 est
493 2439 620 2483 etiam
644 2454 774 2498 super
791 2439 905 2498 ipsos
929 2437 1113 2496 Spiritus
1132 2437 1230 2493 Dei,
1257 2446 1299 2481 et
1318 2452 1429 2497 prof

73 2557 79 2572 ¹
104 2563 115 2583 1
146 2553 226 2594 Reg.
247 2563 314 2593 xix,
335 2553 389 2585 23.
406 2571 448 2576 -
464 2560 476 2575 2
501 2553 546 2585 Id.
568 2563 654 2594 xviii,
680 2564 728 2585 ιο,
748 2571 788 2576 —
807 2552 818 2575 3
841 2554 858 2585 3
878 2556 954 2595 Reg.
977 2564 1068 2593 xvm,
1095 2553 1144 2594 16,
1170 2561 1224 2591 22,
1243 2552 1285 2584 25
1305 2556 1338 2584 et
1355 2550 1408 2593 4ο.

32 2623 66 2630 -
81 2605 97 2635 l·
117 2618 127 2638 1
152 2609 228 2649 Reg.
251 2619 316 2650 xix,
336 2617 387 2640 20.

23 2725 27 2870 Ι

25 2893 27 2939 2
