1790 3187
267 233 350 273 502
729 247 762 272 .s
795 244 1026 272 AUGUS'HNI
1058 245 1240 272 Emscom

267 311 426 355 multas
447 310 696 370 iniquitates
719 324 891 367 gemens
913 329 923 366 3
948 318 991 354 et
1014 319 1117 354 tunc
1133 318 1234 354 sunt
1256 309 1462 352 timendae
1483 307 1650 352 insidiae

264 382 486 426 fallacium
519 383 799 426 seductorum
819 416 830 437 ‚
857 396 963 440 quas
994 382 1169 426 nomine
1191 381 1442 439 sagittarum
1466 379 1649 438 intelligi

266 453 421 497 voluit.
452 452 577 496 Unde
603 451 686 496 alio
708 451 805 496 loco
836 461 1012 511 propter
1038 453 1213 496 nuntios
1244 451 1513 495 fidelissimos
1534 451 1648 495 veri-

263 524 364 568 tatis
379 559 390 578 ‚
416 538 526 582 quos
548 522 713 582 ubique
734 524 845 582 parit
873 523 1063 568 Ecclesia
1079 558 1090 578 ‚
1115 521 1274 568 dicitur
1298 541 1307 567 z
1338 540 1358 564 «
1378 525 1503 566 Luna
1531 522 1650 566 testis

264 613 285 637 >›
311 595 356 638 in
382 595 496 639 coelo
525 594 709 639 fideli52.
738 612 758 636 >›
785 597 962 639 Etcum
985 595 1040 639 de
1068 609 1203 653 regno
1230 593 1403 638 Domini
1425 591 1649 637 Psalmista

260 674 482 722 cantaret3
521 683 541 707 α
571 664 774 720 Orietur‚
802 665 974 726 inquit,
1015 666 1061 709 in
1094 664 1247 708 diebus
1283 664 1374 723 ejus
1402 662 1568 723 justitia
1605 671 1648 706 et

269 755 287 778 »
312 735 579 779 abundantia
610 735 723 794 pacis
738 771 749 791 ,
778 734 918 781 donec
947 735 1231 780 interficiatur
1252 733 1385 778 luna2
1406 752 1415 778 :
1443 751 1464 775 »
1487 732 1534 777 id
1555 742 1645 789 est,

262 805 532 850 abundantia
549 807 665 865 pacis
686 807 731 850 in
752 816 924 851 tantum
945 815 1129 861 crescet,
1154 805 1293 850 donec
1314 819 1488 849 omnem
1504 812 1650 848 muta-

259 877 474 921 bilitatem
506 876 778 921 mortalitatis
807 878 1022 922 absumat.
1057 879 1180 920 Tunc
1213 875 1447 919 novissima
1473 874 1648 919 inimica

260 947 507 992 destruetur
526 963 642 992 mors
658 983 669 1003 ‚
695 957 737 992 et
759 947 977 1008 quidquid
999 947 1124 991 nobis
1147 947 1305 991 resistit
1327 962 1377 990 ex
1398 945 1649 990 infirmitate

260 1019 423 1073 carnis,
443 1019 562 1062 unde
584 1019 710 1063 nobis
730 1017 922 1077 perfecta
943 1034 1024 1078 pax
1042 1018 1238 1066 nondum
1255 1026 1340 1072 cst,
1366 1027 1648 1061 consumetur

260 1090 440 1133 omnino
458 1124 468 1144 ‚
490 1105 591 1134 cum
615 1090 896 1148 corruptibile
917 1091 1001 1133 hoc
1024 1090 1215 1132 induerit
1243 1088 1616 1148 incorruptionem
1633 1123 1645 1144 ‚

262 1169 306 1204 et
336 1160 519 1204 mortale
543 1161 626 1206 hoc
654 1162 846 1206 induerit
881 1160 1267 1205 immortalitatem.
1309 1160 1429 1204 Unde
1458 1169 1500 1204 et
1534 1159 1649 1204 illius

262 1232 445 1276 civitatis
478 1233 618 1288 muri,
654 1249 752 1293 quae
773 1233 945 1277 Jericho
964 1231 1234 1292 appellatur,
1271 1247 1369 1292 quae
1398 1231 1443 1275 in
1471 1232 1648 1276 hebraeo

259 1303 434 1363 eloquio
454 1303 559 1347 luna
575 1305 847 1364 interpretari
866 1304 1040 1358 dicitur,
1062 1304 1247 1363 septimo
1264 1303 1448 1347 circuitu
1466 1302 1647 1347 circum-

258 1383 353 1419 acta
385 1375 648 1419 Testamenti
671 1390 768 1419 arca
796 1384 1070 1419 corruerunt.
1104 1374 1220 1427 Quid
1249 1375 1363 1418 enim
1388 1389 1505 1418 nunc
1528 1373 1647 1417 aliud

258 1445 347 1503 agit
371 1446 646 1489 annuntiatio
679 1446 801 1505 regni
823 1445 1060 1501 coelorum,
1087 1460 1217 1505 quam
1236 1445 1515 1489 circumactio
1536 1459 1648 1489 arcae

258 1515 544 1573 significavit,
569 1516 648 1559 nisi
676 1525 724 1560 ut
742 1517 887 1560 omnia
919 1516 1190 1560 munimenta
1215 1516 1408 1559 mortalis
1441 1515 1567 1570 vitae,
1602 1514 1647 1559 id

257 1595 347 1641 est,
391 1587 532 1631 omnis
569 1602 664 1646 spes
697 1588 826 1647 hujus
856 1587 1030 1642 saeculi,
1064 1603 1163 1648 quae
1195 1587 1351 1631 resistit
1383 1587 1473 1646 spei
1506 1586 1645 1630 futuri

255 1657 434 1712 saeculi,
470 1658 513 1701 in
552 1657 670 1702 dono
698 1660 939 1717 septenario
971 1659 1153 1718 Spiritus
1187 1659 1323 1702 sancti
1354 1673 1431 1717 per
1456 1657 1645 1701 liberum

255 1728 484 1773 arbitrium
516 1728 796 1773 destruatur?
832 1731 901 1774 Ob
922 1731 1006 1774 hoc
1040 1731 1154 1774 enim
1186 1730 1485 1774 circumeunte
1517 1743 1641 1784 arca,

255 1816 346 1845 non
380 1799 571 1860 impulsu
605 1801 797 1846 violento
831 1801 892 1845 illi
914 1803 1025 1846 muri
1060 1800 1338 1856 cediderunt,
1377 1800 1451 1844 sed
1473 1809 1640 1859 sponte.

254 1874 365 1917 Sunt
383 1881 425 1916 et
447 1871 527 1916 alia
547 1873 790 1917 testimonia
808 1874 1125 1933 Scripturarum
1143 1908 1153 1927 ,
1180 1889 1278 1933 quae
1295 1872 1422 1916 nobis
1438 1871 1646 1930 ingerunt

248 1956 324 2001 per
366 1944 824 1987 commemorationem
857 1943 975 1987 lunae
1014 1943 1219 1988 Ecclesiae
1254 1943 1639 2002 significationem,

249 2028 349 2071 quae
380 2012 426 2055 in
456 2013 535 2056 ista
569 2013 832 2058 mortalitate
868 2014 922 2057 ab
963 2014 1036 2058 illa
1064 2013 1332 2067 Jerusalem,
1367 2014 1490 2073 cujus
1529 2013 1641 2057 cives

250 2083 385 2126 sancti
416 2083 571 2141 Angeli
614 2092 742 2139 sunt,
782 2085 827 2128 in
865 2085 1070 2128 aerumnis
1108 2094 1152 2128 et
1192 2083 1415 2128 laboribus
1447 2083 1642 2143 peregri-

249 2162 395 2197 natur.

306 2225 386 2267 XI.
423 2226 519 2269 Non
551 2224 650 2268 ideo
672 2233 819 2269 tamen
841 2233 996 2284 putare
1019 2223 1181 2268 debent
1203 2224 1353 2280 stulti,
1378 2225 1454 2284 qui
1481 2223 1640 2269 nolunt

248 2293 293 2336 in
313 2293 466 2337 melius
488 2296 750 2339 commutari
768 2330 778 2350 ‚
810 2294 1029 2339 adoranda
1051 2310 1140 2338 esse
1160 2293 1232 2338 illa
1252 2294 1483 2340 luminaria
1499 2329 1510 2350 ‚
1535 2295 1637 2355 quia

248 2364 423 2409 ducitur
441 2381 491 2409 ex
503 2366 560 2409 cis
572 2367 808 2426 aliquando
821 2366 1058 2411 similitudo
1077 2366 1130 2410 ad
1145 2366 1290 2410 divina
1309 2366 1510 2423 mysteria
1523 2367 1638 2424 figu-

243 2435 379 2479 randa
404 2454 413 2480 :
447 2452 497 2479 ex
527 2437 645 2481 omni
677 2438 792 2481 enim
815 2447 1011 2481 creatura
1035 2435 1226 2481 ducitur.
1254 2439 1343 2481 Nec
1370 2437 1467 2481 ideo
1500 2438 1635 2481 debe-

243 2520 340 2549 mus
361 2506 406 2549 in
433 2508 694 2551 sententiam
717 2508 1007 2552 damnationis
1025 2507 1217 2564 irruere,
1241 2523 1339 2567 quae
1362 2523 1436 2552 ore
1460 2516 1635 2567 aposto-

289 2595 294 2610 ·
316 2589 396 2620 Psat.
418 2600 571 2627 mxxviii,
598 2591 652 2623 38.
667 2597 739 2614 -2
760 2592 806 2623 Id.
830 2602 914 2632 mxxi,
935 2602 966 2633 7.
982 2609 1024 2614 --
1041 2589 1183 2634 Hosne,
1203 2603 1246 2631 νι,
1270 2592 1319 2623 15.
