1790 3187
314 186 398 226 434
749 194 781 222 s.
819 192 1048 222 meusium
1081 192 1260 220 nmscom

265 271 268 274 ’
304 260 515 309 videbant
543 268 663 305 tanta
683 258 926 304 temeritate
954 266 1158 312 caecatos,
1178 265 1228 301 ut
1248 256 1295 299 in
1314 254 1512 299 absentes
1533 262 1577 297 et
1601 268 1692 298 non
1754 252 1755 266 ³
1786 266 1790 307 j

303 333 590 390 interrogatos
618 328 828 387 collegas,
865 337 954 372 ‘tam
987 327 1229 387 praecipites
1257 325 1468 369 auderent
1498 322 1693 382 proferre

302 403 548 449 sententias.
570 404 627 446 Et
649 409 793 445 tamen
815 399 953 460 qualis
976 400 1106 459 ipsius
1128 397 1242 442 beati
1264 394 1520 445 Melchiadis
1538 394 1694 439 ultima
1754 412 1756 414 ’

303 483 366 519 est
399 473 567 534 prolata
608 471 851 527 sententia,
885 487 1018 531 quam
1050 471 1282 524 innocens,
1322 482 1453 528 quam
1495 467 1691 526 integra,
1753 455 1757 471 ’

303 560 435 605 quam
473 542 654 604 provida
691 551 822 602 atque
858 543 1065 600 pacifica,
1104 557 1191 601 qua
1228 555 1373 600 neque
1404 537 1619 597 collegas,
1651 537 1697 580 in

303 615 462 675 quibus
482 612 590 657 nihil
613 613 885 667 constiterat,
910 611 965 656 de
987 610 1172 670 collegio
1198 625 1278 656 suo
1306 624 1435 654 ausus
1457 617 1521 653 est
1550 621 1697 652 remo-

301 700 402 729 vere
423 719 433 739 ,
464 693 506 728 et
525 687 695 727 Donato
718 682 809 727 solo
831 717 841 737 ,
873 698 1004 743 quem
1028 682 1161 726 totius
1184 680 1288 725 mali
1309 679 1553 740 principem
1574 678 1697 723 inve-

306 763 457 808 nerat,
490 754 677 798 maxime
710 753 887 812 culpato
921 752 1114 797 sanitatis
1136 750 1445 811 recuperandae
1473 749 1696 808 optionem

303 824 489 869 liberam
521 825 687 869 cacteris
719 823 850 878 fecit,
885 833 1060 884 paratus
1094 821 1500 868 communicatorias
1534 820 1698 866 litteras

309 897 480 939 mittere
502 895 632 938 etiam
653 895 702 938 iis
719 928 730 949 ,
756 909 865 954 quos
887 909 910 938 a
932 894 1145 953 Majorino
1167 893 1389 938 ordinatos
1411 907 1502 936 esse
1523 899 1691 936 consta-

306 975 372 1010 ret
398 984 407 1009 ε
431 965 492 1010 ita
513 973 563 1009 ut
585 965 936 1025 quibuscumque
952 965 1059 1009 locis
1080 963 1171 1008 duo
1190 973 1331 1009 essent
1352 963 1566 1022 episcopi,
1590 976 1700 1022 quos
1756 1010 1759 1012 ,
1785 972 1790 1014 ζ

306 1034 514 1079 dissensio
545 1035 822 1092 geminasset,
853 1050 954 1078 eum
977 1036 1224 1080 confirmari
1252 1033 1406 1089 vellet,
1441 1033 1517 1093 qui
1549 1030 1701 1076 fuisset

308 1103 532 1149 ordinatus
562 1105 709 1162 prior,
735 1104 859 1148 alteri
893 1114 1037 1149 autem
1068 1120 1219 1149 eorum
1243 1104 1367 1163 plebs
1398 1103 1479 1147 alia
1512 1101 1700 1160 regenda
1755 1118 1759 1162 ᾗ

307 1174 624 1233 provideretur.
650 1175 688 1217 Ο
710 1175 851 1218 virum
876 1175 1113 1233 optimum,
1139 1190 1166 1220 o
1187 1174 1327 1218 filium
1349 1173 1607 1219 Christianae
1627 1186 1701 1230 pa-

309 1245 368 1289 cis
387 1279 399 1299 ,
426 1253 470 1288 et
496 1253 665 1303 patrem
697 1244 957 1289 Christianae
990 1244 1151 1304 plebis!
1184 1242 1394 1290 Conferte
1423 1259 1541 1288 nunc
1575 1243 1701 1287 istam

311 1315 574 1374 paucitatem
612 1330 714 1359 cum
756 1314 829 1359 illa
861 1314 1148 1360 multitudine
1185 1316 1512 1374 episcoporum,
1558 1325 1702 1372 neque

314 1401 550 1430 numerum
593 1401 778 1432 numero
800 1420 810 1440 ,
857 1386 932 1430 sed
966 1384 1138 1445 pondus
1174 1384 1358 1444 ponderi
1402 1391 1650 1443 comparate
1689 1400 1698 1426 z

313 1457 416 1500 hinc
444 1457 727 1511 modestiam,
772 1456 875 1500 inde
905 1457 1191 1501 temeritatem
1225 1476 1232 1501 :
1263 1457 1367 1501 hinc
1403 1455 1698 1515 vigilantiam,

312 1527 415 1571 inde
451 1528 706 1572 caecitatem.
741 1528 822 1571 Hic
853 1543 933 1572 nec
962 1527 1252 1572 mansuetudo
1281 1528 1574 1586 integritatem
1602 1540 1701 1570 cor·
1760 1563 1762 1585 ζ

313 1598 432 1656 rupit
449 1632 460 1652 ,
480 1613 561 1642 nec
578 1597 801 1656 integritas
819 1597 1144 1642 mansuetudini
1166 1598 1425 1657 repugnavit
1445 1612 1453 1638 :
1474 1597 1536 1641 ibi
1559 1605 1704 1641 autem

315 1677 358 1712 et
379 1668 526 1712 furore
555 1668 685 1712 timor
713 1669 956 1726 tegebatur,
988 1671 1144 1713 timore
1166 1669 1289 1713 furor
1315 1669 1591 1713 incitabatur.
1629 1665 1704 1710 Isti

317 1738 434 1783 enim
467 1747 762 1783 convenerant
801 1740 1050 1798 cognitione
1087 1754 1289 1784 verorum
1324 1739 1557 1783 criminum
1598 1736 1702 1781 falsa
1760 1753 1761 1757 ¹

317 1824 518 1867 respuere
536 1844 546 1863 ,
567 1807 631 1852 illi
647 1808 853 1853 falsorum
870 1809 1149 1853 damnatione
1170 1824 1269 1853 vera
1291 1808 1445 1853 celare.

378 1881 519 1923 XVII.
557 1878 728 1923 Illis-ne
749 1894 793 1923 se
818 1880 994 1923 tandem
1020 1879 1277 1924 Caecilianus
1299 1878 1566 1924 audiendum
1583 1876 1704 1936 judi·
1759 1869 1761 1871 ¹

319 1948 599 2008 candumque
619 1949 934 2004 committeret,
958 1965 1057 1994 cum
1087 1950 1267 1994 haberet
1297 1949 1425 2003 tales,
1457 1947 1574 2007 apud
1595 1961 1706 2007 quos

321 2019 354 2063 si
375 2019 413 2062 ei
430 2035 558 2063 causa
574 2028 821 2063 moveretur
842 2054 852 2074 ,
882 2020 1174 2064 innocentiam
1195 2034 1314 2063 suam
1336 2018 1539 2062 facillime
1560 2026 1706 2062 osten-

321 2088 475 2133 deret?
493 2104 581 2133 non
603 2104 648 2132 se
668 2088 751 2132 illis
772 2089 950 2132 omnino
967 2090 1279 2143 committeret,
1300 2104 1379 2133 nec
1398 2089 1432 2132 si
1451 2088 1704 2148 peregrinus
1761 2107 1763 2109 ¹

321 2159 508 2202 ecclesiae
535 2159 881 2216 Carthaginensis
909 2159 1053 2203 subito
1075 2159 1299 2218 episcopus
1322 2168 1431 2203 esset
1452 2158 1701 2212 ordinatus,
1760 2214 1763 2216 .

322 2237 366 2273 et
387 2229 606 2287 ignoraret
627 2227 735 2288 quid
756 2228 812 2273 ad
832 2230 1171 2288 corrumpendos
1202 2230 1368 2274 animos
1390 2229 1457 2273 vel
1482 2230 1706 2289 improbo-

322 2315 418 2344 rum
440 2299 510 2345 vel
542 2300 837 2359 imperitorum
862 2310 1005 2360 posset
1034 2311 1138 2346 tunc
1166 2301 1515 2360 pecuniosissima
1549 2300 1705 2344 mulier
1789 2347 1790 2352 ¹

321 2370 525 2429 quaedam
558 2369 749 2425 Lucilla,
778 2386 910 2431 quarn
939 2386 1018 2431 pro
1044 2371 1269 2430 disciplina
1301 2371 1587 2416 ecclesiastica
1608 2385 1705 2415 cor·
1763 2402 1766 2404 v
1789 2413 1790 2427 ¹

319 2441 518 2500 ripiendo
545 2440 661 2485 idem
695 2457 795 2486 cum
828 2451 937 2486 esset
970 2442 1176 2488 diaconus
1209 2443 1378 2487 laeserat
1410 2461 1419 2488 ε
1459 2442 1590 2487 etiam
1617 2442 1701 2486 hoc
1762 2481 1790 2496 ,

313 2513 430 2557 enim
445 2521 678 2558 accesserat
696 2513 859 2560 malum
876 2512 932 2559 ad
947 2513 1067 2559 illam
1081 2512 1388 2574 perficiendam
1404 2513 1698 2574 iniquitatem.
1762 2530 1765 2579 3
1785 2533 1790 2552 :
