1790 3187
358 212 440 248 212
793 219 823 244 s.
862 219 1089 244 AUGth'rtm
1125 219 1304 244 Emscom

356 285 521 329 sactum
559 283 748 341 maligno
784 282 1052 339 Pythonissae
1085 281 1198 325 illius
1234 281 1470 325 ministerio
1490 316 1500 334 ‚
1540 283 1732 340 quandiu

356 356 482 400 nobis
516 353 679 413 aliquid
722 351 906 411 amplius
945 352 1185 411 excogitare
1227 360 1357 411 atque
1400 351 1610 411 explicare
1647 368 1740 400 non.

359 424 502 477 datur.

417 500 610 548 QuAEsrro
654 495 730 536 IV.
763 518 817 524 —-
856 494 984 544 Quod
1023 501 1168 535 autem
1198 492 1354 551 quaeris
1372 526 1383 546 ,
1409 491 1513 551 quid
1540 492 1594 536 sit
1620 491 1736 550 quod

357 566 565 624 scriptum
593 572 686 616 est,
714 562 935 606 «Intravit
959 577 1033 605 rex
1055 561 1188 606 David
1212 597 1222 617 ,
1248 571 1291 606 et
1324 561 1434 606 sedit
1472 570 1571 605 ante
1594 562 1758 616 Domi-¹

362 655 382 678 »
413 637 566 688 num¹‚
599 652 617 674 »
647 631 755 692 quid
777 631 896 675 aliud
921 631 1253 690 intelligendum
1285 641 1369 687 est,
1396 631 1476 675 nisi
1498 632 1598 691 quia
1633 631 1739 678 sedit
1788 655 1790 673 3

358 706 404 750 in
428 713 663 763 conspectu
687 703 883 757 Domini,
908 702 996 746 sive
1023 703 1099 745 ubi
1123 712 1213 746 erat
1233 718 1329 746 arca
1355 702 1643 754 Testamenti,
1665 717 1739 761 per

358 792 489 837 quam
522 775 725 819 sacratior
753 783 796 817 et
818 772 1381 839 commendatior-quaedam
1404 773 1631 832 praesentia
1654 775 1737 818 Do·
1784 793 1785 799 ¹

358 847 467 892 mini
488 847 623 905 accipi
644 853 786 905 potest
811 865 822 901 3
857 844 944 888 sive
974 844 1077 904 quia
1107 854 1303 888 oraturus
1334 844 1470 899 sedit,
1502 843 1621 903 quod
1654 859 1740 889 non
1782 871 1786 875 -

361 918 412 962 fit
435 926 550 960 recte
569 915 649 958 nisi
673 916 717 958 in
740 923 974 973 conspectu
991 915 1065 958 Dei
1084 949 1093 968 ‚
1122 915 1205 958 hoc
1227 924 1304 970 est,
1330 915 1373 957 in
1397 913 1556 958 intimis
1573 912 1742 959 cordis?
1783 918 1786 943 ³

359 992 504 1032 Potest
528 987 642 1030 enim
666 996 709 1029 et
732 985 790 1028 sic
813 985 948 1043 accipi
971 985 1090 1044 quod
1124 986 1289 1029 dictum
1316 995 1406 1039 est,
1432 1004 1451 1026 ³2:
1479 993 1578 1028 ante
1601 984 1741 1029 Domi·

363 1076 382 1098 »
398 1073 525 1100 num:
547 1075 566 1097 »
589 1056 666 1100 ubi
684 1055 831 1098 nullus
853 1064 962 1098 esset
984 1056 1228 1109 hominum,
1250 1057 1324 1115 qui
1345 1055 1513 1099 audiret
1532 1063 1737 1099 orantem.
1777 1076 1782 1078 ‘

362 1129 458 1172 Sive
482 1141 582 1183 ergo
606 1135 786 1185 propter
807 1141 949 1169 arcam
981 1127 1243 1169 Testamenti
1264 1160 1273 1180 ς
1299 1127 1385 1170 sive
1409 1135 1585 1185 propter
1606 1140 1741 1170 secre-
1782 1154 1783 1158 =

364 1208 457 1242 tum
491 1198 639 1242 locum
674 1206 888 1240 semotum
918 1196 972 1239 ab
997 1197 1165 1239 arbitris
1185 1231 1195 1251 ,
1222 1197 1308 1240 sive
1337 1206 1513 1255 propter
1546 1196 1741 1239 intimum

363 1269 503 1314 cordis
524 1268 601 1311 ubi
624 1277 712 1311 erat
734 1267 895 1310 orantis
920 1267 1116 1321 affectus,
1143 1267 1449 1311 convenienter
1470 1267 1635 1310 dictum
1659 1274 1740 1312 est:

370 1357 389 1380 «
424 1339 543 1383 Sedit
576 1346 675 1381 ante
699 1337 973 1380 Dominum2.
999 1337 1125 1381 »Nisi
1148 1336 1258 1380 forte
1281 1337 1398 1396 quod
1421 1337 1571 1380 sedens
1593 1336 1740 1392 oravit,

363 1417 447 1453 hoc
481 1417 659 1453 movet:
697 1423 797 1452 cum
826 1417 868 1451 et
900 1416 1072 1451 Sanctus
1109 1407 1221 1451 Elias
1252 1409 1335 1452 hoc
1359 1407 1537 1462 fecerit,
1571 1406 1751 1467 quando

365 1480 558 1540 pluviam
579 1478 743 1523 orando
758 1479 1018 1538 impetravit.
1041 1479 1209 1529 Quibus
1227 1478 1512 1522 admonemur
1527 1477 1741 1537 exemplis,

366 1566 455 1594 non
483 1564 572 1593 esse
604 1549 905 1608 praescriptum
934 1548 1155 1608 quomodo
1185 1564 1342 1607 corpus
1374 1549 1662 1592 constituatur
1695 1546 1749 1591 ad*

367 1619 580 1665 orandum
596 1654 606 1674 ‚
629 1620 736 1663 dum
759 1618 928 1662 animus
956 1622 1040 1662 Deo
1059 1634 1243 1678 praesens
1266 1629 1442 1678 peragat
1464 1618 1749 1662 intentionem

369 1705 506 1734 suam.
524 1692 633 1734 Nam
649 1698 690 1732 et
714 1698 875 1732 stantes
895 1704 1085 1743 oramus,
1099 1689 1210 1732 sicut
1228 1689 1511 1748 scriptumest
1535 1707 1543 1732 ι
1567 1707 1586 1729 «
1605 1685 1748 1731 Publi-

373 1779 394 1802 »
420 1776 552 1804 canus
574 1768 720 1802 autem
749 1758 803 1801 de
835 1758 1075 1818 longinquo
1099 1759 1238 1802 stabat
1262 1760 1276 1784 3
1303 1778 1311 1802 :
1335 1778 1352 1799 »
1374 1768 1416 1802 et
1433 1758 1524 1801 fixis
1545 1758 1749 1817 genibus5'

371 1831 482 1874 sicut
501 1830 545 1873 in
567 1829 749 1872 Actibus
771 1828 1082 1887 Apostolorum
1098 1828 1280 1887 legimus
1306 1849 1314 1873 :
1343 1839 1385 1873 et
1407 1828 1619 1883 sedentes,
1645 1827 1747 1872 sicut

374 1915 474 1944 ecce
498 1898 635 1943 David
652 1907 694 1942 et
715 1898 830 1941 Elias
848 1899 878 1941 ⁴.
894 1899 981 1943 Nisi
1004 1908 1149 1942 autem
1169 1899 1296 1942 etiam
1316 1900 1505 1958 jacentes
1518 1912 1745 1952 oraremus,

375 1987 465 2016 non
482 1972 690 2028 scriptum
713 1969 838 2012 estin
863 1969 1085 2024 Psalmis,«
1110 1971 1286 2015 Lavabo
1309 1986 1384 2030 per
1406 1969 1595 2028 singulas
1609 1977 1745 2013 noctes

380 2060 400 2084 »
420 2041 581 2084 lectum
597 2055 760 2094 meum,
777 2040 823 2083 in
840 2039 1040 2097 lacrymis
1069 2041 1171 2084 meis
1198 2050 1380 2084 stratum
1397 2056 1543 2084 meum
1561 2040 1745 2099 rigabo.»

379 2114 493 2157 Cum
513 2111 627 2154 enim
652 2110 835 2170 quisque
864 2110 1103 2154 orationem
1122 2112 1294 2170 quaerit‚
1328 2110 1512 2155 collocat
1544 2109 1745 2164 membran

380 2182 489 2226 sicut
511 2181 550 2223 ei
573 2180 807 2224 occurrerit
832 2179 1156 2224 accommodata
1174 2197 1252 2239 pro
1273 2190 1467 2240 tempore
1485 2180 1640 2240 positio
1662 2193 1743 2224 cor·

380 2251 496 2311 poris
519 2249 575 2294 ad
592 2250 858 2295 movendum
883 2249 1091 2294 animum.
1124 2252 1235 2295 Cum
1256 2260 1400 2294 autem
1424 2266 1513 2294 non
1530 2249 1744 2310 quaeritur}

381 2321 457 2365 sed
472 2319 656 2364 infertur
678 2321 892 2379 appetitus
915 2321 1082 2374 orandi,
1095 2321 1177 2365 hoc
1195 2330 1272 2375 est,
1288 2337 1387 2366 cum
1404 2322 1566 2381 aliquid
1582 2327 1743 2380 repente

381 2391 500 2435 venit
521 2391 568 2434 in
595 2399 784 2435 mentem
804 2425 815 2446 ,
837 2406 924 2450 quo
946 2391 1217 2450 supplicandi
1240 2401 1464 2437 moveatur
1487 2391 1665 2436 affectus
1691 2403 1741 2448 ge·

433 2497 441 2514 ¹
464 2500 483 2523 2
502 2493 578 2532 Reg.
599 2501 658 2531 vu,
680 2494 730 2524 18.
748 2497 814 2513 ——2
838 2491 856 2523 3
873 2493 948 2533 neg.
971 2502 1064 2529 xvm,
1084 2491 1139 2533 42.
1159 2490 1223 2515 -3
1248 2495 1323 2524 Luc.
1345 2503 1445 2533 xvm,
1467 2493 1496 2524 5.
1517 2490 1585 2522 —4
1610 2494 1681 2524 Act.
1702 2500 1736 2522 vn

384 2545 439 2589 59,
462 2549 496 2579 et
521 2556 581 2587 xx,
605 2544 658 2577 36.
673 2561 713 2568 —-
729 2543 743 2568 ⁵
760 2545 836 2579 vsat.
855 2557 901 2587 vi,
923 2557 952 2587 7.
