1790 3187
385 182 441 209 nu
473 182 576 208 oc·ro
608 181 796 209 DULct'rlI
827 182 1157 218 QvAEs‘rtomnvs.
1379 171 1460 211 251

82 247 260 293 nomine
287 246 588 306 prophetavit,
615 246 763 291 dicens
795 266 803 292 :
839 268 858 289 «
885 250 1101 300 Quoniam
1134 249 1288 293 diebus
1319 248 1465 293 multis

87 337 108 362 »
131 318 343 362 sedebunt
367 317 441 361 filii
468 317 594 361 {srael
621 319 711 361 sine
740 333 854 376 rege,
875 320 966 363 sine
990 320 1198 380 principe,
1220 321 1312 364 sine
1333 322 1464 364 sacri-

80 407 106 437 2»
128 389 248 442 ficio,
275 389 366 432 sine
401 388 550 443 altari,
576 389 667 432 sine
689 390 928 433 sacerdotio
946 426 956 443 ,
984 392 1074 435 sine
1109 390 1466 436 manifestationi-

80 478 106 507 »
131 459 212 503 bus
236 461 265 502 1.
293 478 312 499 n
335 460 403 503 Sic
421 475 537 502 nunc
560 475 650 503 esse
671 461 846 503 Judaeos
869 462 1047 520 ambigit
1066 477 1209 505 nemo.
1238 460 1320 506 Sed
1344 461 1464 521 quod

79 530 140 578 ait
168 528 388 589 apostolus
426 529 611 583 Paulus,
644 531 857 575 Gentibus
881 531 1100 592 loquens:
1137 551 1158 575 «
1191 532 1313 577 Sicut
1347 532 1464 575 enim

81 618 104 644 w
125 603 200 645 vos
222 600 459 660 aliquando
484 617 571 645 non
591 601 830 646 credidistis
858 606 958 656 Deo,
981 619 1100 647 nunc
1128 612 1274 647 autem
1296 603 1466 646 miseri-

83 691 104 715 »
122 671 314 716 cordiam
345 673 565 716 consecuti
594 673 693 716 estis
717 673 762 717 in
785 672 958 718 illorum
981 674 1285 718 incredulitate
1306 695 1318 732 ς
1341 674 1401 718 sic
1422 683 1465 718 et

80 761 100 786 »
124 743 193 787 isti
216 759 333 787 nunc
356 759 443 787 non
466 743 744 788 crediderunt
767 744 811 787 in
843 754 986 789 vestra
1010 746 1317 800 misericordia,
1351 754 1399 789 ut
1421 754 1464 790 et

80 831 102 856 »
123 814 202 871 ipsi
226 814 561 858 misericordiam
583 824 905 874 consequantur
922 818 940 841 ‘²
966 834 975 860 ;
999 834 1018 856 n
1038 816 1121 859 hoc
1147 817 1362 874 Propheta
1384 816 1464 859 iste

78 894 202 929 tanto
224 895 324 929 ante
347 885 600 943 praedicens,
617 896 790 929 secutus
813 885 1025 945 adjunxit,
1041 905 1060 927 α
1079 888 1134 929 Et
1150 895 1296 945 postea
1321 901 1468 930 rever-

78 974 101 1001 -»
123 965 269 1000 tentur
291 955 366 999 filii
390 955 537 1012 Israel,
561 965 603 999 et
624 956 846 1015 inquirent
864 956 1094 1000 Dominum
1116 960 1253 1001 Deum
1277 973 1404 1000 suum
1423 965 1467 1001 et

79 1045 100 1069 »
123 1025 257 1070 David
283 1041 423 1084 regem
443 1042 588 1081 suum,
606 1037 649 1070 et
670 1036 918 1086 stupescent
935 1028 978 1071 in
1003 1028 1188 1072 Domino
1210 1037 1253 1071 et
1274 1027 1318 1072 in
1342 1028 1466 1072 bonis

77 1098 252 1157 »ipsius
279 1098 324 1141 in
351 1098 590 1142 novissimis
614 1097 768 1142 diebus
791 1100 822 1141 3.
853 1117 872 1140 »
899 1101 1012 1143 Ecce
1036 1109 1078 1143 et
1112 1100 1182 1143 hic
1213 1115 1289 1159 per
1329 1098 1467 1143 David

76 1185 235 1219 nomen
264 1170 547 1228 prophetatus
585 1179 648 1212 est
681 1170 899 1224 Christus,
925 1171 1130 1229 quoniam
1170 1171 1348 1230 quando
1387 1172 1466 1214 ista

75 1241 477 1300 prophetabantur,
502 1239 574 1283 ille
596 1240 729 1284 David
755 1257 824 1284 rex
857 1240 986 1285 Israel
1010 1242 1091 1300 jam
1112 1240 1214 1285 olim
1235 1252 1335 1285 ante
1360 1240 1465 1285 dor-

74 1312 255 1360 mierat:
291 1311 498 1355 Dominus
531 1320 677 1354 autem
709 1314 831 1356 Jesus
867 1328 918 1356 ex
946 1313 1036 1371 ejus
1063 1312 1226 1355 semine
1255 1311 1398 1355 suerat
1420 1312 1465 1356 in

75 1397 205 1427 carne
224 1393 433 1426 venturus
458 1403 468 1439 3
490 1393 667 1441 propter
688 1384 805 1442 quod
834 1382 1311 1442 propheticoloquendi
1333 1383 1465 1426 modo

51 1453 376 1514 '-app‹-¹llabatur
402 1453 551 1497 David.
585 1455 768 1497 Videtur
791 1464 934 1497 autem
958 1453 1180 1513 apostolus
1204 1453 1363 1497 Paulus
1382 1455 1464 1498 hoc

73 1526 367 1570 testimonium
388 1527 444 1569 ita
463 1525 652 1585 posuisse
668 1527 711 1569 in
737 1527 916 1569 Actibus
940 1525 1250 1584 Apostolorum
1267 1560 1277 1578 ,
1304 1535 1353 1568 ut
1376 1541 1465 1569 non

56 1597 153 1642 ¹nisi
177 1596 231 1640 de
264 1595 339 1650 illo
362 1612 461 1655 rege
487 1596 621 1641 David
649 1597 723 1656 qui
751 1597 867 1641 Saiili
887 1596 1087 1641 successit
1110 1597 1240 1655 possit
1262 1595 1460 1653 intelligi.

74 1670 180 1713 Nam
205 1668 319 1710 inter
347 1676 532 1722 caetera,
569 1686 588 1708 «
628 1670 682 1710 Et
714 1668 892 1721 exinde,
929 1668 1093 1727 inquit,
1134 1667 1465 1726 postulaverunt

76 1757 96 1780 »
118 1754 289 1796 regem,
319 1747 362 1780 et
384 1738 505 1781 dedit
538 1737 621 1781 illis
649 1742 758 1781 Deus
792 1739 916 1791 Saiil,
944 1739 1080 1781 filium
1118 1738 1210 1791 Cis,
1236 1739 1377 1781 virum
1410 1738 1465 1781 de

13 1799 17 1872 J
76 1828 95 1850 »
118 1811 234 1853 tribu
255 1810 492 1867 Benjamin,
515 1811 637 1853 annis
660 1811 963 1869 quadraginta.
988 1813 1043 1853 Et
1066 1820 1211 1854 amoto
1228 1810 1303 1853 illo
1325 1811 1463 1853 susci·-

75 1882 221 1925 »tavit
252 1880 333 1924 illis
358 1881 489 1924 David
515 1897 658 1940 regem
679 1917 688 1932 ,
721 1882 790 1926 cui
825 1891 866 1925 ct
900 1882 1196 1925 testimonium
1231 1882 1464 1941 perhibens

9 1958 16 1995 ἒ
75 1971 94 1994 »
120 1952 242 2005 dixit,
283 1953 430 1995 Inveni
466 1953 597 1995 David
624 1953 761 1996 filium
787 1955 928 2005 Jesse,
956 1955 1097 1996 virum
1121 1954 1364 1996 secundum
1391 1968 1465 1997 cor

8 2037 15 2055 ··
77 2042 95 2065 n
116 2039 277 2076 mcum,
304 2025 374 2082 qui
404 2021 529 2067 faciet
551 2039 700 2067 omnes
724 2024 970 2067 voluntates
994 2040 1108 2068 meas
1132 2025 1163 2068 ⁴.
1188 2043 1207 2065 »
1238 2024 1319 2069 Scd
1350 2040 1464 2084 quo-

7 2091 15 2108 ”
75 2094 188 2138 niam
212 2105 384 2138 secutus
408 2095 611 2155 adjungit
633 2104 674 2138 et
698 2095 828 2148 dicit,
860 2115 876 2136 «
903 2097 1041 2155 Hujus
1069 2099 1178 2139 Deus
1201 2111 1250 2139 ex
1280 2097 1460 2150 semine,

78 2165 361 2209 »secundum
402 2165 762 2223 promissionem,
807 2165 990 2210 adduxit
1025 2167 1156 2210 Israel
1197 2166 1460 2210 Salvatorem

23 2238 27 2243 ’
77 2255 98 2279 »
124 2239 298 2281 Jesum⁵
318 2252 326 2278 τ
344 2236 504 2280 »altius
529 2238 784 2296 significavit
806 2238 850 2281 in
876 2239 1058 2281 Domino
1081 2241 1183 2281 Jesu
1208 2238 1351 2297 potius
1374 2253 1465 2282 esse

75 2307 402 2366 intelligendum
444 2307 555 2351 illud
594 2310 910 2360 testimonium,
949 2310 1022 2368 qui
1054 2324 1154 2352 vere
1180 2307 1280 2352 fecit
1315 2311 1464 2353 om‘nes

73 2378 317 2424 voluntates
341 2380 417 2423 Dei
442 2380 577 2424 Patris
595 2415 606 2433 ,
631 2395 762 2440 quam
786 2380 830 2423 in
849 2379 923 2423 illo
943 2395 1040 2438 rege
1065 2379 1201 2423 David
1222 2400 1232 2437 3
1258 2380 1334 2439 qui
1360 2378 1463 2423 licet

121 2489 128 2504 ¹
148 2484 305 2523 osee,1n‚
325 2482 358 2525 4.
374 2500 415 2506 -
429 2490 441 2506 ²
461 2485 552 2516 Rom.
572 2495 618 2524 xi,
639 2483 680 2516 30
699 2488 732 2516 et
751 2484 787 2515 31
808 2499 849 2505 —
864 2481 877 2506 3
897 2481 996 2522 Osee,
1016 2494 1064 2520 ln,
1085 2482 1117 2515 5.
1131 2499 1171 2505 --
1186 2481 1202 2512 4
1220 2484 1295 2515 Act.
1315 2493 1384 2520 xur,
1406 2491 1460 2514 21.

45 2534 49 2540 ’
74 2555 114 2562 -
129 2537 144 2561 ⁵
161 2538 243 2571 lbid.
264 2539 319 2571 23.
