1790 3187
303 256 387 299 444
738 268 771 295 s.
807 265 1038 295 mausum
1070 266 1252 295 EPJSCOPI

308 405 1683 425 ssmmlmmmmummmmmvwmmmmwumm

702 515 1027 564 EPISTOLA
1071 510 1275 564 XLIV&

300 653 440 686 Dominis
457 652 668 685 dilectissimis
695 656 729 685 et
752 652 1007 695 praedicabilibus
1026 651 1179 685 fratribus
1203 651 1395 686 ELEUSIO
1412 675 1422 691 ,
1454 650 1624 685 GLORIO
1654 655 1687 684 et

713 709 949 744 FELICIBUS
974 709 1276 744 AUGUSTINUS.

302 828 600 889 Augustinus
639 826 791 889 refert
828 843 934 887 quoe
965 836 1123 887 coepta
1152 827 1247 872 sint
1280 828 1366 890 agi
1402 824 1462 871 de
1492 841 1690 872 concor-

364 897 447 943 dia
482 914 590 943 cum
626 897 864 943 Fortunio
903 897 1275 944 Donatistarum
1311 899 1533 958 episeopo
1550 933 1566 954 ,
1610 912 1691 943 cu-

358 971 497 1030 piens
529 980 578 1014 at
609 971 711 1014 sine
741 968 951 1024 eramala,
983 969 1114 1028 qaod
1138 969 1334 1029 placide
1368 979 1575 1030 coeptam
1603 979 1688 1024 est,
1732 1017 1737 1022 ,

360 1041 642 1100 perficiatur
671 1051 918 1101 conventa
922 1040 1265 1099 frequentiore.

364 1176 399 1218 Ι.
426 1176 695 1219 Fontruumm
727 1190 857 1235 quem
890 1174 1182 1219 Tubursicum
1219 1175 1388 1219 habetis
1423 1175 1690 1234 episcopum,

305 1260 382 1304 per
396 1244 593 1290 eamdem
616 1245 849 1299 civitatem,
871 1261 1123 1306 quanquam
1139 1244 1502 1300 festinantissime,
1518 1260 1617 1290 cum
1640 1243 1695 1288 ad
1760 1262 1761 1267 ¹

306 1317 547 1361 Cirtensem
581 1317 817 1362 Ecclesiam
841 1333 1116 1376 pergeremus
1148 1320 1237 1375 (32)
1263 1317 1429 1376 experti
1462 1332 1610 1361 sumus
1637 1318 1695 1361 ita
1759 1373 1761 1383 ¹

306 1387 500 1439 omnino,
518 1397 566 1432 ut
591 1388 646 1431 de
668 1387 743 1432 illo
771 1387 915 1432 soletis
945 1388 1248 1446 benignissime
1272 1386 1482 1447 polliceri.
1510 1390 1614 1431 Eam
1634 1387 1697 1447 ip-

307 1473 395 1502 sam
415 1458 579 1518 quippe
597 1468 781 1503 vestram
801 1459 855 1502 de
872 1457 947 1503 illo
972 1459 1096 1502 nobis
1118 1458 1519 1503 sermocinationem
1536 1473 1636 1502 cum
1658 1458 1696 1502 ei

309 1530 672 1583 renuntiaremus,
697 1530 892 1573 volentes
908 1545 1006 1573 eum
1021 1528 1184 1584 videre,
1206 1545 1292 1574 non
1312 1529 1698 1574 abnuit.Venimus
1759 1532 1762 1574 Ξ

307 1600 455 1659 itaque
478 1598 533 1642 ad
564 1614 664 1643 eum
693 1620 704 1657 3
740 1599 840 1660 quia
864 1600 981 1644 aetati
1002 1601 1094 1659 ejus
1127 1599 1171 1643 id
1202 1617 1225 1644 a
1259 1601 1384 1644 nobis
1409 1599 1697 1644 deferendum
1759 1597 1761 1606 '

308 1669 553 1723 videbatur,
580 1670 725 1728 potius
747 1686 878 1730 quam
904 1669 1165 1728 exigendum
1189 1678 1237 1713 ut
1256 1670 1346 1728 ipse
1362 1669 1414 1713 ad
1439 1685 1517 1714 nos
1533 1670 1699 1714 veniret
1759 1711 1760 1720 ,

309 1740 440 1800 prior.
476 1741 746 1785 Perreximus
780 1756 881 1798 ergo
918 1740 1229 1785 comitantibus
1260 1755 1349 1784 non
1381 1741 1555 1799 paucis,
1591 1756 1699 1800 quos
1758 1747 1761 1796 ζ

312 1810 423 1855 forte
441 1822 694 1871 aggregatos
707 1813 832 1856 nobis
849 1811 959 1856 illud
978 1821 1148 1871 tempus
1169 1812 1408 1855 invenerat.
1424 1813 1535 1857 Cum
1554 1822 1699 1856 autem

312 1881 431 1941 apud
449 1897 547 1925 eum
571 1883 926 1937 consedissemus,
941 1898 1114 1926 rumore
1126 1881 1318 1942 disperso
1333 1897 1421 1926 non
1443 1897 1573 1942 parva
1597 1898 1701 1942 prae-

313 1960 425 1996 terea
449 1952 576 1996 turba
599 1953 836 2007 confluxit,
862 1953 937 1997 sed
958 1953 1098 2007 nobis,
1128 1953 1173 1996 in
1204 1962 1294 1997 tota
1318 1951 1389 1997 illa
1418 1952 1700 1996 multitudine

312 2023 517 2082 perpauci
539 2025 821 2082 apparebant,
848 2025 922 2084 qui
946 2023 1109 2068 utiliter
1131 2038 1180 2067 ac
1200 2023 1428 2067 salubriter
1442 2024 1510 2081 agi
1526 2038 1700 2068 causam
1758 2015 1769 2079 ³ss

313 2092 448 2147 illam,
480 2101 521 2136 et
545 2102 707 2137 tantam
733 2094 881 2154 reique
906 2103 1038 2137 tantae
1073 2094 1357 2153 quaestionem
1385 2094 1624 2152 prudenter
1657 2103 1700 2138 et
1758 2144 1759 2160 χ

315 2163 383 2222 pie
418 2163 576 2207 discuti
604 2174 828 2222 cuperent.
851 2163 1007 2208 Caeteri
1028 2179 1127 2207 vero
1150 2164 1284 2222 magis
1318 2164 1372 2207 ad
1402 2163 1700 2223 spectaculum
1764 2156 1769 2205 ἷζ

314 2232 434 2292 quasi
461 2233 751 2278 altercationis
780 2243 938 2278 nostrae
968 2249 1101 2293 prope
1128 2234 1335 2278 theatrica
1364 2233 1697 2290 consuetudine,

314 2319 445 2364 quam
468 2303 522 2348 ad
543 2304 872 2349 instructionem
902 2303 1051 2349 salutis
1086 2304 1315 2349 christiana
1339 2304 1570 2349 devotione
1591 2321 1700 2350 con-
1764 2307 1768 2351 ἴ

316 2385 538 2420 venerant.
566 2378 840 2435 Quapropter
862 2391 941 2420 nec
973 2375 1191 2420 silentium
1222 2375 1343 2420 nobis
1377 2377 1591 2434 praebere,
1622 2391 1701 2420 nec
1757 2377 1759 2431 j

317 2446 482 2489 intente
504 2446 729 2490 nobiscum
754 2455 884 2506 atque
904 2446 1096 2490 modeste
1118 2446 1268 2491 saltem
1288 2455 1330 2489 et
1348 2447 1543 2491 ordinate
1565 2444 1702 2491 collo-
1757 2446 1759 2460 ⁴

368 2560 374 2576 ¹
400 2554 483 2585 Alias
496 2564 606 2586 crxvn.
626 2565 694 2597 quae
709 2560 816 2587 autem
834 2565 903 2588 κων
922 2559 1004 2588 erat.
1024 2566 1106 2586 nunc
1126 2555 1367 2597 xvii.-—Sci·ipta
1386 2560 1524 2589 exeunte
1542 2565 1623 2587 anno
1640 2556 1700 2597 397

321 2614 376 2641 aut
390 2609 520 2643 ineunte
538 2621 620 2642 anno
640 2611 712 2652 398.
