1790 3187
1 212 3 234 l

2 240 3 264 l

0 298 3 317 4

326 208 376 235 οε
412 208 597 235 οινειιςῐε
630 208 785 243 QUAEST.
822 210 968 237 ocToc.
1005 212 1166 237 Twncs.
1383 203 1438 239 (30

63 294 82 318 »
109 274 230 319 me¹?
255 289 274 314 »
301 275 390 317 Aut
411 272 633 332 quomodo
665 272 840 331 impleta
863 284 925 318 est
949 274 1168 319 Elisabeth
1196 285 1238 320 et
1274 278 1437 321 Zacha-

0 383 2 393 ;
59 346 139 391 rias
172 343 237 388 vir
264 343 353 402 ejus
383 352 431 386 ut
463 344 794 402 prophetarent,
830 354 872 389 et
910 349 1055 401 Anna,
1084 355 1126 391 et
1157 347 1356 403 Simeon,
1385 348 1439 392 de

0 432 2 464 r
57 415 214 476 quibus
229 414 432 459 omnibus
446 414 653 473 scriptum
669 417 774 468 est²‚
792 415 911 474 quod
929 416 1095 475 impleti
1115 417 1276 476 Spiritu
1291 428 1440 463 saneto

0 485 2 533 l

57 483 128 529 illa
143 499 242 543 quae
256 484 299 527 in
322 482 558 542 Evangelio
573 483 755 542 legimus
772 484 989 530 dixerint?
1009 489 1061 530 Ut
1076 495 1218 530 autem
1237 487 1439 548 quaedam

57 556 265 609 latenter,
284 553 483 614 quaedam
507 570 609 598 vero
627 570 703 614 per
724 565 964 600 creaturam
979 556 1193 602 visibilem
1216 558 1442 602 visibiliter

0 652 1 668 η
58 629 169 671 Deus
195 635 418 685 operetur,
448 626 634 684 pertinet
661 625 714 669 ad
739 627 1099 684 gubernationem
1125 628 1409 688 providentiae
1427 665 1438 684 ‚

57 712 141 756 qua
163 711 312 740 omnes
331 695 489 740 divinae
506 697 694 740 actiones
711 695 908 741 locorum
931 707 1269 759 temporumque
1290 699 1443 743 ordine

56 782 104 811 ac
117 766 393 811 distinctione
408 766 698 826 pulcherrima
715 777 1001 827 peraguntur,
1019 784 1118 812 cum
1136 769 1228 828 ipsa
1243 770 1445 814 divinitas

56 852 136 882 nec
149 846 348 882 teneatur
361 852 440 882 nec
453 838 606 896 migret
618 838 739 893 locis,
760 853 838 882 nec
857 839 1060 883 tendatur
1074 840 1320 884 varieturve
1333 848 1444 883 tem-

55 908 246 967 poribus.
285 907 514 960 Quomodo
541 917 684 951 autem
712 909 802 967 ipse
837 908 1046 952 Dominus
1082 924 1226 953 secum
1257 909 1446 954 habebat

53 979 206 1038 utique
235 978 441 1037 Spiritum
466 988 661 1023 sanctum
688 980 731 1022 in
762 980 855 1038 ipso
878 980 1055 1024 homine
1077 995 1206 1039 quem
1239 981 1442 1038 gerebat,

52 1048 228 1109 quando
242 1058 289 1092 ut
308 1049 598 1107 baptizaretur
613 1051 732 1093 venit
745 1049 798 1093 ad
814 1052 1044 1104 Joannem,
1062 1059 1104 1093 et
1121 1059 1265 1094 tamen
1279 1059 1445 1110 postea-

52 1133 182 1180 quam
200 1119 442 1178 baptizatus
464 1130 526 1164 est
543 1156 553 1174 ‚
575 1119 838 1164 descendere
865 1120 910 1163 in
937 1136 1036 1164 eum
1063 1120 1248 1180 Spiritus
1270 1129 1443 1165 sanctus

51 1190 167 1235 visus
183 1191 305 1234 estin
320 1190 538 1234 columbae
556 1191 697 1250 specie
709 1193 724 1217 ³
749 1212 757 1236 ;
777 1192 836 1236 sic
854 1190 1188 1250 intelligendum
1204 1200 1268 1236 est
1288 1201 1331 1236 et
1345 1201 1445 1236 ante

51 1260 330 1304 manifestum
359 1270 401 1304 et
428 1260 643 1305 visibilem
673 1260 910 1305 adventum
944 1261 1127 1320 Spiritus
1151 1261 1288 1305 sancti
1311 1277 1446 1321 quos-

52 1345 242 1390 cumque
268 1331 462 1374 bomines
495 1340 665 1375 sanctos
703 1346 802 1375 eum
835 1331 1021 1375 latenter
1045 1331 1207 1375 habere
1236 1333 1441 1410 potuisse.

53 1404 118 1445 Ita
145 1416 247 1444 sane
280 1402 362 1445 hoc
384 1401 593 1456 diximus,
626 1412 675 1445 ut
698 1401 991 1459 intelligamus
1010 1401 1139 1445 etiam
1162 1402 1242 1446 ista
1266 1402 1356 1461 ipsa
1378 1403 1443 1447 vi-

49 1460 162 1517 sibili
190 1471 559 1517 demonstratione
597 1472 781 1532 Spiritus
813 1472 977 1526 sancfi,
1007 1474 1083 1532 qui
1116 1472 1329 1517 adventus
1355 1474 1446 1533 ejus

51 1542 236 1597 dicitur,
269 1543 480 1586 ineffabili
515 1542 583 1588 vel
607 1544 735 1587 etiam
768 1543 1036 1601 incogitabili
1058 1544 1190 1588 modo
1217 1543 1409 1602 largius
1399 1559 1443 1589 in

51 1614 276 1659 hominum
296 1614 424 1658 corda
444 1614 763 1673 plenitudinem
787 1616 880 1674 ejus
902 1615 1107 1659 infusam.

110 1687 325 1738 Quaesrro.
345 1686 507 1729 LXIII.
528 1713 581 1718 -—
596 1704 614 1725 «
632 1688 680 1728 In
699 1685 1260 1744 principioe1·atVerbum⁴.
1278 1686 1444 1738 »Quod

52 1758 148 1802 λόγος
174 1753 348 1809 dicitur,
374 1755 506 1799 latine
528 1765 570 1799 et
601 1756 811 1798 rationem
835 1764 877 1799 et
902 1756 1084 1799 verbum
1106 1755 1336 1814 significat.
1358 1755 1443 1799 Sed

52 1826 134 1870 hoc
146 1825 242 1870 loco
252 1825 405 1869 melius
423 1826 606 1869 verbum
623 1827 977 1885 interpretamur,
1000 1835 1049 1870 ut
1064 1826 1333 1885 significetur
1351 1841 1439 1870 non

51 1895 191 1941 solum
207 1896 260 1940 ad
278 1900 444 1940 Patrem
466 1907 700 1956 respectus,
725 1898 799 1940 sed
818 1898 872 1940 ad
886 1896 957 1940 illa
975 1898 1102 1941 etiam
1122 1912 1222 1957 quae
1237 1912 1314 1956 per
1332 1899 1442 1941 Ver-

52 1967 156 2010 bum
175 1966 286 2010 facta
305 1977 406 2010 sunt
429 1968 645 2026 operativa
670 1967 879 2026 potentia.
901 1968 1028 2012 Ratio
1048 1976 1216 2022 autem,
1237 1967 1316 2011 etsi
1333 1967 1441 2011 nihil

53 2036 259 2097 perillam
274 2038 370 2092 fiat,
392 2048 507 2082 recte
530 2039 638 2082 ratio
659 2037 832 2082 dicitur.

110 2109 307 2160 Qtrffisrio
332 2111 485 2153 LXIV.
499 2111 627 2153 -1⁰.
641 2108 899 2168 Evangelica
917 2118 1182 2153 sacramenta
1204 2109 1249 2153 in
1265 2110 1436 2153 Domini

53 2179 186 2222 nostri
216 2180 316 2223 Jesu
339 2179 498 2223 Christi
522 2180 647 2224 dictis
677 2178 889 2239 factisque
910 2180 1076 2238 signata
1108 2194 1197 2224 non
1231 2179 1436 2224 omnibus

53 2257 202 2307 patent
228 2258 271 2293 et
295 2264 343 2293 ea
366 2250 567 2294 nonnulli
586 2251 732 2294 minus
769 2250 1000 2309 diligenter
1039 2250 1271 2309 minusque
1296 2249 1439 2294 sobrie

50 2319 375 2378 interpretando
392 2356 402 2375 ‚
423 2321 611 2364 afferunt
638 2321 897 2380 plerumque
920 2335 999 2379 pro
1019 2319 1157 2364 salute
1181 2319 1435 2380 perniciem,

51 2399 93 2434 et
113 2406 192 2450 pro
223 2392 470 2450 cognitione
499 2393 688 2437 veritatis
711 2406 901 2437 errorem
929 2411 937 2437 :
963 2392 1076 2436 inter
1103 2407 1202 2452 quae
1229 2390 1339 2436 illud
1372 2400 1436 2436 est

99 2497 110 2515 ¹
131 2492 212 2523 Psnl.
234 2505 264 2534 L,
289 2495 337 2526 13.
355 2512 394 2517 -
408 2501 420 2517 2
436 2497 513 2527 Luc.
534 2506 556 2535 ι,
578 2494 614 2536 4ι
633 2499 667 2527 et
683 2495 739 2537 67,
760 2499 793 2527 et
815 2497 886 2527 Act.
905 2505 940 2533 ιι,
968 2494 1022 2526 25.
1039 2492 1104 2518 -3
1120 2493 1239 2527 Mauh.
1258 2504 1305 2536 ni,
1327 2493 1378 2527 13.
1395 2508 1435 2516 —

54 2548 68 2578 4
86 2548 214 2587 Joanffi,
238 2561 266 2582 1.
