1790 3187
289 181 373 220 286
728 186 761 213 s.
800 186 1029 212 AUGUSTml
1065 185 1240 211 El’lscop]

285 246 418 289 homo
440 257 528 287 una
547 241 714 285 ratione
731 255 817 299 qua
836 239 969 282 homo
990 236 1246 295 intelligitur
1269 233 1407 279 factus
1433 241 1510 276 est.
1538 234 1595 276 At
1616 239 1667 275 ut
1716 248 1719 250 ·
1744 226 1745 231 ’

287 313 474 392 populus
492 314 583 367 fiat,
609 309 806 372 quamvis
828 317 871 353 et
886 309 976 368 ipsa
998 323 1085 352 una
1107 306 1233 360 ratio,
1258 313 1509 349 nontamen
1525 301 1668 346 homi—

287 385 352 429 nis
376 384 509 439 ratio,
535 381 610 427 sed
628 380 872 425 hominum.
907 379 950 424 Si
977 379 1111 437 igitur
1138 392 1235 435 pars
1261 375 1390 434 hujus
1417 371 1604 417 universi
1624 379 1669 416 et

287 454 535 508 Nebridius,
560 452 671 496 sicut
693 459 785 495 est:
818 458 861 494 et
883 464 1011 493 omne
1029 448 1278 492 universum
1299 443 1493 504 partibus
1514 442 1668 496 confit,

287 541 377 570 non
391 525 536 585 potuit
557 522 747 567 universi
769 521 970 566 conditor
989 523 1104 564 Deus
1122 518 1332 562 rationem
1360 514 1549 574 partium
1578 526 1669 556 non

288 596 462 640 habere.
475 594 770 649 Quamobrem
792 590 913 653 quod
930 589 1220 650 plurimorum
1233 587 1464 631 hominum
1485 584 1548 628 ibi
1561 583 1671 627 ratio

288 675 367 721 est,
409 681 499 711 non
529 664 585 709 ad
620 665 762 723 ipsum
787 661 1009 706 hominem
1042 659 1246 720 pertinet,
1270 669 1521 717 quanquam
1553 651 1672 696 miris

289 751 461 781 rursum
482 735 615 780 modo
632 735 687 779 ad
709 748 849 778 unum
870 732 1015 777 omnia
1037 730 1273 789 redigatur.
1312 727 1395 774 Sed
1414 736 1464 772 tu
1485 724 1530 770 id
1551 738 1672 769 com-

289 806 461 850 modius
471 805 679 864 cogitabis
691 823 699 850 :
711 803 778 848 his
791 810 1021 848 contentus
1034 800 1088 846 sis
1099 800 1271 846 interim
1283 807 1402 859 peto,
1418 808 1672 858 quanquam

281 879 374 938 jam
391 877 639 922 excesserim
658 875 872 922 Naevium.

291 1008 1674 1038 mmmmmmmmmmwmwmmmwmmmmmvmmmmmmmmws

729 1124 1055 1175 EPISTULA
1091 1116 1226 1174 XV¹.

678 1261 964 1296 ROMANIANO
986 1258 1292 1294 AUGUSTINUS.

294 1379 548 1441 Significat
588 1380 818 1438 scriptum
850 1395 882 1422 a
922 1393 973 1422 se
1014 1375 1292 1437 opusculum
1328 1374 1388 1420 de
1431 1372 1676 1436 religione,

355 1449 774 1496 transmittendam
808 1450 1119 1495 Romaniano
1135 1485 1150 1506 ,
1190 1464 1331 1508 quem
1372 1446 1595 1492 hortatur
1628 1451 1680 1488 ut

354 1524 503 1567 otium
520 1520 689 1566 datam
713 1519 831 1566 bene
852 1519 1066 1566 collocet.

353 1653 389 1695 I.
424 1653 520 1697 Nou
547 1651 641 1694 haec
673 1650 853 1708 epistola
887 1651 946 1693 sic
986 1649 1178 1708 inopiam
1210 1649 1372 1692 chartae
1405 1647 1591 1701 indicat,
1628 1654 1679 1689 ut

294 1721 568 1765 membranas
588 1719 740 1764 saltem
766 1718 990 1764 abundare
1014 1727 1206 1763 testetur.
1229 1717 1427 1762 Tabellas
1447 1717 1677 1771 eburneas,

295 1806 403 1850 quas
424 1791 582 1845 habeo,
604 1789 822 1834 avunculo
846 1799 921 1834 tuo
938 1805 1037 1834 cum
1056 1788 1210 1834 litteris
1228 1789 1338 1833 misi.
1362 1791 1427 1832 Tu
1441 1788 1555 1832 enim
1575 1786 1679 1831 huic

296 1859 512 1919 pelliculae
539 1859 708 1903 facilius
729 1860 947 1918 ignosces,
969 1860 1070 1919 quia
1093 1859 1258 1903 differri
1284 1874 1373 1902 non
1395 1857 1536 1917 potuit
1559 1855 1681 1916 quod

297 1930 337 1974 ei
358 1930 523 1989 scripsi,
546 1938 589 1973 et
615 1929 695 1973 tihi
717 1945 806 1973 non
830 1930 1018 1974 scribere
1043 1929 1173 1973 etiam
1194 1928 1513 1987 ineptissimum
1535 1926 1680 1970 existi-

298 2001 425 2045 mavi.
446 1999 530 2045 Sed
546 1999 742 2055 tabellas,
762 2001 796 2044 si
818 2016 916 2059 quae
938 2000 998 2044 ibi
1017 2008 1175 2044 nostrae
1192 2008 1309 2054 sunt,
1329 2008 1506 2058 propter
1528 1998 1682 2057 hujus-

298 2069 418 2114 modi
445 2071 733 2125 necessitates,
759 2071 920 2125 mittas,
945 2079 1061 2129 peto.
1088 2069 1243 2128 Scripsi
1260 2069 1502 2129 quidquam
1523 2069 1577 2112 de
1613 2083 1682 2112 ca-

298 2140 459 2185 tholica
496 2140 721 2198 religione,
745 2149 959 2200 quantum
986 2140 1196 2184 Dominus
1228 2139 1331 2183 dare
1365 2138 1566 2198 dignatus
1599 2146 1679 2193 est,

300 2209 421 2270 quod
442 2209 520 2253 tibi
540 2209 640 2254 volo
662 2218 764 2254 ante
792 2210 1027 2254 adventum
1053 2225 1199 2254 meum
1231 2209 1424 2263 mittere,
1458 2210 1493 2252 si
1534 2209 1684 2252 charta

300 2280 471 2324 interim
490 2295 580 2324 non
600 2280 725 2324 desit.
749 2280 968 2324 Tolerabis
986 2280 1102 2323 enim
1120 2279 1485 2339 qualemcumque
1501 2278 1685 2336 scriptu·

301 2364 392 2393 ram
414 2365 465 2393 ex
486 2349 661 2394 officina
689 2351 919 2410 majorum.
942 2353 1004 2394 De
1025 2349 1271 2404 codicibus,
1296 2359 1452 2408 praeter
1473 2349 1607 2392 libros
1628 2347 1683 2391 de

301 2420 501 2474 Oratore,
525 2428 667 2464 totum
685 2420 790 2463 mihi
813 2419 982 2465 excidit.
1015 2420 1098 2465 Sed
1115 2419 1222 2463 nihil
1245 2419 1428 2478 amplius
1451 2418 1684 2463 rescribere

352 2510 358 2525 ¹
383 2503 466 2536 Alias
481 2514 564 2536 exui.
584 2514 653 2546 ‹111oe
667 2507 774 2536 autem
791 2514 831 2536 xv
848 2507 928 2544 erat,
944 2514 1027 2536 nunc
1045 2513 1152 2535 mixtu.
1174 2520 1214 2526 -
1231 2503 1354 2545 Scripta
1373 2511 1456 2534 anno
1474 2503 1548 2544 390.
