1790 3187
193 202 245 228 DE
277 200 463 226 DtVEnsts
497 200 653 234 our-AT.
692 198 744 224 An
776 197 1037 225 stmmtcrAN.
1076 200 1158 224 ΜΒ.
1197 200 1243 224 11.
1341 188 1424 224 213

47 267 221 312 mitibus
254 263 640 316 inenarrabilibus,
668 278 949 322 quocumque
972 261 1102 306 modo
1123 262 1428 306 inveneritlio-

49 338 233 390 minem,
266 350 354 377 non
377 343 438 377 est
464 334 616 392 utiquc
644 333 884 376 dill'crcnda
911 335 1047 378 oratio
1068 369 1077 387 ‚
1103 342 1152 376 ut
1184 348 1430 391 quaeramus

47 424 134 469 quo
163 405 412 451 secedamus
432 440 442 460 ,
472 414 547 448 aut
572 405 645 447 ubi
669 414 830 447 stemus
852 440 861 458 ,
889 414 963 448 aut
987 405 1062 448 ubi
1085 412 1426 463 prosternamur.

49 479 194 537 Gignit
228 477 341 521 enim
371 476 451 520 sibi
486 476 640 519 mentis
672 476 856 519 intentio
893 476 1201 529 solitudinem,
1242 483 1286 518 et
1319 488 1433 533 saepe

48 549 174 594 etiam
204 547 470 592 obliviscitur
506 547 573 590 vel
606 545 660 589 ad
683 562 814 606 quam
839 546 937 589 coeli
962 555 1127 605 partem
1147 580 1157 600 ,
1187 544 1257 589 vel
1280 545 1324 587 in
1348 559 1434 604 qua

49 620 260 682 positione
276 620 468 678 corporis
490 617 682 661 membra
706 616 815 661 illud
833 627 1001 676 tempus
1024 617 1253 660 invenerit.

104 693 305 744 Qumsrio
329 692 382 734 V.
410 716 464 722 --
490 692 540 732 In
565 689 707 732 verbis
726 699 871 732 autem
895 689 1009 732 beati
1030 689 1154 743 Elire,
1174 687 1335 747 quibus
1354 687 1432 731 ait:

51 781 70 805 «
97 762 134 805 Ο
153 761 332 805 Domine
352 796 362 815 ,
388 760 504 804 testis
523 760 653 818 hujus
679 760 822 803 vidum
849 794 859 813 ,
895 775 993 803 cum
1026 775 1111 817 qua
1137 773 1218 816 ego
1241 757 1438 801 inhabito

49 851 68 874 n
99 833 215 891 apud
236 832 388 891 ipsam,
413 841 458 875 tu
486 830 595 873 male
616 830 766 883 fecisti,
798 839 845 873 ut
870 828 1087 873 occideres
1107 829 1245 871 filium
1265 829 1398 887 cjus¹,
1415 845 1433 867 n

47 903 152 947 nihil
189 911 381 947 moveret
406 937 416 955 ,
443 902 475 944 si
503 916 601 945 vera
637 900 936 959 pronuntiatio
965 908 1224 942 servaretur.
1252 900 1346 941 Vox
1375 905 1439 941 est

47 974 157 1018 enim
184 989 272 1017 non
294 973 507 1016 credentis
534 971 654 1030 quod
681 980 767 1014 tam
796 969 908 1013 male
932 969 1093 1013 faceret
1125 972 1238 1012 Deus
1261 983 1362 1012 cum
1389 983 1438 1012 ea

46 1043 190 1098 vidua,
216 1058 315 1103 quae
339 1052 426 1086 tam
452 1042 521 1100 pie
547 1042 806 1100 Prophetam
827 1049 1088 1098 susceperat,
1116 1054 1167 1083 eo
1194 1039 1438 1098 praesertim

48 1123 241 1173 tempore
261 1128 349 1172 quo
378 1112 437 1155 ibi
470 1120 561 1155 erat
583 1147 593 1164 ,
621 1112 692 1155 cui
723 1111 964 1171 protulerat
993 1109 1067 1154 illa
1098 1101 1239 1153 totum
1276 1109 1438 1152 victum

49 1200 171 1230 suum
203 1194 291 1228 tam
324 1184 528 1242 exiguum
554 1184 599 1226 in
627 1193 715 1226 tam
752 1198 907 1240 magna
928 1191 971 1225 et
993 1196 1161 1224 summa
1184 1181 1346 1239 inopia.
1374 1182 1440 1224 Ita

50 1271 148 1314 ergo
165 1256 331 1300 dictum
353 1264 443 1309 est,
463 1270 512 1298 ac
534 1254 566 1297 si
593 1255 756 1298 diceret
781 1273 788 1298 :
828 1273 843 1292 «
876 1255 913 1296 Ο
938 1253 1144 1306 Domine,
1167 1252 1285 1295 testis
1310 1252 1442 1310 hujus

54 1345 74 1369 »
97 1328 262 1382 viduae,
294 1342 395 1370 cum
412 1341 496 1385 qua
520 1340 598 1383 ego
627 1325 825 1368 inhabito
849 1323 966 1383 apud.
996 1325 1149 1381 ipsam,
1176 1332 1305 1366 tu-ne
1330 1320 1442 1365 male

51 1415 72 1440 ³)
96 1390 265 1451 fecisti,
301 1406 350 1440 ut
382 1397 599 1440 occideres
622 1395 759 1439 filium
786 1396 876 1453 ejus
900 1396 916 1436 ?
947 1412 965 1434 n
1007 1402 1056 1436 ut
1085 1391 1441 1450 subintelligatur

50 1467 167 1529 quod
198 1467 350 1526 utique
375 1466 582 1509 Dominus
620 1465 738 1509 testis
778 1464 919 1508 cordis
951 1463 1068 1507 illius
1109 1462 1299 1505 mulieris
1321 1496 1332 1515 ,
1365 1461 1442 1504 ubi

49 1538 220 1585 videbat
237 1546 400 1597 quanta
418 1546 525 1580 esset
542 1536 823 1595 pietaS,unde
840 1536 968 1578 etiam
989 1534 1128 1577 Eliam
1149 1534 1238 1592 ipse
1261 1532 1315 1576 ad
1343 1546 1439 1575 eam

53 1609 247 1661 miserat,
281 1623 370 1650 non
404 1605 706 1650 malefaciendi
744 1622 871 1650 causa
918 1604 1252 1648 mortificaverat
1300 1601 1442 1645 filium

52 1679 156 1738 ejus,
180 1676 254 1720 sed
278 1675 510 1720 exhibendi
529 1675 722 1719 miraculi
744 1675 799 1718 ad
824 1674 1005 1732 gloriam
1029 1673 1215 1716 nominis
1233 1672 1322 1725 sui,
1351 1685 1442 1730 quo

53 1757 221 1793 tantum
244 1747 505 1805 Prophetam
534 1756 577 1789 et
608 1755 715 1789 tunc
751 1745 999 1789 viventibus
1028 1753 1072 1786 et
1103 1742 1281 1800 posteris
1322 1755 1441 1784 com-

53 1817 304 1862 mendaret:
325 1816 435 1859 sicut
452 1815 557 1859 dicit
582 1816 806 1868 Dominus,
833 1829 920 1857 non
939 1812 993 1857 ad
1017 1822 1201 1855 mortem
1222 1819 1447 1854 mortuum

59 1887 188 1932 fuisse
204 1890 430 1940 Lazarum,
447 1885 520 1929 sed
537 1895 584 1929 ut
598 1885 911 1943 glorificaretur
923 1888 1033 1927 Deus
1051 1883 1097 1925 in
1121 1882 1232 1925 Filio
1250 1882 1370 1925 suo².
1392 1883 1448 1924 Et

60 1958 156 2003 ideo
178 1957 485 2016 consequentia
509 1956 716 2013 probant,
743 1965 786 1999 et
807 1955 898 2014 ipsa
917 1955 1047 1998 etiam
1066 1952 1225 1996 fiducia
1249 1967 1335 2011 qua
1355 1965 1452 1994 cre·

61 2027 170 2073 didit
190 2027 332 2082 Elias,
356 2042 445 2070 non
463 2026 517 2069 ad
547 2027 630 2070 hoc
659 2024 771 2069 illud
788 2025 1021 2083 contigisse
1043 2059 1053 2078 ,
1079 2032 1128 2067 ut
1152 2022 1303 2066 acerbo
1328 2021 1453 2064 luctu

63 2099 229 2158 hospita
247 2099 336 2157 ejus
355 2098 620 2155 affligeretur
635 2117 646 2153 3
662 2096 736 2140 sed
754 2097 899 2155 potius
923 2094 978 2138 ad
999 2095 1084 2139 hoc
1102 2092 1269 2137 factum
1287 2099 1455 2146 esse,ut

65 2171 176 2214 Deus
198 2167 542 2226 magnificentius
575 2165 822 2210 ostenderet
843 2165 988 2210 viduae
1011 2163 1188 2224 qualem
1214 2163 1287 2207 Dei
1310 2162 1456 2205 famu-

66 2238 156 2283 lum
174 2238 440 2296 suscepisset.
465 2237 670 2297 Sequitur
704 2236 941 2295 Scriptura,
968 2245 1010 2279 et
1031 2234 1160 2288 dicit,
1191 2252 1211 2275 «
1234 2235 1290 2276 Et
1310 2230 1454 2275 insuf-

71 2327 92 2352 »
116 2310 234 2354 flavit
255 2324 392 2368 puero
412 2317 477 2352 ter
496 2343 507 2363 ,
540 2317 581 2352 et
603 2308 819 2351 invocavit
847 2305 1081 2350 Dominum
1104 2339 1114 2359 ,
1139 2312 1183 2347 et
1205 2303 1337 2346 dixit:
1365 2304 1456 2346 Do-

74 2397 94 2421 »
120 2379 249 2434 mine,
274 2382 387 2422 Deus
405 2393 540 2432 meus,
566 2386 806 2422 revertatur
817 2391 935 2419 nunc
955 2375 1098 2419 anima
1114 2373 1236 2432 pueri
1253 2372 1384 2431 hujus
1408 2371 1455 2414 in

80 2466 100 2490 n
129 2464 243 2493 eum.
273 2451 330 2493 Et
356 2446 520 2492 factum
550 2456 614 2492 est
640 2448 700 2492 sic
717 2448 748 2490 3.
779 2466 797 2489 »
823 2448 926 2490 Haec
949 2459 1049 2502 ergo
1082 2443 1347 2503 deprecatio,
1370 2455 1457 2500 qua

130 2540 139 2556 ¹
162 2534 178 2566 3
196 2537 271 2576 Reg.
289 2544 367 2571 xvir,
388 2545 439 2565 ρο.
459 2551 498 2556 -
516 2540 527 2556 ²
546 2534 633 2565 Joan.
659 2543 701 2573 xi,
726 2531 751 2572 ἦ
770 2549 810 2554 -
827 2530 840 2553 3
864 2532 878 2561 3
900 2533 976 2571 Reg.
998 2541 1078 2571 xvu,
1102 2538 1155 2561 2¹.
