1790 3187
322 236 375 263 m:
407 235 593 262 mvmzsrs
625 234 779 269 ouAEsr.
816 232 963 260 ocrea.
1001 233 1163 259 rulers.
1403 218 1428 255 9

63 316 138 353 est.
176 302 292 349 Illud
320 317 422 346 vero
456 299 573 362 quod
608 309 650 344 et
673 301 955 344 mutationem
987 299 1169 358 patitur,
1203 305 1246 341 et
1278 296 1431 341 animae

63 376 285 439 praesentia
300 409 310 428 ‚
336 387 435 418 cum
459 373 601 416 anima
622 386 710 415 non
728 371 781 414 sit
796 405 806 424 ,
829 371 970 414 vivere
991 369 1162 423 dicitur,
1183 382 1326 428 neque
1347 367 1429 411 im-

61 446 240 493 mortale
272 444 364 490 ullo
391 444 547 495 modo,
585 451 628 486 et
662 442 800 486 multo
830 442 969 485 minus
1006 449 1217 484 aeternum
1248 437 1431 497 intelligi

60 527 214 580 potest.
234 520 285 562 In
308 526 470 561 aeterno
492 515 623 572 enim⁷
638 529 735 558 cum
749 515 922 574 proprie
943 513 1116 567 dicitur,
1144 527 1286 573 neque
1308 510 1434 572 quid·

59 605 190 651 quam
211 587 478 649 praeteritum
500 585 622 646 quasi
646 586 876 640 transierit,
900 599 1043 645 neque
1063 583 1303 644 quidquam
1318 581 1433 625 futu-

60 678 155 707 rum
177 660 297 722 quasi
309 658 502 704 nondum
525 658 593 714 sit,
610 656 685 702 sed
702 656 917 718 quidquid
931 666 1010 712 est,
1027 653 1333 701 tantummodo
1350 664 1428 699 est.

117 735 313 787 Quffismo
324 732 422 775 XX.
435 732 612 773 —Deus
628 744 714 773 non
734 727 892 773 alicubi
904 738 981 773 est.
995 726 1123 782 Quod
1141 727 1256 772 enim
1270 725 1429 770 alicubi

58 813 121 850 est
140 839 151 859 ,
186 803 431 848 continetur
451 801 547 846 loco
569 819 577 844 :
611 798 731 860 quod
752 799 1000 845 continetur
1021 799 1117 844 loco
1139 834 1150 853 ‚
1175 813 1332 858 corpus
1350 805 1427 840 est.

61 880 173 922 Deus
206 884 350 920 autem
377 889 465 918 non
500 881 562 917 est
592 888 761 932 corpus.
798 874 894 918 Non
914 873 1046 931 igitur
1077 870 1235 916 alicubi
1263 878 1326 914 est
1352 889 1360 914 :
1391 877 1434 912 et

63 958 204 992 tamen
234 947 335 1007 quia
366 954 459 1000 est,
485 955 526 989 et
548 946 592 989 in
612 945 708 990 loco
740 960 828 988 non
859 953 921 988 est
945 979 955 999 ‚
980 944 1025 988 in
1057 943 1133 988 illo
1166 950 1267 987 sunt
1290 941 1433 1001 potius

58 1019 200 1065 omnia
221 1054 232 1074 ,
257 1034 388 1078 quam
410 1019 498 1078 ipse
521 1018 694 1062 alicubi.
720 1020 808 1063 Nec
835 1026 980 1061 tamen
1001 1017 1060 1061 ita
1085 1017 1131 1060 in
1153 1015 1250 1070 illo,
1275 1023 1324 1059 ut
1346 1016 1434 1074 ipse

57 1093 110 1136 sit
137 1090 271 1135 locus.
305 1093 444 1135 Locus
464 1091 579 1134 enim
602 1091 648 1134 in
670 1090 810 1150 spatio
843 1099 907 1134 est
934 1088 1053 1150 quod
1080 1087 1355 1147 longitudine
1392 1095 1435 1129 et

57 1161 286 1207 latitudine
322 1170 364 1205 et
400 1161 626 1206 altitudine
656 1162 844 1222 corporis
881 1169 1119 1220 occupatur
1152 1176 1161 1201 t
1196 1175 1276 1203 nec
1316 1161 1428 1202 Deus

0 1239 1 1243 ’
57 1232 143 1278 tale
174 1232 337 1293 aliquid
361 1242 438 1277 est.
469 1237 526 1277 Et
561 1235 704 1278 onmia
738 1234 869 1292 igitur
902 1234 945 1276 in
978 1233 1071 1291 ipso
1094 1241 1196 1276 sunt
1215 1266 1226 1285 ‚
1252 1239 1293 1274 et
1315 1229 1436 1274 locus

0 1298 1 1307 ¹
58 1319 146 1348 non
168 1313 245 1347 est.
272 1306 411 1348 Locus
434 1314 576 1348 tamen
599 1305 673 1348 Dei
692 1304 866 1348 abusive
888 1304 1048 1348 dicitur
1072 1301 1283 1361 templum
1305 1300 1381 1343 Dei
1401 1302 1433 1350 1,

60 1390 147 1419 non
169 1374 289 1434 quod
310 1390 361 1419 eo
378 1376 665 1429 contineatur,
691 1374 765 1418 sed
793 1373 911 1434 quod
930 1375 967 1416 ei
983 1388 1170 1432 praesens
1192 1372 1259 1415 sit.
1286 1370 1336 1414 Id
1360 1385 1436 1413 au-

63 1455 146 1490 tem
169 1444 278 1488 nihil
293 1445 447 1489 melius
469 1461 601 1504 quam
626 1446 765 1488 anima
787 1444 949 1488 munda
966 1442 1238 1502 intelligitur.

117 1519 311 1569 Quffisno
337 1518 458 1560 XXI.
486 1544 541 1550 —
574 1517 774 1576 Quisquis
804 1517 999 1560 omnium
1024 1531 1123 1576 quae
1157 1523 1259 1558 sunt
1287 1521 1439 1558 auctor

59 1597 138 1643 θεῖ,
159 1589 271 1634 etad
288 1590 411 1649 cujus
431 1589 668 1633 bonitatem
690 1588 734 1632 id
756 1597 927 1632 tantum
953 1588 1218 1648 pertinet‚ut
1240 1586 1292 1630 sit
1312 1600 1439 1630 omne

60 1661 179 1719 quod
201 1669 283 1715 est,
315 1676 403 1704 non
427 1675 516 1704 esse
546 1660 600 1704 ad
622 1675 721 1703 eum
740 1658 955 1719 pertinere
977 1657 1099 1702 nullo
1131 1666 1258 1717 pacto
1283 1666 1436 1715 potest.

61 1733 199 1775 Omne
226 1740 369 1775 autem
391 1732 509 1790 quod
527 1731 697 1785 deficit,
723 1733 776 1774 ab
800 1746 851 1775 eo
874 1730 994 1790 quod
1016 1739 1185 1773 estesse
1208 1729 1370 1781 deficit,
1399 1736 1442 1771 et

64 1801 203 1846 tendit
216 1802 262 1845 in
283 1817 373 1846 non
395 1817 498 1846 θεεθ.
520 1805 621 1846 Εεεθ
639 1811 783 1845 autem
803 1810 846 1845 et
866 1801 912 1844 in
930 1801 1052 1844 nullo
1073 1800 1257 1844 deficere
1276 1799 1441 1842 bonum

0 1915 1 1918 ,
63 1881 142 1927 θεῖ,
167 1881 210 1916 θῖ
228 1873 392 1917 malum
412 1883 475 1917 est
496 1873 696 1917 deficere.
718 1876 782 1917 At.
801 1871 874 1916 ille
902 1872 957 1915 ad
984 1886 1116 1931 quem
1137 1886 1226 1915 non
1249 1885 1336 1914 esse
1354 1884 1443 1913 non

65 1943 265 2002 pertinet,
285 1959 374 1988 non
404 1953 467 1987 est
487 1959 614 1987 causa
631 1942 876 1996 deficiendi,
894 1943 1032 1995 idest,
1049 1941 1259 1986 tendendi
1282 1940 1337 1984 ad
1354 1955 1444 1984 non

65 2029 183 2060 esse:
211 2016 312 2075 quia
332 2050 342 2070 ‚
369 2024 418 2059 ut
437 2015 496 2059 ita
518 2015 660 2059 dicam
680 2051 690 2070 ,
727 2014 891 2058 essendi
914 2029 1040 2058 causa
1066 2023 1144 2058 est.
1177 2013 1285 2057 Boni
1313 2012 1445 2071 igitur

70 2086 367 2131 tantummodo
391 2101 518 2130 causa
541 2096 604 2130 est
640 2107 649 2131 ;
688 2095 729 2130 θῖ
756 2094 982 2145 propterea
1014 2086 1103 2144 ipse
1125 2099 1343 2128 summum
1367 2084 1446 2127 bo·

67 2172 175 2201 num
192 2167 269 2202 est.
295 2158 505 2210 Quocirca
528 2157 629 2202 mali
660 2167 810 2202 auctor
830 2173 919 2202 non
936 2167 1015 2213 est,
1034 2158 1109 2218 qui
1134 2157 1329 2201 omnium
1347 2170 1446 2214 quae

2 2289 6 2298 .
67 2238 165 2273 sunt
182 2238 331 2274 auctor
347 2240 410 2274 est
435 2252 445 2287 3
470 2230 571 2290 quia
604 2231 647 2274 in
671 2239 884 2290 quantum
908 2239 1034 2285 sunt,
1060 2232 1105 2274 in
1128 2238 1298 2274 tantum
1332 2228 1445 2272 bona

4 2304 6 2366 L
68 2310 182 2345 sunt.

128 2377 320 2426 Quffismo
346 2376 488 2419 XXII.
512 2401 565 2406 -
595 2374 677 2418 Ubi
695 2373 814 2418 nulla
840 2375 1074 2433 indigentia
1090 2410 1100 2429 ‚
1127 2373 1246 2418 nulla
1271 2375 1448 2418 necessi-

70 2453 132 2488 tas
158 2464 166 2488 :
192 2444 270 2488 ubi
291 2444 436 2490 nullus
459 2445 669 2500 defectus,
689 2444 810 2489 nulla
835 2444 1088 2504 indigentia.
1119 2445 1274 2491 Nullus
1303 2455 1446 2489 autem

71 2514 264 2560 defectus
285 2516 330 2560 in
353 2519 441 2561 Deo
470 2538 476 2563 τ
503 2517 622 2562 nulla
646 2533 748 2575 ergo
767 2517 1008 2562 necessitas.

122 2606 130 2622 ¹
153 2600 231 2631 Psal.
254 2611 286 2641 v,
310 2601 340 2632 8.
