<?xml version="1.0" encoding="UTF-8"?>
<!DOCTYPE html PUBLIC "-//W3C//DTD XHTML 1.0 Transitional//EN"
    "http://www.w3.org/TR/xhtml1/DTD/xhtml1-transitional.dtd">
<html xmlns="http://www.w3.org/1999/xhtml" xml:lang="en" lang="en">
 <head>
  <title>
</title>
<meta http-equiv="Content-Type" content="text/html;charset=utf-8" />
  <meta name='ocr-system' content='tesseract 3.04.00' />
  <meta name='ocr-capabilities' content='ocr_page ocr_carea ocr_par ocr_line ocrx_word'/>
</head>
<body>
  <div class='ocr_page' id='page_1' title='image "./operaomniaaccura38auguuoft/operaomniaaccura38auguuoft_0094.png"; bbox 0 0 1790 3187; ppageno 0'>
   <div class='ocr_carea' id='block_1_1' title="bbox 311 207 1250 245">
    <p class='ocr_par' dir='ltr' id='par_1_1' title="bbox 311 207 1250 245">
     <span class='ocr_line' id='line_1_1' title="bbox 311 207 1250 245; baseline -0.002 -1"><span class='ocrx_word' id='word_1_1' title='bbox 311 210 332 245; x_wconf 90' lang='lat'>8</span> <span class='ocrx_word' id='word_1_2' title='bbox 342 207 364 244; x_wconf 84' lang='lat'><em>4</em></span> <span class='ocrx_word' id='word_1_3' title='bbox 742 217 773 242; x_wconf 87' lang='lat' dir='ltr'>s.</span> <span class='ocrx_word' id='word_1_4' title='bbox 811 217 834 242; x_wconf 78' lang='grc' dir='ltr'><strong>Λ</strong></span> <span class='ocrx_word' id='word_1_5' title='bbox 844 216 1039 242; x_wconf 66' lang='lat' dir='ltr'>ucusmm</span> <span class='ocrx_word' id='word_1_6' title='bbox 1074 216 1250 244; x_wconf 72' lang='lat' dir='ltr'>Emscom</span> 
     </span>
    </p>
   </div>
   <div class='ocr_carea' id='block_1_2' title="bbox 310 280 1690 340">
    <p class='ocr_par' dir='ltr' id='par_1_2' title="bbox 310 280 1690 340">
     <span class='ocr_line' id='line_1_2' title="bbox 310 280 1690 340; baseline -0.002 -14"><span class='ocrx_word' id='word_1_7' title='bbox 310 281 405 327; x_wconf 89' lang='lat' dir='ltr'>vult</span> <span class='ocrx_word' id='word_1_8' title='bbox 426 280 636 340; x_wconf 79' lang='lat' dir='ltr'>intelligi,</span> <span class='ocrx_word' id='word_1_9' title='bbox 661 289 885 325; x_wconf 86' lang='lat' dir='ltr'>mortuum</span> <span class='ocrx_word' id='word_1_10' title='bbox 907 294 975 323; x_wconf 91' lang='lat' dir='ltr'>me</span> <span class='ocrx_word' id='word_1_11' title='bbox 1000 295 1088 323; x_wconf 89' lang='lat' dir='ltr'>esse</span> <span class='ocrx_word' id='word_1_12' title='bbox 1110 282 1293 338; x_wconf 79' lang='lat' dir='ltr'>cognovi</span> <span class='ocrx_word' id='word_1_13' title='bbox 1313 299 1321 325; x_wconf 89' lang='lat'>:</span> <span class='ocrx_word' id='word_1_14' title='bbox 1341 281 1442 340; x_wconf 84' lang='lat' dir='ltr'>quia</span> <span class='ocrx_word' id='word_1_15' title='bbox 1455 281 1545 340; x_wconf 83' lang='lat' dir='ltr'>jam</span> <span class='ocrx_word' id='word_1_16' title='bbox 1562 281 1690 324; x_wconf 81' lang='lat' dir='ltr'>etiam</span> 
     </span>
    </p>
   </div>
   <div class='ocr_carea' id='block_1_3' title="bbox 306 350 1764 412">
    <p class='ocr_par' dir='ltr' id='par_1_3' title="bbox 306 350 1764 412">
     <span class='ocr_line' id='line_1_3' title="bbox 306 350 1764 412; baseline -0.002 -16"><span class='ocrx_word' id='word_1_17' title='bbox 306 352 662 412; x_wconf 66' lang='lat' dir='ltr'>praevaricatione*</span> <span class='ocrx_word' id='word_1_18' title='bbox 688 360 862 410; x_wconf 86' lang='lat' dir='ltr'>peccat,</span> <span class='ocrx_word' id='word_1_19' title='bbox 893 350 968 410; x_wconf 87' lang='lat' dir='ltr'>qui</span> <span class='ocrx_word' id='word_1_20' title='bbox 992 350 1109 395; x_wconf 88' lang='lat' dir='ltr'>videt</span> <span class='ocrx_word' id='word_1_21' title='bbox 1138 366 1212 409; x_wconf 86' lang='lat' dir='ltr'>per</span> <span class='ocrx_word' id='word_1_22' title='bbox 1241 350 1379 409; x_wconf 83' lang='lat' dir='ltr'>legem</span> <span class='ocrx_word' id='word_1_23' title='bbox 1409 351 1517 410; x_wconf 86' lang='lat' dir='ltr'>quid</span> <span class='ocrx_word' id='word_1_24' title='bbox 1550 351 1692 395; x_wconf 85' lang='lat' dir='ltr'>facere</span> <span class='ocrx_word' id='word_1_25' title='bbox 1738 362 1764 385; x_wconf 52' lang='lat' dir='ltr'><strong><em>ff</em></strong></span> 
     </span>
    </p>
   </div>
   <div class='ocr_carea' id='block_1_4' title="bbox 309 420 1705 1258">
    <p class='ocr_par' dir='ltr' id='par_1_4' title="bbox 309 420 1705 1258">
     <span class='ocr_line' id='line_1_4' title="bbox 310 420 1694 477; baseline -0.002 -11"><span class='ocrx_word' id='word_1_26' title='bbox 310 439 400 468; x_wconf 86' lang='lat' dir='ltr'>non</span> <span class='ocrx_word' id='word_1_27' title='bbox 422 423 606 477; x_wconf 87' lang='lat' dir='ltr'>debeat,</span> <span class='ocrx_word' id='word_1_28' title='bbox 642 433 685 467; x_wconf 88' lang='lat' dir='ltr'>et</span> <span class='ocrx_word' id='word_1_29' title='bbox 707 431 853 466; x_wconf 82' lang='lat' dir='ltr'>tamen</span> <span class='ocrx_word' id='word_1_30' title='bbox 881 420 999 466; x_wconf 87' lang='lat' dir='ltr'>facit.</span> <span class='ocrx_word' id='word_1_31' title='bbox 1025 421 1156 474; x_wconf 88' lang='lat' dir='ltr'>Quod</span> <span class='ocrx_word' id='word_1_32' title='bbox 1183 431 1328 466; x_wconf 88' lang='lat' dir='ltr'>autem</span> <span class='ocrx_word' id='word_1_33' title='bbox 1359 422 1442 477; x_wconf 82' lang='lat' dir='ltr'>ait,</span> <span class='ocrx_word' id='word_1_34' title='bbox 1472 441 1491 463; x_wconf 90' lang='lat'>«</span> <span class='ocrx_word' id='word_1_35' title='bbox 1521 420 1694 465; x_wconf 86' lang='lat' dir='ltr'>Fefellit</span> 
     </span>
     <span class='ocr_line' id='line_1_5' title="bbox 312 491 1695 552; baseline -0.002 -14"><span class='ocrx_word' id='word_1_36' title='bbox 312 512 333 534; x_wconf 88' lang='lat'>»</span> <span class='ocrx_word' id='word_1_37' title='bbox 359 509 428 539; x_wconf 85' lang='lat' dir='ltr'>me</span> <span class='ocrx_word' id='word_1_38' title='bbox 450 503 700 552; x_wconf 84' lang='lat' dir='ltr'>peccatum,</span> <span class='ocrx_word' id='word_1_39' title='bbox 726 493 950 537; x_wconf 84' lang='lat' dir='ltr'>occasione</span> <span class='ocrx_word' id='word_1_40' title='bbox 967 501 1141 551; x_wconf 84' lang='lat' dir='ltr'>accepta</span> <span class='ocrx_word' id='word_1_41' title='bbox 1159 508 1235 552; x_wconf 86' lang='lat' dir='ltr'>per</span> <span class='ocrx_word' id='word_1_42' title='bbox 1256 491 1511 536; x_wconf 88' lang='lat' dir='ltr'>mandatum</span> <span class='ocrx_word' id='word_1_43' title='bbox 1535 511 1543 536; x_wconf 77' lang='lat'>2</span> <span class='ocrx_word' id='word_1_44' title='bbox 1568 509 1587 532; x_wconf 89' lang='lat'>»</span> <span class='ocrx_word' id='word_1_45' title='bbox 1609 491 1695 535; x_wconf 89' lang='lat' dir='ltr'>sive</span> 
     </span>
     <span class='ocr_line' id='line_1_6' title="bbox 311 563 1694 623; baseline -0.002 -15"><span class='ocrx_word' id='word_1_46' title='bbox 311 565 415 623; x_wconf 81' lang='lat' dir='ltr'>quia</span> <span class='ocrx_word' id='word_1_47' title='bbox 437 564 577 608; x_wconf 86' lang='lat' dir='ltr'>suasio</span> <span class='ocrx_word' id='word_1_48' title='bbox 609 563 907 608; x_wconf 85' lang='lat' dir='ltr'>delectationis</span> <span class='ocrx_word' id='word_1_49' title='bbox 936 563 991 607; x_wconf 85' lang='lat' dir='ltr'>ad</span> <span class='ocrx_word' id='word_1_50' title='bbox 1014 572 1240 622; x_wconf 89' lang='lat' dir='ltr'>peccatum</span> <span class='ocrx_word' id='word_1_51' title='bbox 1274 563 1572 608; x_wconf 81' lang='lat' dir='ltr'>vehementior</span> <span class='ocrx_word' id='word_1_52' title='bbox 1609 570 1694 617; x_wconf 79' lang='lat' dir='ltr'>est,</span> 
     </span>
     <span class='ocr_line' id='line_1_7' title="bbox 310 632 1698 693; baseline -0.002 -15"><span class='ocrx_word' id='word_1_53' title='bbox 310 649 412 679; x_wconf 88' lang='lat' dir='ltr'>cum</span> <span class='ocrx_word' id='word_1_54' title='bbox 436 634 555 679; x_wconf 84' lang='lat' dir='ltr'>adest</span> <span class='ocrx_word' id='word_1_55' title='bbox 576 635 837 693; x_wconf 79' lang='lat' dir='ltr'>prohibitio3</span> <span class='ocrx_word' id='word_1_56' title='bbox 862 634 950 679; x_wconf 89' lang='lat' dir='ltr'>sive</span> <span class='ocrx_word' id='word_1_57' title='bbox 973 634 1073 693; x_wconf 89' lang='lat' dir='ltr'>quia</span> <span class='ocrx_word' id='word_1_58' title='bbox 1091 634 1218 678; x_wconf 87' lang='lat' dir='ltr'>etiam</span> <span class='ocrx_word' id='word_1_59' title='bbox 1243 634 1277 677; x_wconf 92' lang='lat' dir='ltr'>si</span> <span class='ocrx_word' id='word_1_60' title='bbox 1299 634 1405 692; x_wconf 90' lang='lat' dir='ltr'>quid</span> <span class='ocrx_word' id='word_1_61' title='bbox 1430 634 1562 678; x_wconf 90' lang='lat' dir='ltr'>homo</span> <span class='ocrx_word' id='word_1_62' title='bbox 1582 632 1698 676; x_wconf 87' lang='lat' dir='ltr'>fece-</span> 
     </span>
     <span class='ocr_line' id='line_1_8' title="bbox 314 702 1697 763; baseline -0.001 -17"><span class='ocrx_word' id='word_1_63' title='bbox 314 705 369 748; x_wconf 82' lang='lat' dir='ltr'>rit</span> <span class='ocrx_word' id='word_1_64' title='bbox 391 703 632 748; x_wconf 86' lang='lat' dir='ltr'>seeundum</span> <span class='ocrx_word' id='word_1_65' title='bbox 648 705 768 763; x_wconf 87' lang='lat' dir='ltr'>jussa</span> <span class='ocrx_word' id='word_1_66' title='bbox 793 702 899 762; x_wconf 83' lang='lat' dir='ltr'>legis</span> <span class='ocrx_word' id='word_1_67' title='bbox 916 738 927 758; x_wconf 84' lang='lat'>,</span> <span class='ocrx_word' id='word_1_68' title='bbox 953 703 986 747; x_wconf 86' lang='lat' dir='ltr'>si</span> <span class='ocrx_word' id='word_1_69' title='bbox 1007 703 1151 748; x_wconf 86' lang='lat' dir='ltr'>adhuc</span> <span class='ocrx_word' id='word_1_70' title='bbox 1174 718 1262 748; x_wconf 92' lang='lat' dir='ltr'>non</span> <span class='ocrx_word' id='word_1_71' title='bbox 1291 704 1343 747; x_wconf 88' lang='lat' dir='ltr'>sit</span> <span class='ocrx_word' id='word_1_72' title='bbox 1366 704 1473 748; x_wconf 88' lang='lat' dir='ltr'>fides</span> <span class='ocrx_word' id='word_1_73' title='bbox 1493 739 1504 759; x_wconf 82' lang='lat'>‚</span> <span class='ocrx_word' id='word_1_74' title='bbox 1531 718 1630 763; x_wconf 74' lang='lat' dir='ltr'>quae</span> <span class='ocrx_word' id='word_1_75' title='bbox 1651 703 1697 745; x_wconf 87' lang='lat' dir='ltr'>in</span> 
     </span>
     <span class='ocr_line' id='line_1_9' title="bbox 311 773 1694 833; baseline 0 -17"><span class='ocrx_word' id='word_1_76' title='bbox 311 773 445 831; x_wconf 83' lang='lat' dir='ltr'>gratia</span> <span class='ocrx_word' id='word_1_77' title='bbox 472 782 557 828; x_wconf 84' lang='lat' dir='ltr'>est,</span> <span class='ocrx_word' id='word_1_78' title='bbox 594 773 690 819; x_wconf 86' lang='lat' dir='ltr'>vult</span> <span class='ocrx_word' id='word_1_79' title='bbox 728 774 809 818; x_wconf 92' lang='lat' dir='ltr'>sibi</span> <span class='ocrx_word' id='word_1_80' title='bbox 835 775 917 818; x_wconf 93' lang='lat' dir='ltr'>hoc</span> <span class='ocrx_word' id='word_1_81' title='bbox 948 773 1140 818; x_wconf 89' lang='lat' dir='ltr'>tribuere</span> <span class='ocrx_word' id='word_1_82' title='bbox 1163 809 1173 829; x_wconf 87' lang='lat'>‚</span> <span class='ocrx_word' id='word_1_83' title='bbox 1205 790 1294 819; x_wconf 92' lang='lat' dir='ltr'>non</span> <span class='ocrx_word' id='word_1_84' title='bbox 1324 778 1434 827; x_wconf 87' lang='lat' dir='ltr'>Deo,</span> <span class='ocrx_word' id='word_1_85' title='bbox 1467 783 1510 818; x_wconf 86' lang='lat' dir='ltr'>et</span> <span class='ocrx_word' id='word_1_86' title='bbox 1546 788 1694 833; x_wconf 86' lang='lat' dir='ltr'>super·</span> 
     </span>
     <span class='ocr_line' id='line_1_10' title="bbox 309 843 1700 905; baseline -0.001 -17"><span class='ocrx_word' id='word_1_87' title='bbox 309 843 471 888; x_wconf 86' lang='lat' dir='ltr'>biendo</span> <span class='ocrx_word' id='word_1_88' title='bbox 490 844 586 903; x_wconf 89' lang='lat' dir='ltr'>plus</span> <span class='ocrx_word' id='word_1_89' title='bbox 610 854 773 904; x_wconf 89' lang='lat' dir='ltr'>peccat.</span> <span class='ocrx_word' id='word_1_90' title='bbox 802 845 1006 905; x_wconf 81' lang='lat' dir='ltr'>Sequitur</span> <span class='ocrx_word' id='word_1_91' title='bbox 1028 860 1153 904; x_wconf 76' lang='lat' dir='ltr'>ergo,</span> <span class='ocrx_word' id='word_1_92' title='bbox 1176 854 1219 889; x_wconf 89' lang='lat' dir='ltr'>et</span> <span class='ocrx_word' id='word_1_93' title='bbox 1240 845 1346 889; x_wconf 86' lang='lat' dir='ltr'>dicit</span> <span class='ocrx_word' id='word_1_94' title='bbox 1372 864 1382 890; x_wconf 91' lang='lat'>:</span> <span class='ocrx_word' id='word_1_95' title='bbox 1412 863 1429 885; x_wconf 92' lang='lat'>«</span> <span class='ocrx_word' id='word_1_96' title='bbox 1458 848 1612 905; x_wconf 84' lang='lat' dir='ltr'>Itaque</span> <span class='ocrx_word' id='word_1_97' title='bbox 1632 843 1700 887; x_wconf 85' lang='lat' dir='ltr'>lex</span> 
     </span>
     <span class='ocr_line' id='line_1_11' title="bbox 313 915 1703 976; baseline 0.001 -20"><span class='ocrx_word' id='word_1_98' title='bbox 313 934 332 957; x_wconf 92' lang='lat'>»</span> <span class='ocrx_word' id='word_1_99' title='bbox 358 915 539 976; x_wconf 90' lang='lat' dir='ltr'>quidem</span> <span class='ocrx_word' id='word_1_100' title='bbox 555 926 702 961; x_wconf 89' lang='lat' dir='ltr'>sancta</span> <span class='ocrx_word' id='word_1_101' title='bbox 721 951 731 971; x_wconf 81' lang='lat'>‚</span> <span class='ocrx_word' id='word_1_102' title='bbox 753 926 796 961; x_wconf 89' lang='lat' dir='ltr'>et</span> <span class='ocrx_word' id='word_1_103' title='bbox 819 916 1074 961; x_wconf 87' lang='lat' dir='ltr'>mandatum</span> <span class='ocrx_word' id='word_1_104' title='bbox 1097 926 1296 960; x_wconf 87' lang='lat' dir='ltr'>sanctum</span> <span class='ocrx_word' id='word_1_105' title='bbox 1317 926 1360 960; x_wconf 84' lang='lat' dir='ltr'>et</span> <span class='ocrx_word' id='word_1_106' title='bbox 1375 917 1541 975; x_wconf 86' lang='lat' dir='ltr'>justum</span> <span class='ocrx_word' id='word_1_107' title='bbox 1564 924 1605 959; x_wconf 87' lang='lat' dir='ltr'>et</span> <span class='ocrx_word' id='word_1_108' title='bbox 1623 915 1703 958; x_wconf 91' lang='lat' dir='ltr'>bo-</span> 
     </span>
     <span class='ocr_line' id='line_1_12' title="bbox 314 985 1704 1045; baseline 0.001 -18"><span class='ocrx_word' id='word_1_109' title='bbox 314 1004 336 1027; x_wconf 85' lang='lat'>»</span> <span class='ocrx_word' id='word_1_110' title='bbox 362 1001 487 1031; x_wconf 88' lang='lat' dir='ltr'>num.</span> <span class='ocrx_word' id='word_1_111' title='bbox 517 987 647 1040; x_wconf 86' lang='lat' dir='ltr'>Quod</span> <span class='ocrx_word' id='word_1_112' title='bbox 676 1002 777 1045; x_wconf 85' lang='lat' dir='ltr'>ergo</span> <span class='ocrx_word' id='word_1_113' title='bbox 809 988 976 1031; x_wconf 87' lang='lat' dir='ltr'>bonum</span> <span class='ocrx_word' id='word_1_114' title='bbox 1007 995 1097 1041; x_wconf 79' lang='lat' dir='ltr'>cst,</span> <span class='ocrx_word' id='word_1_115' title='bbox 1132 987 1240 1030; x_wconf 83' lang='lat' dir='ltr'>mihi</span> <span class='ocrx_word' id='word_1_116' title='bbox 1268 985 1433 1030; x_wconf 84' lang='lat' dir='ltr'>factum</span> <span class='ocrx_word' id='word_1_117' title='bbox 1467 995 1530 1030; x_wconf 88' lang='lat' dir='ltr'>est</span> <span class='ocrx_word' id='word_1_118' title='bbox 1557 987 1704 1029; x_wconf 71' lang='lat' dir='ltr'>mors?</span> 
     </span>
     <span class='ocr_line' id='line_1_13' title="bbox 315 1057 1701 1118; baseline 0.001 -20"><span class='ocrx_word' id='word_1_119' title='bbox 315 1076 335 1099; x_wconf 87' lang='lat'>»</span> <span class='ocrx_word' id='word_1_120' title='bbox 362 1057 488 1102; x_wconf 85' lang='lat' dir='ltr'>Absit</span> <span class='ocrx_word' id='word_1_121' title='bbox 510 1076 518 1102; x_wconf 89' lang='lat'>:</span> <span class='ocrx_word' id='word_1_122' title='bbox 545 1058 620 1102; x_wconf 86' lang='lat' dir='ltr'>sed</span> <span class='ocrx_word' id='word_1_123' title='bbox 639 1067 866 1118; x_wconf 86' lang='lat' dir='ltr'>peccatum</span> <span class='ocrx_word' id='word_1_124' title='bbox 886 1068 935 1102; x_wconf 90' lang='lat' dir='ltr'>ut</span> <span class='ocrx_word' id='word_1_125' title='bbox 948 1067 1153 1117; x_wconf 83' lang='lat' dir='ltr'>appareat</span> <span class='ocrx_word' id='word_1_126' title='bbox 1171 1068 1413 1117; x_wconf 83' lang='lat' dir='ltr'>peccatum,</span> <span class='ocrx_word' id='word_1_127' title='bbox 1437 1073 1513 1116; x_wconf 85' lang='lat' dir='ltr'>per</span> <span class='ocrx_word' id='word_1_128' title='bbox 1535 1057 1701 1101; x_wconf 86' lang='lat' dir='ltr'>bonum</span> 
     </span>
     <span class='ocr_line' id='line_1_14' title="bbox 315 1127 1704 1187; baseline 0.001 -18"><span class='ocrx_word' id='word_1_129' title='bbox 315 1145 335 1168; x_wconf 84' lang='lat'>»</span> <span class='ocrx_word' id='word_1_130' title='bbox 362 1136 591 1186; x_wconf 84' lang='lat' dir='ltr'>operatum</span> <span class='ocrx_word' id='word_1_131' title='bbox 615 1137 678 1172; x_wconf 86' lang='lat' dir='ltr'>est</span> <span class='ocrx_word' id='word_1_132' title='bbox 699 1129 804 1172; x_wconf 86' lang='lat' dir='ltr'>mihi</span> <span class='ocrx_word' id='word_1_133' title='bbox 836 1138 1042 1183; x_wconf 83' lang='lat' dir='ltr'>mortem,</span> <span class='ocrx_word' id='word_1_134' title='bbox 1071 1138 1120 1172; x_wconf 93' lang='lat' dir='ltr'>ut</span> <span class='ocrx_word' id='word_1_135' title='bbox 1150 1129 1226 1173; x_wconf 85' lang='lat' dir='ltr'>fiat</span> <span class='ocrx_word' id='word_1_136' title='bbox 1247 1144 1375 1187; x_wconf 87' lang='lat' dir='ltr'>supra</span> <span class='ocrx_word' id='word_1_137' title='bbox 1398 1127 1580 1172; x_wconf 90' lang='lat' dir='ltr'>modum</span> <span class='ocrx_word' id='word_1_138' title='bbox 1603 1142 1704 1186; x_wconf 91' lang='lat' dir='ltr'>pec-</span> 
     </span>
     <span class='ocr_line' id='line_1_15' title="bbox 315 1198 1705 1258; baseline 0.001 -19"><span class='ocrx_word' id='word_1_139' title='bbox 315 1215 336 1238; x_wconf 90' lang='lat'>»</span> <span class='ocrx_word' id='word_1_140' title='bbox 363 1206 505 1252; x_wconf 81' lang='lat' dir='ltr'>cator,</span> <span class='ocrx_word' id='word_1_141' title='bbox 526 1207 603 1242; x_wconf 86' lang='lat' dir='ltr'>aut</span> <span class='ocrx_word' id='word_1_142' title='bbox 619 1209 848 1256; x_wconf 87' lang='lat' dir='ltr'>peccatum</span> <span class='ocrx_word' id='word_1_143' title='bbox 871 1198 1131 1258; x_wconf 85' lang='lat' dir='ltr'>delinquens</span> <span class='ocrx_word' id='word_1_144' title='bbox 1149 1215 1225 1258; x_wconf 88' lang='lat' dir='ltr'>per</span> <span class='ocrx_word' id='word_1_145' title='bbox 1244 1198 1516 1244; x_wconf 86' lang='lat' dir='ltr'>mandatum.</span> <span class='ocrx_word' id='word_1_146' title='bbox 1539 1198 1705 1243; x_wconf 85' lang='lat' dir='ltr'>Scimus</span> 
     </span>
    </p>
   </div>
   <div class='ocr_carea' id='block_1_5' title="bbox 316 1269 1790 1612">
    <p class='ocr_par' dir='ltr' id='par_1_5' title="bbox 316 1269 1790 1612">
     <span class='ocr_line' id='line_1_16' title="bbox 317 1269 1762 1330; baseline -0.002 -19"><span class='ocrx_word' id='word_1_147' title='bbox 317 1287 338 1311; x_wconf 90' lang='lat'>»</span> <span class='ocrx_word' id='word_1_148' title='bbox 365 1278 510 1314; x_wconf 89' lang='lat' dir='ltr'>autem</span> <span class='ocrx_word' id='word_1_149' title='bbox 532 1269 633 1330; x_wconf 90' lang='lat' dir='ltr'>quia</span> <span class='ocrx_word' id='word_1_150' title='bbox 647 1270 718 1314; x_wconf 81' lang='lat' dir='ltr'>lex</span> <span class='ocrx_word' id='word_1_151' title='bbox 733 1270 934 1330; x_wconf 85' lang='lat' dir='ltr'>spiritalis</span> <span class='ocrx_word' id='word_1_152' title='bbox 950 1279 1028 1325; x_wconf 82' lang='lat' dir='ltr'>est,</span> <span class='ocrx_word' id='word_1_153' title='bbox 1050 1284 1129 1327; x_wconf 86' lang='lat' dir='ltr'>ego</span> <span class='ocrx_word' id='word_1_154' title='bbox 1147 1279 1291 1314; x_wconf 86' lang='lat' dir='ltr'>antem</span> <span class='ocrx_word' id='word_1_155' title='bbox 1315 1269 1496 1314; x_wconf 86' lang='lat' dir='ltr'>carnalis</span> <span class='ocrx_word' id='word_1_156' title='bbox 1519 1283 1613 1312; x_wconf 88' lang='lat' dir='ltr'>sum</span> <span class='ocrx_word' id='word_1_157' title='bbox 1627 1270 1658 1322; x_wconf 89' lang='lat'>¹,</span> <span class='ocrx_word' id='word_1_158' title='bbox 1685 1287 1702 1308; x_wconf 87' lang='lat'>»</span> <span class='ocrx_word' id='word_1_159' title='bbox 1761 1274 1762 1295; x_wconf 72' lang='lat'><em>³</em></span> 
     </span>
     <span class='ocr_line' id='line_1_17' title="bbox 316 1339 1763 1400; baseline -0.001 -16"><span class='ocrx_word' id='word_1_160' title='bbox 316 1340 362 1384; x_wconf 86' lang='lat' dir='ltr'>id</span> <span class='ocrx_word' id='word_1_161' title='bbox 383 1349 471 1395; x_wconf 86' lang='lat' dir='ltr'>est,</span> <span class='ocrx_word' id='word_1_162' title='bbox 492 1341 610 1385; x_wconf 85' lang='lat' dir='ltr'>carni</span> <span class='ocrx_word' id='word_1_163' title='bbox 627 1341 875 1395; x_wconf 81' lang='lat' dir='ltr'>consentio,</span> <span class='ocrx_word' id='word_1_164' title='bbox 895 1341 1092 1385; x_wconf 91' lang='lat' dir='ltr'>nondum</span> <span class='ocrx_word' id='word_1_165' title='bbox 1115 1340 1293 1400; x_wconf 89' lang='lat' dir='ltr'>spiritali</span> <span class='ocrx_word' id='word_1_166' title='bbox 1313 1340 1445 1398; x_wconf 85' lang='lat' dir='ltr'>gratia</span> <span class='ocrx_word' id='word_1_167' title='bbox 1465 1339 1673 1383; x_wconf 86' lang='lat' dir='ltr'>liberatus</span> <span class='ocrx_word' id='word_1_168' title='bbox 1695 1357 1703 1382; x_wconf 91' lang='lat'>:</span> <span class='ocrx_word' id='word_1_169' title='bbox 1761 1353 1763 1381; x_wconf 55' lang='grc' dir='ltr'>ὲ</span> 
     </span>
     <span class='ocr_line' id='line_1_18' title="bbox 321 1410 1762 1472; baseline -0.001 -19"><span class='ocrx_word' id='word_1_170' title='bbox 321 1430 342 1452; x_wconf 89' lang='lat'>«</span> <span class='ocrx_word' id='word_1_171' title='bbox 366 1411 645 1455; x_wconf 86' lang='lat' dir='ltr'>venundatus</span> <span class='ocrx_word' id='word_1_172' title='bbox 669 1412 752 1455; x_wconf 89' lang='lat' dir='ltr'>sub</span> <span class='ocrx_word' id='word_1_173' title='bbox 775 1420 977 1470; x_wconf 81' lang='lat' dir='ltr'>peccato,</span> <span class='ocrx_word' id='word_1_174' title='bbox 1009 1429 1030 1453; x_wconf 84' lang='lat'>»</span> <span class='ocrx_word' id='word_1_175' title='bbox 1057 1410 1103 1455; x_wconf 88' lang='lat' dir='ltr'>id</span> <span class='ocrx_word' id='word_1_176' title='bbox 1123 1420 1206 1466; x_wconf 83' lang='lat' dir='ltr'>est,</span> <span class='ocrx_word' id='word_1_177' title='bbox 1233 1426 1416 1470; x_wconf 88' lang='lat' dir='ltr'>peccans</span> <span class='ocrx_word' id='word_1_178' title='bbox 1433 1410 1573 1471; x_wconf 79' lang='lat' dir='ltr'>pretio</span> <span class='ocrx_word' id='word_1_179' title='bbox 1596 1419 1706 1454; x_wconf 87' lang='lat' dir='ltr'>tem·</span> <span class='ocrx_word' id='word_1_180' title='bbox 1760 1421 1762 1472; x_wconf 53' lang='grc' dir='ltr'>ξ</span> 
     </span>
     <span class='ocr_line' id='line_1_19' title="bbox 319 1480 1762 1541; baseline -0.001 -16"><span class='ocrx_word' id='word_1_181' title='bbox 319 1480 534 1539; x_wconf 88' lang='lat' dir='ltr'>poralium</span> <span class='ocrx_word' id='word_1_182' title='bbox 556 1481 847 1540; x_wconf 88' lang='lat' dir='ltr'>voluptatum.</span> <span class='ocrx_word' id='word_1_183' title='bbox 874 1501 895 1524; x_wconf 90' lang='lat'>«</span> <span class='ocrx_word' id='word_1_184' title='bbox 916 1480 1046 1535; x_wconf 87' lang='lat' dir='ltr'>Quod</span> <span class='ocrx_word' id='word_1_185' title='bbox 1069 1482 1183 1525; x_wconf 89' lang='lat' dir='ltr'>enim</span> <span class='ocrx_word' id='word_1_186' title='bbox 1204 1497 1359 1541; x_wconf 86' lang='lat' dir='ltr'>operor</span> <span class='ocrx_word' id='word_1_187' title='bbox 1375 1517 1386 1538; x_wconf 79' lang='lat'>‚</span> <span class='ocrx_word' id='word_1_188' title='bbox 1406 1482 1560 1540; x_wconf 84' lang='lat' dir='ltr'>ignoro</span> <span class='ocrx_word' id='word_1_189' title='bbox 1583 1501 1591 1525; x_wconf 89' lang='lat'>:</span> <span class='ocrx_word' id='word_1_190' title='bbox 1620 1499 1640 1521; x_wconf 86' lang='lat'>»</span> <span class='ocrx_word' id='word_1_191' title='bbox 1666 1480 1713 1524; x_wconf 85' lang='lat' dir='ltr'>id</span> <span class='ocrx_word' id='word_1_192' title='bbox 1761 1511 1762 1514; x_wconf 50' lang='lat'><em>=</em></span> 
     </span>
     <span class='ocr_line' id='line_1_20' title="bbox 319 1539 1790 1612; baseline -0.001 -16"><span class='ocrx_word' id='word_1_193' title='bbox 319 1561 384 1596; x_wconf 90' lang='lat' dir='ltr'>est</span> <span class='ocrx_word' id='word_1_194' title='bbox 400 1587 411 1607; x_wconf 83' lang='lat'>‚</span> <span class='ocrx_word' id='word_1_195' title='bbox 437 1567 527 1597; x_wconf 90' lang='lat' dir='ltr'>non</span> <span class='ocrx_word' id='word_1_196' title='bbox 549 1567 734 1610; x_wconf 86' lang='lat' dir='ltr'>agnosco</span> <span class='ocrx_word' id='word_1_197' title='bbox 757 1568 846 1597; x_wconf 89' lang='lat' dir='ltr'>esse</span> <span class='ocrx_word' id='word_1_198' title='bbox 867 1553 913 1596; x_wconf 88' lang='lat' dir='ltr'>in</span> <span class='ocrx_word' id='word_1_199' title='bbox 935 1553 1160 1612; x_wconf 80' lang='lat' dir='ltr'>praeceptis</span> <span class='ocrx_word' id='word_1_200' title='bbox 1182 1554 1374 1598; x_wconf 86' lang='lat' dir='ltr'>veritatis</span> <span class='ocrx_word' id='word_1_201' title='bbox 1390 1588 1400 1608; x_wconf 88' lang='lat'><strong>‚</strong></span> <span class='ocrx_word' id='word_1_202' title='bbox 1426 1554 1501 1596; x_wconf 88' lang='lat' dir='ltr'>ubi</span> <span class='ocrx_word' id='word_1_203' title='bbox 1526 1561 1588 1596; x_wconf 87' lang='lat' dir='ltr'>est</span> <span class='ocrx_word' id='word_1_204' title='bbox 1608 1566 1709 1596; x_wconf 88' lang='lat' dir='ltr'>vera</span> <span class='ocrx_word' id='word_1_205' title='bbox 1760 1539 1762 1592; x_wconf 67' lang='grc' dir='ltr'><strong>Ῑ</strong></span> <span class='ocrx_word' id='word_1_206' title='bbox 1787 1569 1790 1594; x_wconf 86' lang='lat'>:</span> 
     </span>
    </p>
   </div>
   <div class='ocr_carea' id='block_1_6' title="bbox 321 1623 1708 1682">
    <p class='ocr_par' dir='ltr' id='par_1_6' title="bbox 321 1623 1708 1682">
     <span class='ocr_line' id='line_1_21' title="bbox 321 1623 1708 1682; baseline 0 -16"><span class='ocrx_word' id='word_1_207' title='bbox 321 1623 513 1667; x_wconf 86' lang='lat' dir='ltr'>scientia.</span> <span class='ocrx_word' id='word_1_208' title='bbox 545 1623 796 1667; x_wconf 88' lang='lat' dir='ltr'>Secundum</span> <span class='ocrx_word' id='word_1_209' title='bbox 823 1625 933 1668; x_wconf 87' lang='lat' dir='ltr'>hanc</span> <span class='ocrx_word' id='word_1_210' title='bbox 957 1623 1224 1668; x_wconf 88' lang='lat' dir='ltr'>locutionem</span> <span class='ocrx_word' id='word_1_211' title='bbox 1247 1623 1353 1669; x_wconf 86' lang='lat' dir='ltr'>dicit</span> <span class='ocrx_word' id='word_1_212' title='bbox 1375 1623 1585 1668; x_wconf 86' lang='lat' dir='ltr'>Dominus</span> <span class='ocrx_word' id='word_1_213' title='bbox 1606 1638 1708 1682; x_wconf 86' lang='lat' dir='ltr'>pec-</span> 
     </span>
    </p>
   </div>
   <div class='ocr_carea' id='block_1_7' title="bbox 322 1691 1761 1753">
    <p class='ocr_par' dir='ltr' id='par_1_7' title="bbox 322 1691 1761 1753">
     <span class='ocr_line' id='line_1_22' title="bbox 322 1691 1761 1753; baseline -0.001 -17"><span class='ocrx_word' id='word_1_214' title='bbox 322 1692 544 1736; x_wconf 85' lang='lat' dir='ltr'>catoribus</span> <span class='ocrx_word' id='word_1_215' title='bbox 559 1727 569 1746; x_wconf 86' lang='lat'>,</span> <span class='ocrx_word' id='word_1_216' title='bbox 594 1710 615 1734; x_wconf 89' lang='lat'>«</span> <span class='ocrx_word' id='word_1_217' title='bbox 634 1695 731 1738; x_wconf 92' lang='lat' dir='ltr'>Non</span> <span class='ocrx_word' id='word_1_218' title='bbox 749 1694 849 1737; x_wconf 91' lang='lat' dir='ltr'>novi</span> <span class='ocrx_word' id='word_1_219' title='bbox 862 1695 978 1738; x_wconf 71' lang='lat' dir='ltr'>vos3.</span> <span class='ocrx_word' id='word_1_220' title='bbox 1004 1712 1023 1734; x_wconf 90' lang='lat'>»</span> <span class='ocrx_word' id='word_1_221' title='bbox 1043 1696 1139 1739; x_wconf 92' lang='lat' dir='ltr'>Non</span> <span class='ocrx_word' id='word_1_222' title='bbox 1155 1694 1270 1737; x_wconf 80' lang='lat' dir='ltr'>enim</span> <span class='ocrx_word' id='word_1_223' title='bbox 1289 1709 1389 1737; x_wconf 89' lang='lat' dir='ltr'>eum</span> <span class='ocrx_word' id='word_1_224' title='bbox 1409 1691 1572 1753; x_wconf 87' lang='lat' dir='ltr'>aliquid</span> <span class='ocrx_word' id='word_1_225' title='bbox 1588 1692 1708 1746; x_wconf 84' lang='lat' dir='ltr'>latet,</span> <span class='ocrx_word' id='word_1_226' title='bbox 1760 1719 1761 1727; x_wconf 31' lang='grc' dir='ltr'><strong>κ</strong></span> 
     </span>
    </p>
   </div>
   <div class='ocr_carea' id='block_1_8' title="bbox 322 1761 1708 1823">
    <p class='ocr_par' dir='ltr' id='par_1_8' title="bbox 322 1761 1708 1823">
     <span class='ocr_line' id='line_1_23' title="bbox 322 1761 1708 1823; baseline 0.001 -18"><span class='ocrx_word' id='word_1_227' title='bbox 322 1761 398 1805; x_wconf 92' lang='lat' dir='ltr'>sed</span> <span class='ocrx_word' id='word_1_228' title='bbox 415 1762 518 1821; x_wconf 87' lang='lat' dir='ltr'>quia</span> <span class='ocrx_word' id='word_1_229' title='bbox 536 1771 714 1821; x_wconf 87' lang='lat' dir='ltr'>peccata</span> <span class='ocrx_word' id='word_1_230' title='bbox 728 1778 818 1807; x_wconf 90' lang='lat' dir='ltr'>non</span> <span class='ocrx_word' id='word_1_231' title='bbox 831 1764 1115 1808; x_wconf 87' lang='lat' dir='ltr'>inveniuntur</span> <span class='ocrx_word' id='word_1_232' title='bbox 1130 1765 1174 1808; x_wconf 92' lang='lat' dir='ltr'>in</span> <span class='ocrx_word' id='word_1_233' title='bbox 1192 1763 1350 1822; x_wconf 82' lang='lat' dir='ltr'>regulis</span> <span class='ocrx_word' id='word_1_234' title='bbox 1371 1767 1708 1823; x_wconf 76' lang='lat' dir='ltr'>praeceptorum,</span> 
     </span>
    </p>
   </div>
   <div class='ocr_carea' id='block_1_9' title="bbox 323 1832 1790 1958">
    <p class='ocr_par' dir='ltr' id='par_1_9' title="bbox 323 1832 1790 1958">
     <span class='ocr_line' id='line_1_24' title="bbox 323 1832 1790 1894; baseline -0.001 -18"><span class='ocrx_word' id='word_1_235' title='bbox 323 1848 431 1893; x_wconf 88' lang='lat' dir='ltr'>quas</span> <span class='ocrx_word' id='word_1_236' title='bbox 451 1832 584 1877; x_wconf 81' lang='lat' dir='ltr'>habet</span> <span class='ocrx_word' id='word_1_237' title='bbox 606 1834 762 1878; x_wconf 87' lang='lat' dir='ltr'>veritas</span> <span class='ocrx_word' id='word_1_238' title='bbox 781 1869 791 1888; x_wconf 88' lang='lat'>,</span> <span class='ocrx_word' id='word_1_239' title='bbox 827 1833 925 1879; x_wconf 86' lang='lat' dir='ltr'>ideo</span> <span class='ocrx_word' id='word_1_240' title='bbox 948 1835 1039 1894; x_wconf 89' lang='lat' dir='ltr'>ipsa</span> <span class='ocrx_word' id='word_1_241' title='bbox 1063 1835 1230 1879; x_wconf 83' lang='lat' dir='ltr'>Veritas</span> <span class='ocrx_word' id='word_1_242' title='bbox 1253 1834 1555 1894; x_wconf 67' lang='lat' dir='ltr'>peccatoribus</span> <span class='ocrx_word' id='word_1_243' title='bbox 1576 1833 1708 1888; x_wconf 85' lang='lat' dir='ltr'>dicit,</span> <span class='ocrx_word' id='word_1_244' title='bbox 1759 1875 1760 1880; x_wconf 68' lang='grc'>,</span> <span class='ocrx_word' id='word_1_245' title='bbox 1789 1871 1790 1874; x_wconf 75' lang='grc'>,</span> 
     </span>
     <span class='ocr_line' id='line_1_25' title="bbox 329 1903 1790 1958; baseline 0.001 -15"><span class='ocrx_word' id='word_1_246' title='bbox 329 1920 349 1945; x_wconf 89' lang='lat'>«</span> <span class='ocrx_word' id='word_1_247' title='bbox 374 1904 472 1947; x_wconf 88' lang='lat' dir='ltr'>Non</span> <span class='ocrx_word' id='word_1_248' title='bbox 489 1903 591 1947; x_wconf 85' lang='lat' dir='ltr'>novi</span> <span class='ocrx_word' id='word_1_249' title='bbox 603 1918 693 1947; x_wconf 92' lang='lat' dir='ltr'>vos.</span> <span class='ocrx_word' id='word_1_250' title='bbox 714 1904 734 1944; x_wconf 77' lang='lat'>&#39;»</span> <span class='ocrx_word' id='word_1_251' title='bbox 757 1903 879 1948; x_wconf 89' lang='lat' dir='ltr'>Sicut</span> <span class='ocrx_word' id='word_1_252' title='bbox 894 1904 1011 1948; x_wconf 89' lang='lat' dir='ltr'>enim</span> <span class='ocrx_word' id='word_1_253' title='bbox 1028 1905 1221 1948; x_wconf 82' lang='lat' dir='ltr'>tenebrae</span> <span class='ocrx_word' id='word_1_254' title='bbox 1241 1904 1376 1949; x_wconf 87' lang='lat' dir='ltr'>oculis</span> <span class='ocrx_word' id='word_1_255' title='bbox 1393 1920 1482 1949; x_wconf 90' lang='lat' dir='ltr'>non</span> <span class='ocrx_word' id='word_1_256' title='bbox 1499 1903 1708 1958; x_wconf 83' lang='lat' dir='ltr'>videndo,</span> <span class='ocrx_word' id='word_1_257' title='bbox 1759 1904 1760 1945; x_wconf 58' lang='lat'>4</span> <span class='ocrx_word' id='word_1_258' title='bbox 1787 1924 1790 1936; x_wconf 82' lang='lat'>‹</span> 
     </span>
    </p>
   </div>
   <div class='ocr_carea' id='block_1_10' title="bbox 325 1973 1714 2033">
    <p class='ocr_par' dir='ltr' id='par_1_10' title="bbox 325 1973 1714 2033">
     <span class='ocr_line' id='line_1_26' title="bbox 325 1973 1714 2033; baseline 0.001 -17"><span class='ocrx_word' id='word_1_259' title='bbox 325 1973 383 2017; x_wconf 84' lang='lat' dir='ltr'>ita</span> <span class='ocrx_word' id='word_1_260' title='bbox 405 1982 582 2032; x_wconf 87' lang='lat' dir='ltr'>peccata</span> <span class='ocrx_word' id='word_1_261' title='bbox 600 1983 745 2018; x_wconf 87' lang='lat' dir='ltr'>mente</span> <span class='ocrx_word' id='word_1_262' title='bbox 765 1974 1009 2033; x_wconf 83' lang='lat' dir='ltr'>ignorando</span> <span class='ocrx_word' id='word_1_263' title='bbox 1029 1975 1290 2019; x_wconf 82' lang='lat' dir='ltr'>sentiuntur.</span> <span class='ocrx_word' id='word_1_264' title='bbox 1314 1978 1378 2020; x_wconf 83' lang='lat' dir='ltr'>Ex</span> <span class='ocrx_word' id='word_1_265' title='bbox 1397 1976 1476 2019; x_wconf 87' lang='lat' dir='ltr'>ista</span> <span class='ocrx_word' id='word_1_266' title='bbox 1493 1975 1714 2019; x_wconf 86' lang='lat' dir='ltr'>locutione</span> 
     </span>
    </p>
   </div>
   <div class='ocr_carea' id='block_1_11' title="bbox 327 2041 1759 2245">
    <p class='ocr_par' dir='ltr' id='par_1_11' title="bbox 327 2041 1759 2245">
     <span class='ocr_line' id='line_1_27' title="bbox 327 2041 1759 2105; baseline -0.001 -19"><span class='ocrx_word' id='word_1_267' title='bbox 327 2041 495 2087; x_wconf 87' lang='lat' dir='ltr'>dictum</span> <span class='ocrx_word' id='word_1_268' title='bbox 528 2044 715 2088; x_wconf 83' lang='lat' dir='ltr'>arbitror</span> <span class='ocrx_word' id='word_1_269' title='bbox 741 2044 786 2088; x_wconf 88' lang='lat' dir='ltr'>in</span> <span class='ocrx_word' id='word_1_270' title='bbox 810 2044 1011 2100; x_wconf 70' lang='lat' dir='ltr'>Psalmis7</span> <span class='ocrx_word' id='word_1_271' title='bbox 1047 2065 1066 2087; x_wconf 92' lang='lat'>«</span> <span class='ocrx_word' id='word_1_272' title='bbox 1094 2046 1255 2089; x_wconf 87' lang='lat' dir='ltr'>Delicta</span> <span class='ocrx_word' id='word_1_273' title='bbox 1286 2045 1381 2105; x_wconf 89' lang='lat' dir='ltr'>quis</span> <span class='ocrx_word' id='word_1_274' title='bbox 1407 2045 1665 2103; x_wconf 63' lang='lat' dir='ltr'>intelligitss?</span> <span class='ocrx_word' id='word_1_275' title='bbox 1690 2063 1710 2085; x_wconf 88' lang='lat'>»</span> <span class='ocrx_word' id='word_1_276' title='bbox 1758 2050 1759 2058; x_wconf 63' lang='lat'>¹</span> 
     </span>
     <span class='ocr_line' id='line_1_28' title="bbox 332 2113 1759 2175; baseline -0.001 -16"><span class='ocrx_word' id='word_1_277' title='bbox 332 2132 351 2154; x_wconf 94' lang='lat'>«</span> <span class='ocrx_word' id='word_1_278' title='bbox 377 2116 475 2159; x_wconf 91' lang='lat' dir='ltr'>Non</span> <span class='ocrx_word' id='word_1_279' title='bbox 488 2113 604 2158; x_wconf 90' lang='lat' dir='ltr'>enim</span> <span class='ocrx_word' id='word_1_280' title='bbox 624 2115 744 2174; x_wconf 89' lang='lat' dir='ltr'>quod</span> <span class='ocrx_word' id='word_1_281' title='bbox 762 2115 863 2160; x_wconf 91' lang='lat' dir='ltr'>volo</span> <span class='ocrx_word' id='word_1_282' title='bbox 877 2150 887 2170; x_wconf 84' lang='lat'>‚</span> <span class='ocrx_word' id='word_1_283' title='bbox 905 2116 988 2159; x_wconf 90' lang='lat' dir='ltr'>hoc</span> <span class='ocrx_word' id='word_1_284' title='bbox 1006 2130 1111 2174; x_wconf 80' lang='lat' dir='ltr'>ago3</span> <span class='ocrx_word' id='word_1_285' title='bbox 1128 2116 1202 2159; x_wconf 88' lang='lat' dir='ltr'>sed</span> <span class='ocrx_word' id='word_1_286' title='bbox 1218 2117 1337 2175; x_wconf 90' lang='lat' dir='ltr'>quod</span> <span class='ocrx_word' id='word_1_287' title='bbox 1353 2115 1442 2171; x_wconf 74' lang='lat' dir='ltr'>odi,</span> <span class='ocrx_word' id='word_1_288' title='bbox 1459 2115 1570 2159; x_wconf 85' lang='lat' dir='ltr'>illud</span> <span class='ocrx_word' id='word_1_289' title='bbox 1584 2114 1710 2160; x_wconf 84' lang='lat' dir='ltr'>facio.</span> <span class='ocrx_word' id='word_1_290' title='bbox 1758 2125 1759 2133; x_wconf 62' lang='lat'>¹</span> 
     </span>
     <span class='ocr_line' id='line_1_29' title="bbox 332 2184 1714 2245; baseline 0.001 -19"><span class='ocrx_word' id='word_1_291' title='bbox 332 2201 352 2224; x_wconf 85' lang='lat'>»</span> <span class='ocrx_word' id='word_1_292' title='bbox 381 2184 425 2228; x_wconf 88' lang='lat' dir='ltr'>Si</span> <span class='ocrx_word' id='word_1_293' title='bbox 447 2192 593 2228; x_wconf 87' lang='lat' dir='ltr'>autem</span> <span class='ocrx_word' id='word_1_294' title='bbox 615 2184 736 2243; x_wconf 87' lang='lat' dir='ltr'>quod</span> <span class='ocrx_word' id='word_1_295' title='bbox 759 2184 861 2229; x_wconf 91' lang='lat' dir='ltr'>nolo</span> <span class='ocrx_word' id='word_1_296' title='bbox 876 2219 887 2240; x_wconf 86' lang='lat'>‚</span> <span class='ocrx_word' id='word_1_297' title='bbox 911 2186 993 2229; x_wconf 93' lang='lat' dir='ltr'>hoc</span> <span class='ocrx_word' id='word_1_298' title='bbox 1016 2200 1098 2244; x_wconf 83' lang='lat' dir='ltr'>ago</span> <span class='ocrx_word' id='word_1_299' title='bbox 1113 2219 1124 2241; x_wconf 86' lang='lat'>‚</span> <span class='ocrx_word' id='word_1_300' title='bbox 1156 2185 1380 2230; x_wconf 85' lang='lat' dir='ltr'>consentio</span> <span class='ocrx_word' id='word_1_301' title='bbox 1402 2186 1487 2244; x_wconf 79' lang='lat' dir='ltr'>legi</span> <span class='ocrx_word' id='word_1_302' title='bbox 1508 2185 1714 2245; x_wconf 85' lang='lat' dir='ltr'>quoniam</span> 
     </span>
    </p>
   </div>
   <div class='ocr_carea' id='block_1_12' title="bbox 335 2252 1717 2314">
    <p class='ocr_par' dir='ltr' id='par_1_12' title="bbox 335 2252 1717 2314">
     <span class='ocr_line' id='line_1_30' title="bbox 335 2252 1717 2314; baseline 0.004 -21"><span class='ocrx_word' id='word_1_303' title='bbox 335 2270 353 2294; x_wconf 93' lang='lat'>»</span> <span class='ocrx_word' id='word_1_304' title='bbox 380 2252 497 2297; x_wconf 89' lang='lat' dir='ltr'>bona</span> <span class='ocrx_word' id='word_1_305' title='bbox 517 2262 595 2297; x_wconf 90' lang='lat' dir='ltr'>est.</span> <span class='ocrx_word' id='word_1_306' title='bbox 622 2256 748 2300; x_wconf 92' lang='lat' dir='ltr'>Nunc</span> <span class='ocrx_word' id='word_1_307' title='bbox 767 2264 912 2299; x_wconf 85' lang='lat' dir='ltr'>autem</span> <span class='ocrx_word' id='word_1_308' title='bbox 932 2256 1022 2314; x_wconf 86' lang='lat' dir='ltr'>jam</span> <span class='ocrx_word' id='word_1_309' title='bbox 1043 2270 1131 2299; x_wconf 90' lang='lat' dir='ltr'>non</span> <span class='ocrx_word' id='word_1_310' title='bbox 1150 2270 1229 2313; x_wconf 83' lang='lat' dir='ltr'>ego</span> <span class='ocrx_word' id='word_1_311' title='bbox 1252 2271 1406 2314; x_wconf 82' lang='lat' dir='ltr'>operor</span> <span class='ocrx_word' id='word_1_312' title='bbox 1424 2255 1551 2310; x_wconf 81' lang='lat' dir='ltr'>illud,</span> <span class='ocrx_word' id='word_1_313' title='bbox 1576 2254 1651 2299; x_wconf 89' lang='lat' dir='ltr'>sed</span> <span class='ocrx_word' id='word_1_314' title='bbox 1673 2253 1717 2298; x_wconf 90' lang='lat' dir='ltr'>id</span> 
     </span>
    </p>
   </div>
   <div class='ocr_carea' id='block_1_13' title="bbox 332 2315 1759 2385">
    <p class='ocr_par' dir='ltr' id='par_1_13' title="bbox 332 2315 1759 2385">
     <span class='ocr_line' id='line_1_31' title="bbox 332 2315 1759 2385; baseline 0.005 -22"><span class='ocrx_word' id='word_1_315' title='bbox 332 2338 352 2362; x_wconf 92' lang='lat'>»</span> <span class='ocrx_word' id='word_1_316' title='bbox 379 2323 501 2382; x_wconf 89' lang='lat' dir='ltr'>quod</span> <span class='ocrx_word' id='word_1_317' title='bbox 516 2323 562 2367; x_wconf 93' lang='lat' dir='ltr'>in</span> <span class='ocrx_word' id='word_1_318' title='bbox 580 2338 649 2367; x_wconf 91' lang='lat' dir='ltr'>me</span> <span class='ocrx_word' id='word_1_319' title='bbox 668 2324 836 2368; x_wconf 86' lang='lat' dir='ltr'>habitat</span> <span class='ocrx_word' id='word_1_320' title='bbox 859 2334 1099 2384; x_wconf 89' lang='lat' dir='ltr'>peccatum.</span> <span class='ocrx_word' id='word_1_321' title='bbox 1135 2326 1232 2369; x_wconf 87' lang='lat' dir='ltr'>Scio</span> <span class='ocrx_word' id='word_1_322' title='bbox 1261 2326 1374 2368; x_wconf 88' lang='lat' dir='ltr'>enim</span> <span class='ocrx_word' id='word_1_323' title='bbox 1399 2326 1500 2385; x_wconf 87' lang='lat' dir='ltr'>quia</span> <span class='ocrx_word' id='word_1_324' title='bbox 1528 2340 1616 2370; x_wconf 91' lang='lat' dir='ltr'>non</span> <span class='ocrx_word' id='word_1_325' title='bbox 1639 2326 1716 2369; x_wconf 90' lang='lat' dir='ltr'>ha·</span> <span class='ocrx_word' id='word_1_326' title='bbox 1757 2315 1759 2370; x_wconf 58' lang='grc' dir='ltr'>ξ</span> 
     </span>
    </p>
   </div>
   <div class='ocr_carea' id='block_1_14' title="bbox 1750 258 1776 1927">
    <p class='ocr_par' dir='ltr' id='par_1_14' title="bbox 1750 258 1776 1927">
     <span class='ocr_line' id='line_1_32' title="bbox 1750 258 1776 1927; baseline 0 0"><span class='ocrx_word' id='word_1_327' title='bbox 1750 258 1776 1927; x_wconf 95' lang='lat' dir='ltr'> </span> 
     </span>
    </p>
   </div>
   <div class='ocr_carea' id='block_1_15' title="bbox 1746 258 1778 2391">
    <p class='ocr_par' dir='ltr' id='par_1_15' title="bbox 1746 258 1778 2391">
     <span class='ocr_line' id='line_1_33' title="bbox 1746 258 1778 2391; baseline 0 0"><span class='ocrx_word' id='word_1_328' title='bbox 1746 258 1778 2391; x_wconf 95' lang='lat' dir='ltr'> </span> 
     </span>
    </p>
   </div>
   <div class='ocr_carea' id='block_1_16' title="bbox 333 2393 1758 2535">
    <p class='ocr_par' dir='ltr' id='par_1_16' title="bbox 333 2393 1758 2535">
     <span class='ocr_line' id='line_1_34' title="bbox 333 2393 1758 2450; baseline 0.001 -14"><span class='ocrx_word' id='word_1_329' title='bbox 333 2410 354 2434; x_wconf 84' lang='lat'>&gt;›</span> <span class='ocrx_word' id='word_1_330' title='bbox 381 2393 492 2438; x_wconf 90' lang='lat' dir='ltr'>bitat</span> <span class='ocrx_word' id='word_1_331' title='bbox 513 2394 559 2438; x_wconf 87' lang='lat' dir='ltr'>in</span> <span class='ocrx_word' id='word_1_332' title='bbox 580 2410 672 2450; x_wconf 82' lang='lat' dir='ltr'>me,</span> <span class='ocrx_word' id='word_1_333' title='bbox 698 2396 782 2440; x_wconf 89' lang='lat' dir='ltr'>hoc</span> <span class='ocrx_word' id='word_1_334' title='bbox 803 2405 887 2450; x_wconf 86' lang='lat' dir='ltr'>est,</span> <span class='ocrx_word' id='word_1_335' title='bbox 913 2396 956 2439; x_wconf 91' lang='lat' dir='ltr'>in</span> <span class='ocrx_word' id='word_1_336' title='bbox 979 2411 1107 2440; x_wconf 88' lang='lat' dir='ltr'>carne</span> <span class='ocrx_word' id='word_1_337' title='bbox 1130 2412 1223 2440; x_wconf 88' lang='lat' dir='ltr'>mea</span> <span class='ocrx_word' id='word_1_338' title='bbox 1247 2397 1428 2441; x_wconf 80' lang='lat' dir='ltr'>bonum.</span> <span class='ocrx_word' id='word_1_339' title='bbox 1454 2395 1575 2439; x_wconf 87' lang='lat' dir='ltr'>Velle</span> <span class='ocrx_word' id='word_1_340' title='bbox 1603 2396 1713 2439; x_wconf 89' lang='lat' dir='ltr'>enim</span> <span class='ocrx_word' id='word_1_341' title='bbox 1757 2396 1758 2401; x_wconf 74' lang='grc'>’</span> 
     </span>
     <span class='ocr_line' id='line_1_35' title="bbox 335 2462 1757 2535; baseline 0.002 -28"><span class='ocrx_word' id='word_1_342' title='bbox 335 2481 354 2505; x_wconf 83' lang='lat'>»</span> <span class='ocrx_word' id='word_1_343' title='bbox 381 2462 548 2524; x_wconf 84' lang='lat' dir='ltr'>adjacet</span> <span class='ocrx_word' id='word_1_344' title='bbox 569 2466 701 2521; x_wconf 81' lang='lat' dir='ltr'>mihi,</span> <span class='ocrx_word' id='word_1_345' title='bbox 723 2466 930 2525; x_wconf 86' lang='lat' dir='ltr'>perficere</span> <span class='ocrx_word' id='word_1_346' title='bbox 953 2476 1098 2510; x_wconf 88' lang='lat' dir='ltr'>autem</span> <span class='ocrx_word' id='word_1_347' title='bbox 1117 2466 1282 2510; x_wconf 86' lang='lat' dir='ltr'>bonum</span> <span class='ocrx_word' id='word_1_348' title='bbox 1300 2481 1388 2511; x_wconf 92' lang='lat' dir='ltr'>non</span> <span class='ocrx_word' id='word_1_349' title='bbox 1406 2466 1594 2511; x_wconf 88' lang='lat' dir='ltr'>invenio.</span> <span class='ocrx_word' id='word_1_350' title='bbox 1621 2468 1717 2511; x_wconf 90' lang='lat' dir='ltr'>Non</span> <span class='ocrx_word' id='word_1_351' title='bbox 1756 2502 1757 2535; x_wconf 24' lang='grc' dir='ltr'>ᾗ</span> 
     </span>
    </p>
   </div>
   <div class='ocr_carea' id='block_1_17' title="bbox 381 2550 1556 2593">
    <p class='ocr_par' dir='ltr' id='par_1_17' title="bbox 381 2550 1556 2593">
     <span class='ocr_line' id='line_1_36' title="bbox 381 2550 1556 2593; baseline 0.001 -11"><span class='ocrx_word' id='word_1_352' title='bbox 381 2555 389 2572; x_wconf 90' lang='lat'><em>¹</em></span> <span class='ocrx_word' id='word_1_353' title='bbox 418 2550 509 2582; x_wconf 85' lang='lat' dir='ltr'>Rom.</span> <span class='ocrx_word' id='word_1_354' title='bbox 529 2559 586 2588; x_wconf 82' lang='lat' dir='ltr'>vu,</span> <span class='ocrx_word' id='word_1_355' title='bbox 610 2558 647 2582; x_wconf 84' lang='lat'>12</span> <span class='ocrx_word' id='word_1_356' title='bbox 667 2554 699 2583; x_wconf 85' lang='lat' dir='ltr'>et</span> <span class='ocrx_word' id='word_1_357' title='bbox 720 2559 811 2593; x_wconf 73' lang='lat' dir='ltr'>seqq.</span> <span class='ocrx_word' id='word_1_358' title='bbox 828 2568 868 2573; x_wconf 85' lang='lat'>—-</span> <span class='ocrx_word' id='word_1_359' title='bbox 888 2558 897 2573; x_wconf 82' lang='lat'>²</span> <span class='ocrx_word' id='word_1_360' title='bbox 919 2551 1031 2583; x_wconf 81' lang='lat' dir='ltr'>Matth.</span> <span class='ocrx_word' id='word_1_361' title='bbox 1054 2563 1109 2592; x_wconf 71' lang='lat' dir='ltr'>vn,</span> <span class='ocrx_word' id='word_1_362' title='bbox 1130 2552 1182 2583; x_wconf 70' lang='lat'>¹23.</span> <span class='ocrx_word' id='word_1_363' title='bbox 1203 2568 1239 2573; x_wconf 84' lang='lat'><em>-</em></span> <span class='ocrx_word' id='word_1_364' title='bbox 1259 2550 1270 2573; x_wconf 78' lang='lat'>3</span> <span class='ocrx_word' id='word_1_365' title='bbox 1292 2551 1369 2582; x_wconf 74' lang='lat' dir='ltr'>Psal.</span> <span class='ocrx_word' id='word_1_366' title='bbox 1390 2562 1481 2590; x_wconf 78' lang='lat' dir='ltr'>xvm,</span> <span class='ocrx_word' id='word_1_367' title='bbox 1507 2551 1556 2583; x_wconf 84' lang='lat'>13.</span> 
     </span>
    </p>
   </div>
  </div>
 </body>
</html>
