1790 3187
328 261 411 298 516
771 272 800 292 ⁵2.
842 268 1066 294 AUGUsTffll
1103 267 1277 294 EPISCO}·1

323 336 685 393 circumspargere
705 341 835 391 atque
854 332 1015 391 jactare
1046 347 1134 375 non
1155 340 1302 375 cessat.
1330 333 1521 375 Numero
1557 339 1705 374 autem

322 403 667 464 quadragenario
701 402 831 446 vitam
869 402 995 445 istam
1030 411 1255 460 propterea
1295 400 1467 457 figurari
1505 400 1706 455 arbitror,

321 476 423 534 quia
461 473 663 517 denarius
685 472 731 516 in
753 487 841 531 quo
874 480 937 516 est
971 471 1179 530 perfectio
1215 471 1497 515 beatitudinis
1533 480 1706 525 nostrae,

322 546 432 590 sicut
449 544 493 587 in
516 543 754 596 octonario,
776 542 876 601 quia
896 541 1008 585 redit
1025 541 1080 585 ad
1104 542 1309 599 primum,
1329 542 1388 585 ita
1409 541 1455 584 in
1470 542 1578 585 hoc1
1603 541 1710 584 mihi

320 615 493 660 videtur
518 613 718 672 exprimi:
740 613 841 673 quia
857 621 1069 667 creatura,
1088 628 1187 672 quae
1208 613 1451 671 septenario
1478 612 1707 669 figuratur,

322 686 515 730 adhaeret
537 684 748 738 Creatori,
781 684 825 726 in
849 698 937 742 quo
955 682 1202 727 declaratur
1223 684 1367 726 unitas
1396 682 1614 726 Trinitatis
1636 696 1712 740 per

322 757 574 802 universum
598 753 814 798 mundum
835 754 1133 812 temporaliter
1150 753 1471 798 annuntianda:
1496 753 1572 812 qui
1587 767 1711 796 mun·

322 829 404 873 dus
427 837 470 872 et
492 844 514 871 a
533 836 722 886 quatuor
746 825 885 870 ventis
919 825 1175 879 delimatur,
1203 834 1246 869 et
1267 833 1456 885 quatuor
1487 823 1712 868 elementis

322 900 520 958 erigitur,
559 907 602 942 et
637 906 829 957 quatuor
867 896 970 940 anni
1007 906 1253 955 temporum
1295 896 1475 940 vocibus
1502 895 1706 940 variatur.

322 973 482 1015 Decem
523 976 668 1012 autern
711 976 865 1026 quater
906 967 951 1010 in
986 967 1274 1026 quadraginta
1310 976 1672 1011 consummantur
1700 985 1709 1012 :

321 1037 691 1099 quadragenarius
718 1047 865 1080 autem
903 1037 1097 1094 partibus
1133 1038 1218 1081 suis
1253 1045 1547 1096 computatus,
1591 1036 1713 1080 addit

320 1111 462 1169 ipsum
485 1107 711 1152 denarium
741 1116 784 1150 et
806 1107 919 1150 fiunt
955 1107 1273 1165 quinquaginta
1307 1117 1518 1167 tanquam
1551 1122 1713 1151 merces

319 1179 483 1225 laboris
505 1187 549 1222 et
570 1177 867 1222 continentiae.
895 1179 1044 1236 Neque
1067 1177 1183 1220 enim
1207 1175 1365 1222 frustra
1391 1178 1482 1236 ipse
1504 1177 1713 1221 Dominus

325 1261 369 1295 et
390 1249 675 1310 quadraginta
697 1247 788 1292 dies
808 1256 904 1306 post
930 1248 1290 1292 resurrectionem
1312 1248 1357 1291 in
1379 1247 1462 1292 hac
1480 1255 1591 1291 terra
1609 1247 1714 1291 etin

323 1322 404 1366 hac
426 1319 514 1365 vita
537 1334 636 1363 cum
673 1317 900 1377 Discipulis
937 1328 1215 1363 conversatus
1245 1326 1324 1371 est,
1346 1327 1389 1362 et
1412 1330 1558 1376 postea
1580 1332 1713 1377 quam

325 1391 518 1436 ascendit
540 1391 586 1434 in
608 1389 787 1444 coelum,
812 1389 963 1433 decem
988 1389 1140 1433 diebus
1169 1389 1433 1449 interpositis
1456 1390 1713 1448 promissum

327 1463 444 1508 misit
472 1461 684 1522 Spiritum
714 1470 912 1505 sanctum
928 1495 939 1515 ,
964 1460 1183 1520 completo
1213 1460 1283 1504 die
1308 1463 1581 1505 Pentecostes
1605 1479 1616 1505 ι
1640 1461 1715 1519 qui

328 1535 418 1579 dies
435 1533 834 1593 quinquagenarius
869 1532 1002 1576 babet
1023 1532 1206 1575 alterum
1234 1541 1567 1587 sacramentum,
1594 1531 1715 1591 quod

327 1605 483 1664 septies
506 1613 669 1662 septem
696 1602 984 1662 quadraginta
1015 1618 1169 1646 novem
1195 1603 1306 1647 fiunt
1327 1624 1337 1659 3
1369 1612 1529 1647 etcum
1549 1603 1713 1647 reditur

328 1674 382 1719 ad
405 1674 576 1717 initium
594 1707 604 1727 ,
630 1673 706 1733 qui
724 1682 786 1716 cst
808 1682 1001 1727 octavus,
1021 1673 1098 1731 qui
1121 1682 1164 1716 et
1184 1673 1345 1731 primus
1369 1672 1475 1728 (lies,
1496 1673 1715 1732 quinqua-

329 1746 447 1805 ginta
464 1743 741 1801 complentur
761 1762 769 1787 :
791 1743 867 1802 qui
890 1743 1166 1787 celebrantur
1188 1752 1285 1802 post
1308 1744 1481 1787 Domini
1504 1759 1715 1788 resurrec-

330 1817 511 1872 tionem,
530 1816 682 1875 jamin
708 1816 847 1873 figura
877 1830 966 1859 non
987 1814 1163 1869 laboris,
1189 1815 1263 1858 sed
1298 1815 1454 1874 quietis
1477 1823 1520 1858 et
1535 1813 1711 1858 laetitiae.

332 1892 513 1947 Propter
530 1888 613 1932 hoc
631 1896 673 1930 et
684 1887 848 1946 jejunia
866 1886 1129 1941 relaxantur,
1148 1896 1190 1930 et
1207 1895 1367 1930 stantes
1390 1901 1577 1941 oramus,
1595 1887 1715 1947 quod

329 1970 394 2004 est
427 1959 596 2017 signum
623 1957 984 2014 resurrectionis(
1008 1958 1132 2001 Unde
1165 1958 1294 2002 etiarn
1324 1958 1526 2003 omnibus
1560 1957 1715 2002 diebus

330 2029 564 2075 Dominicis
589 2028 634 2071 id
667 2027 718 2072 ad
752 2027 884 2072 altare
920 2029 1206 2085 observatur)
1238 2038 1280 2072 et
1314 2027 1487 2072 alleluia
1517 2029 1711 2084 canitur,

329 2102 450 2161 quod
481 2100 696 2158 significat
725 2100 937 2143 actionem
961 2109 1152 2143 nostram
1174 2100 1366 2144 futuram
1399 2115 1488 2143 non
1523 2115 1612 2145 esse
1635 2101 1715 2145 nisi

327 2172 508 2218 laudare
523 2174 676 2225 Deum,
699 2170 809 2214 sicut
829 2170 1036 2229 scriptum
1052 2180 1115 2214 est
1143 2190 1150 2214 :
1181 2190 1200 2213 «
1220 2171 1338 2215 Beati
1354 2172 1430 2230 qui
1453 2171 1651 2216 habitant
1667 2172 1713 2215 in

330 2263 350 2286 »
383 2242 514 2287 domo
543 2251 632 2295 tua,
671 2241 869 2296 Domine,
907 2241 952 2284 in
981 2241 1136 2286 saecula
1174 2242 1430 2288 saeculorum
1463 2242 1712 2288 laudabunt

332 2334 351 2356 »
382 2324 421 2358 te
435 2317 468 2358 ²,
494 2332 513 2354 n

386 2386 550 2429 XXIX.
589 2382 672 2428 Sed
696 2385 784 2427 dies
802 2385 1184 2444 quinquagesimus
1204 2394 1248 2429 et
1267 2386 1312 2428 in
1334 2385 1564 2444 Scripturis
1586 2400 1710 2429 com-

323 2454 582 2511 mendatur,
608 2463 650 2498 et
686 2470 773 2499 non
805 2464 975 2499 tantum
998 2456 1042 2498 in
1074 2455 1332 2514 Evangelio,
1358 2456 1460 2515 quia
1482 2465 1587 2500 tunc
1612 2456 1710 2514 Spi-

319 2527 426 2570 ritus
450 2534 623 2570 sanctus
646 2525 846 2580 advenit,
873 2524 947 2569 sed
968 2526 1096 2570 etiam
1120 2528 1164 2570 in
1188 2527 1419 2571 Veteribus
1438 2526 1574 2571 libris.
1601 2528 1709 2573 Nam

361 2617 367 2633 ¹
391 2610 661 2652 Quadi-agenario.
677 2627 718 2634 --
732 2617 744 2634 ²
765 2610 845 2643 Psal.
866 2621 994 2650 cxxxiii,
1016 2610 1052 2642 5.
