1790 3187
301 224 381 262 514
735 239 766 261 s.
806 236 1030 262 Aucus'rmi
1066 236 1245 263 Ertscori

358 302 519 345 XXVI.
554 300 682 354 Quod
707 309 924 345 memento
952 316 1081 360 quam
1105 315 1220 360 saepe
1243 315 1602 357 commemorem,
1630 318 1684 347 ne

292 372 382 431 jam
401 386 518 415 nune
545 371 591 414 in
613 371 692 415 ista
716 371 802 415 vita
833 386 910 415 nos
931 370 1081 416 beatos
1102 371 1196 415 fieri
1218 370 1378 416 debere
1399 373 1678 428 arbitremur,

294 450 338 485 et
363 442 418 486 ab
447 441 650 486 omnibus
669 439 1000 486 difficultatibus
1028 441 1188 487 liberos
1209 464 1220 500 3
1245 458 1293 487 ae
1317 443 1376 487 sie
1397 443 1440 486 in
1474 444 1682 502 angustiis

291 525 437 555 rerum
456 509 759 570 temporalium
775 510 978 556 adversus
995 514 1134 556 Deum
1158 527 1232 557 ore
1255 511 1462 571 sacrilego
1477 528 1682 557 murmu-

292 597 452 637 remus,
483 581 606 642 quasi
626 597 713 626 non
739 582 940 626 exhibeat
961 582 1081 642 quod
1113 582 1323 641 promisit.
1353 582 1552 627 Promisit
1579 584 1682 642 qui-

290 651 390 697 dem
415 654 544 697 etiam
560 653 663 697 huie
681 654 781 698 vitae
804 653 1054 709 necessaria,
1075 653 1151 697 sed
1166 653 1246 698 alia
1271 662 1373 698 sunt
1391 653 1542 698 solatia
1558 654 1682 698 mise-

288 738 460 779 rorum,
488 722 568 768 alia
594 723 750 782 gaudia
775 725 1018 769 beatorum.
1048 743 1068 766 «
1103 725 1309 779 Domine,
1345 724 1505 784 inquit,
1525 739 1682 769 seeun-

291 813 312 835 η
339 795 446 838 dum
479 793 809 838 multitudinem
847 793 1051 839 dolorum
1094 795 1359 839 meorum.in
1397 794 1529 840 corde
1562 807 1678 850 meo,

288 885 308 907 »
342 866 664 911 exhortationes
698 875 786 911 tuae
810 866 1168 927 jucundaverunt
1200 866 1388 911 animam
1425 881 1568 911 meam
1595 868 1627 910 ¹.
1655 883 1677 908 n

284 939 382 983 Non
409 953 513 997 ergo
537 953 861 982 murmuremus
893 938 939 981 in
973 938 1332 992 difficultatibus,
1369 953 1424 982 ne
1447 938 1681 997 perdamus

281 1007 562 1053 latitudinem
587 1008 830 1063 hilaritatis,
850 1009 905 1052 de
920 1025 1006 1069 qua
1024 1009 1199 1063 dieitur,
1223 1027 1242 1050 «
1265 1011 1348 1068 Spe
1371 1007 1609 1066 gaudentes
1627 1028 1639 1066 3
1657 1028 1673 1048 »

284 1079 388 1139 quia
409 1080 624 1139 sequitur,
646 1080 724 1123 «in
740 1079 1022 1124 tribulatione
1038 1080 1450 1138 patientes2.»Nova
1465 1094 1569 1138 ergo
1590 1079 1679 1123 vita

286 1149 330 1193 in
348 1148 435 1193 fide
450 1164 568 1193 nune
584 1149 833 1203 inchoatur,
852 1157 895 1193 et
917 1163 991 1207 spe
1015 1149 1179 1207 geritur
1205 1167 1213 1193 :
1235 1163 1334 1192 nam
1358 1158 1465 1193 tunc
1487 1148 1679 1208 perfecta

283 1222 379 1276 erit,
405 1237 504 1266 eum
531 1221 835 1265 absorbebitur
855 1220 1038 1265 mortale
1059 1236 1081 1264 a
1095 1221 1227 1275 vitass,
1251 1235 1350 1264 eum
1372 1220 1679 1264 absorbebitur

284 1307 398 1336 mors
419 1292 464 1336 in
483 1292 725 1346 victoriam,
752 1307 854 1336 eum
876 1290 947 1335 illa
983 1291 1213 1335 novissima
1236 1291 1408 1334 inimica
1431 1290 1679 1335 destruetur

285 1363 444 1418 mors4,
463 1377 563 1406 eum
580 1362 798 1406 immutati
818 1361 1045 1416 fuerimus,
1067 1370 1109 1405 et
1122 1360 1310 1420 aequales
1327 1360 1501 1418 Angelis
1515 1361 1673 1405 effecti.

287 1452 307 1475 «
331 1435 494 1478 Omnes
518 1433 651 1488 euim,
668 1434 826 1494 inquit,
842 1448 1132 1492 resurgemus,
1147 1432 1223 1476 sed
1245 1448 1333 1477 non
1355 1447 1504 1476 omnes
1522 1434 1678 1477 immu-

288 1523 308 1546 »
339 1505 525 1549 tabimur
558 1507 588 1548 ⁵.
620 1523 641 1546 »
677 1507 733 1548 Et
768 1505 1000 1559 Dominus,
1037 1524 1056 1546 «
1088 1507 1254 1559 Erunt,
1290 1504 1456 1564 inquit,
1489 1503 1678 1563 aequales

287 1593 306 1616 »
336 1576 510 1634 Angelis
529 1575 649 1619 Dei⁶.
679 1593 699 1615 »
718 1575 991 1634 Apprehensi
1013 1575 1128 1618 enim
1143 1589 1291 1619 sumus
1307 1573 1442 1619 modo
1458 1575 1504 1618 in
1522 1575 1677 1618 timore

285 1661 361 1705 per
394 1647 550 1700 fidem,
576 1655 682 1689 tunc
711 1655 854 1689 autem
883 1644 1260 1704 apprehendemus
1293 1646 1338 1688 in
1368 1646 1577 1690 charitate
1602 1660 1677 1704 per

284 1718 488 1776 speeiem.
505 1736 524 1759 «
540 1716 745 1770 Qnandiu
769 1717 883 1760 enim
904 1731 1050 1760 sumus
1068 1717 1111 1759 in
1132 1731 1330 1775 corpore,
1350 1721 1678 1775 peregrinamur

287 1806 307 1830 n
330 1805 352 1833 a
376 1788 562 1832 Domino
584 1808 592 1833 ε
619 1798 695 1848 per
727 1788 859 1832 fidem
892 1788 1008 1831 enim
1032 1787 1323 1843 ambulamus,
1355 1803 1445 1832 non
1472 1803 1549 1848 per
1576 1803 1677 1847 spe-

288 1879 307 1902 »
334 1860 487 1905 eiem⁷.
513 1878 533 1901 »
560 1863 657 1920 Ipse
694 1861 839 1919 itaque
873 1859 1108 1919 Apostolus
1141 1859 1217 1919 qui
1245 1859 1367 1915 dicit,
1397 1878 1416 1902 «
1448 1869 1498 1904 ut
1520 1875 1676 1919 appre-

290 1949 309 1971 »
335 1931 526 1975 hendam
548 1931 659 1975 sieut
673 1931 966 1990 apprehensus
991 1931 1132 1985 sumss,
1148 1947 1168 1971 »
1188 1939 1335 1990 aperte
1355 1945 1502 1974 senon
1521 1945 1676 1989 appre-

284 2002 487 2045 hendisse
501 2002 748 2045 eonfitetur.
767 2003 985 2056 «Fratres,
1001 2000 1162 2060 inquit,
1186 2016 1267 2059 ego
1288 2016 1359 2044 me
1377 2016 1466 2045 non
1489 2001 1676 2045 arbitror

290 2090 310 2114 »
323 2071 673 2132 apprehendisse,
694 2090 713 2112 »
733 2070 816 2117 Sed
833 2080 977 2116 tamen
990 2072 1090 2131 quia
1104 2072 1195 2130 ipsa
1213 2086 1308 2131 spes
1323 2086 1374 2115 ex
1393 2072 1676 2130 promissione

287 2143 477 2187 veritatis
501 2152 615 2187 certa
640 2142 765 2187 nobis
788 2151 865 2197 est,
891 2156 991 2186 eum
1021 2141 1206 2195 diceret,
1229 2160 1249 2183 «
1271 2142 1526 2201 Consepulti
1544 2142 1676 2200 igitur

290 2229 471 2258 »sumus
486 2212 547 2257 illi
570 2229 647 2273 per
667 2214 932 2272 baptismum
949 2213 994 2256 in
1010 2222 1194 2256 mortem
1215 2232 1224 2257 ε
1253 2231 1272 2254 »
1290 2213 1515 2273 subjunxit
1534 2223 1577 2258 et
1597 2215 1671 2269 ait,

292 2286 375 2329 «Ut
392 2283 615 2344 quomodo
632 2283 1018 2329 surrexitChristus
1037 2298 1088 2326 ex
1105 2283 1286 2327 mortuis
1306 2297 1381 2341 per
1400 2283 1580 2342 gloriam
1599 2287 1675 2328 Pa-

292 2375 310 2397 »
324 2357 399 2400 tris
412 2355 472 2400 ita
487 2364 529 2400 et
545 2371 626 2400 nos
639 2355 682 2399 in
699 2355 890 2400 novitate
909 2355 1007 2399 vitae
1019 2354 1295 2399 ambulemus
1307 2356 1370 2398 ⁰.»
1387 2354 1674 2400 Ambulamus

335 2484 342 2499 ¹
367 2477 445 2509 Psal.
475 2487 562 2513 xuni,
597 2488 646 2517 ¹9·
660 2494 700 2499 —
718 2484 729 2499 ²
753 2480 843 2509 Rom.
873 2488 926 2515 xu,
946 2477 976 2508 3.
992 2474 1058 2499 ——3
1079 2487 1092 2509 1
1116 2479 1189 2510 Cor.
1210 2488 1266 2518 xv,
1290 2476 1344 2518 54.
1358 2493 1399 2499 —-
1413 2476 1527 2510 41bid.
1557 2477 1612 2509 26.
1632 2493 1673 2500 —

286 2531 299 2553 ⁵
326 2533 405 2565 lbid.
427 2530 481 2563 51.
499 2549 539 2554 —
555 2529 570 2554 G
589 2534 693 2571 Lucae,
712 2544 766 2574 xx,
786 2532 837 2565 36.
854 2549 895 2556 ·-—
911 2539 924 2565 7
948 2541 966 2565 2
984 2534 1056 2565 Cor.
1078 2544 1117 2572 v,
1151 2533 1182 2564 6.
1203 2550 1244 2557 —
1259 2532 1274 2555 ⁸
1292 2532 1408 2576 Philip.
1434 2544 1484 2575 ιιι,
1508 2541 1546 2566 12
1565 2536 1599 2565 et
1620 2533 1669 2566 ι3.

285 2605 323 2609 —-
341 2595 355 2613 0
382 2589 472 2619 Rom.
500 2598 544 2629 vi,
567 2587 593 2628 4.
