1790 3187
322 204 375 232 DE
406 203 595 233 mvmtsls
627 205 785 242 QUAEST.
821 204 972 232 ocroc.
1009 205 1175 234 TRIBUS.
1394 197 1450 234 29

0 280 1 286 ’
60 286 187 331 supra
207 284 252 315 se
272 285 362 316 esse
374 269 778 317 incommutabilem
803 271 1029 316 veritatem
1052 281 1206 332 :atque
1224 271 1283 316 ita
1299 270 1450 315 adhae-

60 359 156 389 rens
176 352 273 403 post
293 343 453 402 ipsam,
479 343 589 388 sicut
611 343 777 387 dictum
813 352 898 397 est,
928 362 948 385 «
972 342 1167 388 Adhaesit
1187 343 1331 387 anima
1352 357 1449 386 mea

62 433 82 457 »
104 423 200 474 post
221 417 315 472 te¹3
338 432 359 456 »
384 415 512 460 beata
540 415 751 469 eflicitur,
783 413 1041 460 intrinsecus
1071 414 1297 459 inveniens
1319 414 1450 457 etiam

59 485 254 531 omnium
275 483 511 530 visibilium
526 486 778 530 Creatorem
795 494 925 545 atque
945 485 1206 542 Dominum,
1229 499 1318 529 non
1333 500 1451 544 quae-

57 570 156 599 rens
168 555 433 600 extrinsecus
455 555 655 610 visibilia,
681 555 879 615 quamvis
896 554 1086 600 coelestia
1109 574 1117 600 :
1143 571 1244 616 qnae
1263 564 1338 599 aut
1360 570 1451 599 non

58 625 366 682 inveniuntur,
391 634 467 670 aut
487 640 590 670 cum
612 640 772 683 magno
794 624 943 670 labore
968 624 1125 670 frustra
1146 625 1446 680 inveniuntur,

57 696 138 740 nisi
157 711 209 740 ex
223 712 375 742 eorum
396 713 496 757 quae
512 695 615 741 foris
637 705 739 741 sunt
755 696 1099 757 pulchritudine,
1117 697 1367 742 inveniatur
1382 711 1451 740 ar-

56 765 160 811 tifex
176 768 253 827 qui
274 768 390 813 intus
407 778 486 824 est,
510 777 554 812 et
575 768 692 827 prius
710 768 757 812 in
775 768 919 812 anima
936 768 1194 827 superiores,
1221 766 1383 812 deinde
1404 767 1449 810 in

55 852 236 897 corpore
250 838 473 885 inferiores
494 838 844 899 pulchritudines
868 848 1088 899 operatur.
1155 865 1163 872 .

118 911 180 952 2⁰.
217 909 434 955 Adversus
457 926 528 956 eos
552 920 698 956 autem
728 912 805 970 qui
836 926 954 954 nunc
976 909 1252 970 appellantur
1274 910 1450 954 Mathe-v

56 979 218 1033 matici,
239 979 433 1026 volentes
456 990 577 1026 actus
599 991 769 1026 nostros
791 982 1046 1041 corporibus
1068 981 1319 1026 coelestibus
1341 980 1448 1024 sub-

55 1047 179 1103 dere,
200 1059 243 1094 et
262 1066 339 1096 nos
361 1053 550 1097 vendere
565 1051 714 1108 stellis,
742 1052 973 1112 ipsumque
997 1052 1211 1112 pretium,
1233 1066 1323 1111 quo
1338 1065 1448 1095 ven-

54 1117 212 1176 dimur,
252 1139 274 1166 a
307 1123 433 1168 nobis
474 1125 669 1184 accipere
686 1159 696 1179 ,
737 1124 847 1168 nihil
885 1125 1027 1169 verius
1071 1133 1114 1168 et
1145 1123 1318 1168 brevius
1366 1121 1451 1166 dici

52 1199 209 1249 potest,
235 1208 364 1252 quam
391 1209 462 1239 eos
480 1210 572 1239 non
594 1193 856 1254 respondere
873 1229 884 1249 ,
911 1195 989 1238 nisi
1013 1194 1197 1253 acceptis
1214 1191 1448 1237 constella-

52 1261 257 1307 tionibus.
285 1268 338 1309 In
350 1265 754 1310 constellationibus
784 1275 931 1309 autem
956 1266 1098 1310 notari
1118 1275 1277 1324 parteS‚
1300 1263 1449 1324 quales

54 1341 266 1379 trecentas
295 1337 515 1396 sexaginta
547 1337 701 1381 dicunt
728 1337 890 1380 habere
918 1336 1172 1393 signiferum
1204 1334 1446 1379 circulum:

53 1413 221 1448 motum
245 1415 390 1450 autem
425 1406 527 1451 coeli
561 1422 637 1466 per
659 1421 790 1451 unam
823 1407 977 1450 horam
1003 1406 1096 1450 fieri
1117 1405 1163 1449 in
1195 1404 1448 1466 quindecim

52 1475 248 1534 partibus
261 1512 272 1531 ,
298 1487 348 1522 ut
369 1487 489 1523 tanta
504 1493 624 1523 mora
644 1478 896 1538 quindecim
912 1487 1054 1538 partes
1077 1478 1290 1533 oriantur,
1311 1492 1448 1537 quan-

51 1553 140 1590 tam
163 1556 280 1591 tenet
301 1563 389 1593 una
414 1550 534 1594 hora.
557 1553 665 1604 Quae
687 1559 830 1609 partes
851 1549 1032 1608 singulae
1053 1549 1275 1608 sexaginta
1298 1548 1447 1592 minu-

55 1624 117 1661 tas
150 1617 309 1662 habere
340 1619 562 1664 dicuntur.
595 1621 786 1665 Minutas
815 1630 961 1665 autem
989 1622 1260 1664 minutarum
1288 1620 1378 1679 jam
1402 1619 1448 1662 in

54 1688 476 1746 constellationibus,
504 1692 559 1735 de
581 1692 742 1752 quibus
765 1691 914 1736 futura
949 1691 1184 1751 praedicere
1203 1707 1247 1735 se
1275 1690 1445 1745 dicunt,

53 1773 143 1802 non
156 1758 400 1806 inveniunt.
414 1764 662 1821 Conceptus
682 1771 827 1806 autem
844 1763 1118 1821 geminorum
1135 1762 1340 1820 quoniam
1357 1776 1448 1805 uno

53 1830 293 1875 concubitu
312 1833 515 1888 efficitur,
541 1833 858 1878 adtestantibus
875 1833 1053 1878 medicis
1068 1867 1079 1887 ,
1104 1848 1294 1892 quorum
1313 1831 1446 1876 disci-

54 1899 170 1958 plina
198 1901 339 1946 multo
381 1912 445 1947 est
483 1904 639 1949 certior
671 1913 803 1963 atque
844 1902 1137 1958 manifestior,
1185 1912 1272 1947 tam
1312 1917 1447 1961 parvo

53 1980 216 2029 puncto
233 1975 435 2033 temporis
453 1975 666 2035 contingit
679 2011 689 2031 ,
714 1975 826 2020 utin
846 1975 955 2020 duas
968 1975 1158 2019 minutas
1172 1975 1444 2018 minutarum

52 2055 142 2085 non
163 2044 384 2088 tendatur.
413 2045 538 2090 Unde
564 2061 667 2105 ergo
699 2046 744 2089 in
772 2046 952 2103 geminis
975 2054 1095 2091 tanta
1126 2044 1350 2090 diversitas
1373 2059 1447 2088 ac-

53 2112 223 2156 tionum
255 2123 298 2158 et
332 2124 567 2160 eventuum
600 2125 644 2160 et
684 2115 990 2171 voluntatum,
1025 2133 1134 2177 quos
1175 2131 1349 2161 necesse
1382 2124 1447 2159 cst

53 2181 202 2226 eadem
234 2185 607 2231 constellationem
630 2186 1004 2246 conceptionalem
1026 2187 1203 2241 habere,
1224 2196 1268 2231 et
1289 2187 1441 2231 ambo-

53 2267 150 2296 rum
178 2270 310 2299 unam
334 2255 706 2302 constellationem
738 2257 831 2301 dari
864 2258 1200 2312 Mathematico‚
1235 2266 1444 2317 tanquam

53 2325 181 2368 unius
201 2326 418 2372 hominis?
433 2328 476 2373 Si
494 2339 638 2373 autem
658 2329 712 2372 ad
733 2328 940 2387 genitales
958 2329 1308 2373 constellationes
1325 2343 1370 2373 se
1384 2337 1444 2372 te-

53 2410 154 2440 nere
174 2396 420 2454 voluerint,
437 2400 536 2458 ipsis
561 2399 740 2458 geminis
768 2399 1059 2444 excluduntur
1085 2400 1160 2459 qui
1182 2399 1443 2459 plerumque

52 2464 109 2510 ita
129 2476 226 2525 post
239 2469 427 2514 invicem
441 2468 691 2515 funduntur
706 2484 758 2514 ex
776 2478 902 2515 utero
916 2479 966 2515 ut
982 2470 1066 2515 hoc
1085 2470 1290 2530 temporis
1313 2470 1443 2514 inter-

99 2555 108 2573 ¹
136 2551 219 2585 Psal.
239 2563 287 2596 vi,
305 2565 337 2597 9.
