1790 3187
339 232 421 278 358
778 241 810 268 s.
849 242 1075 274 Αυευετωι
1108 243 1284 272 EPISCOPJ

338 318 506 368 potest,
539 317 581 351 et
607 307 776 351 Domini
809 306 968 365 largior
997 307 1239 365 benignitas
1275 307 1397 364 fecit,
1429 310 1546 368 quod
1572 319 1719 355 nostro

338 378 553 422 desiderio
573 375 891 421 conducibilius
913 392 1000 421 esse
1013 378 1239 437 judicavit.

397 452 456 493 ΙΙ.
485 451 665 493 Sanctos
681 446 830 491 fratres
847 451 1093 492 Romanum
1107 457 1148 492 et
1163 448 1332 507 Agilem
1349 448 1475 493 aliam
1494 450 1721 510 epistolam

337 530 523 565 vestram
551 519 804 563 audientem
834 535 960 564 voces
993 529 1124 578 atque
1141 520 1397 564 reddentem
1416 556 1426 573 ,
1452 530 1496 565 et
1522 521 1723 566 suavissi-

336 607 451 635 mam
488 600 652 650 partem
687 599 839 634 vestrae
871 591 1134 647 praesentiae,
1164 590 1241 635 sed
1274 607 1361 650 qua
1393 592 1513 636 vobis
1537 591 1722 636 visendis

335 661 600 705 inhiaremus
635 659 802 704 avidius
819 695 829 715 ‚
861 676 960 704 cum
989 676 1147 719 magna
1168 661 1214 704 in
1237 662 1422 706 Domino
1445 661 1724 720 jucunditate
1788 674 1790 699 ὲ

335 731 615 789 suscepimus.
658 729 808 785 Unde,
845 739 921 775 aut
952 731 1159 791 quando,
1196 740 1270 776 aut
1299 732 1523 792 quomodo
1551 731 1620 777 vel
1650 747 1725 776 vos
1789 750 1790 762 ¹

333 810 538 861 praestare
555 836 565 856 ‚
586 800 654 844 vel
672 816 749 844 nos
769 816 989 859 possemus
1007 801 1173 859 exigere
1190 836 1201 856 ‚
1224 810 1274 845 ut
1290 818 1368 846 nos
1386 801 1440 846 de
1462 802 1584 846 vobis
1602 811 1723 846 tanta

338 871 568 915 scribendo
590 870 823 926 doceretis,
858 879 1022 930 quanta
1051 886 1202 915 eorum
1225 887 1299 916 ore
1320 871 1581 917 didicimus?
1605 871 1722 916 Ade-

337 952 403 986 rat
450 942 582 985 etiam
619 941 739 1001 quod
784 940 894 985 nulli
941 942 1102 986 chartae
1145 942 1291 986 adesse
1338 952 1512 1002 potest,
1552 951 1724 988 tantum

335 1013 379 1056 in
409 1013 684 1056 narrantibus
720 1012 953 1069 gaudium,
990 1024 1037 1056 ut
1078 1028 1154 1071 per
1201 1013 1343 1072 ipsum
1380 1014 1509 1057 etiam
1549 1013 1722 1057 vultum

337 1082 574 1141 oculosque
608 1082 908 1141 loquentium,
942 1098 1017 1127 vos
1048 1083 1092 1126 in
1127 1084 1331 1127 cordibus
1360 1099 1509 1128 eorum
1538 1084 1719 1142 scriptos

337 1168 439 1197 cum
472 1152 683 1195 ineffabili
720 1152 868 1196 laetitia
900 1153 1158 1210 legeremus.
1199 1156 1292 1197 Hoc
1326 1168 1503 1212 quoque
1539 1153 1724 1211 amplius

337 1231 454 1278 erat,
480 1222 601 1282 quod
625 1223 780 1282 pagina
813 1222 1022 1283 quaelibet
1044 1232 1399 1284 quantacumque
1426 1224 1540 1267 bona
1566 1223 1725 1282 scripta
1787 1233 1790 1269 t

336 1295 588 1348 contineat,
630 1293 739 1337 nihil
775 1295 863 1353 ipsa
900 1294 1105 1353 proficit,
1146 1295 1343 1354 quamvis
1383 1295 1437 1338 ad
1481 1293 1724 1354 profectum
1789 1312 1790 1338 1

337 1366 575 1425 explicetur
592 1365 775 1409 aliorum
804 1385 813 1410 :
836 1367 949 1410 hanc
971 1376 1116 1410 autem
1142 1365 1364 1426 epistolam
1395 1375 1579 1410 vestram
1594 1401 1608 1420 ,
1632 1364 1724 1409 fra-

336 1447 505 1482 ternam
530 1437 691 1481 scilicet
717 1437 903 1480 animam
923 1472 934 1491 ,
960 1437 1019 1481 sic
1043 1437 1088 1481 in
1120 1452 1269 1481 eorum
1295 1435 1515 1496 colloquio
1548 1437 1724 1494 legeba-

339 1523 462 1562 mus,
496 1518 544 1551 ut
576 1517 697 1551 tanto
728 1509 896 1551 beatior
927 1519 1154 1567 appareret
1180 1508 1332 1561 nobis,
1357 1516 1523 1567 quanto
1551 1507 1726 1551 uberius

339 1579 582 1636 conscripta
605 1587 714 1621 esset
740 1593 790 1622 ex
813 1578 949 1621 vobis.
978 1582 1131 1637 Itaque
1154 1577 1272 1621 illam
1294 1577 1348 1621 ad
1371 1577 1565 1637 ejusdem
1591 1577 1726 1620 beati—

338 1650 437 1693 tatis
460 1649 743 1692 imitationem
762 1683 772 1702 ,
795 1648 1104 1692 studiosissime
1129 1648 1183 1692 de
1200 1648 1323 1693 vobis
1340 1649 1485 1692 omnia
1510 1662 1725 1707 percunc-

340 1719 474 1764 tando
493 1755 504 1774 ‚
526 1720 569 1762 in
594 1729 738 1762 nostra
761 1718 891 1762 corda
914 1720 1270 1777 transcripsimus.

398 1793 478 1834 ΙΙΙ.
511 1792 598 1834 Nec
620 1790 717 1833 ideo
739 1799 882 1833 tamen
907 1805 978 1833 eos
1002 1799 1089 1833 tam
1113 1791 1200 1833 cito
1227 1806 1251 1833 a
1273 1790 1420 1843 nobis,
1452 1789 1554 1833 licet
1575 1789 1630 1832 ad
1652 1803 1728 1832 vos

338 1870 579 1905 remeantes
593 1895 604 1913 ‚
623 1861 711 1903 siue
730 1859 924 1904 molestia
944 1861 1051 1919 passi
1067 1876 1229 1904 sumus.
1253 1860 1407 1904 Videte
1421 1860 1535 1903 enim
1549 1894 1560 1914 ,
1581 1874 1728 1920 quaeso

339 1948 415 1977 vos
433 1967 443 1983 ,
469 1931 628 1991 quibus
650 1932 956 1990 quatiebamur
980 1932 1222 1975 affectibus.
1251 1934 1390 1975 Tanto
1413 1931 1564 1989 utique
1586 1930 1727 1974 dimit·

341 2002 461 2046 tendi
486 2010 607 2044 erant
632 2001 819 2044 velocius
837 2036 847 2055 ‚
871 2011 1037 2060 quanto
1059 2003 1181 2046 vobis
1200 2001 1434 2059 impensius
1456 1998 1631 2043 obedire
1648 2015 1728 2044 eu-

342 2072 520 2131 piebant
547 2090 556 2115 ;
581 2070 654 2114 sed
678 2080 845 2130 quanto
866 2071 906 2113 id
926 2072 1161 2129 cupiebant
1183 2071 1317 2129 magis
1335 2105 1346 2124 ,
1367 2079 1490 2114 tanto
1508 2086 1582 2114 vos
1605 2069 1729 2113 nobis

342 2144 598 2203 praesentius
612 2142 875 2185 exhibebant
895 2161 902 2185 :
924 2157 974 2185 eo
990 2143 1152 2201 quippe
1165 2141 1433 2196 indicabant,
1451 2155 1582 2200 quam
1601 2141 1729 2184 chara

342 2224 483 2259 vestra
505 2214 665 2257 viscera
685 2222 824 2256 essent
847 2231 855 2256 :
878 2221 998 2256 tanto
1023 2213 1154 2271 igitur
1175 2227 1245 2256 eos
1266 2213 1409 2255 minus
1426 2211 1642 2255 dimittere
1659 2226 1730 2255 vo-

343 2284 563 2337 lebamus,
600 2293 765 2343 quanto
792 2283 949 2343 justius
983 2292 1033 2326 ut
1061 2283 1383 2326 dimitterentur
1414 2282 1649 2326 instabant.
1692 2281 1730 2324 Ο

346 2371 435 2399 rem
462 2370 547 2398 non
573 2354 794 2398 ferendam
809 2389 819 2408 ‚
846 2354 927 2397 nisi
956 2370 979 2397 a
1002 2353 1127 2397 nobis
1149 2353 1227 2397 ista
1250 2352 1506 2397 discessione
1529 2367 1618 2396 non
1639 2352 1729 2395 dis·-

345 2426 619 2478 cederemus,
641 2425 720 2468 nisi
745 2445 763 2466 «
786 2425 914 2468 unius
936 2440 1124 2468 essemus
1146 2424 1337 2483 corporis
1354 2423 1574 2478 membra,
1592 2437 1729 2466 unum

348 2515 368 2538 »
396 2496 653 2539 haberemus
671 2505 825 2554 caput,
849 2510 933 2539 una
951 2493 1315 2554 perfunderemur
1333 2495 1490 2553 gratia,
1514 2508 1601 2536 uno
1618 2507 1730 2552 pane

354 2584 372 2605 >v
397 2567 662 2620 viveremus,
690 2581 774 2608 una
810 2563 1104 2608 incederemus
1133 2566 1197 2608 via
1216 2600 1226 2618 ‚
1260 2564 1410 2608 eadem
1434 2564 1728 2608 habitaremus
1783 2553 1790 2620 4

1763 2420 1773 2636 Ι
