1790 3187
214 219 266 245 DE
299 217 486 244 mvmzms
518 216 674 253 QUAEs'r.
712 214 768 243 An
800 216 1058 245 SIMPLICIAN.
1096 219 1177 245 Lm.
1216 221 1245 246 1.
1346 207 1428 245 179

51 303 72 327 »
97 282 272 328 tendere
293 283 398 326 iram
413 317 423 337 ,
448 290 491 325 et
519 281 814 326 demonstrare
836 283 1075 341 potentiam
1097 298 1218 327 suam
1240 304 1251 340 3
1282 283 1430 327 attulit

4 392 9 395 .
51 374 70 396 »
95 355 140 398 in
163 352 298 397 multa
318 352 524 411 patientia
548 367 644 396 vasa
671 353 773 407 irae,
801 369 899 413 quae
922 353 1113 412 perfecta
1136 362 1238 398 sunt
1261 353 1304 397 in
1332 369 1430 413 per-

53 446 69 468 »
95 423 330 468 ditionem:
361 442 380 464 »
413 423 689 478 subauditur,
720 443 739 465 «
763 426 827 467 Tu
851 424 947 482 quis
976 440 1044 480 es,
1069 424 1145 484 qui
1171 425 1430 484 respondeas

53 517 69 537 »
95 496 240 539 Deo¹P
263 513 281 535 »
308 503 356 538 ut
379 503 628 538 recurrente
647 496 858 539 sententia
879 495 931 539 ad
948 496 1079 539 verba
1094 496 1330 555 superiora,
1352 497 1431 540 iste

48 567 100 611 sit
125 579 272 609 sensus
299 583 308 609 :
336 565 379 609 Si
407 563 555 609 volens
590 568 704 609 Deus
734 565 961 609 ostendere
995 567 1127 621 iram,
1158 566 1303 611 attulit
1334 583 1429 611 vasa

47 637 149 694 irae,
174 644 221 680 tu
242 636 338 696 quis
361 651 403 679 es
421 671 431 691 ,
456 637 532 696 qui
548 637 810 696 respondeas
834 640 922 681 Deo
937 639 955 681 P
973 656 991 678 «
1008 640 1105 682 Non
1124 647 1270 682 autem
1293 638 1433 683 solum

53 728 69 746 «
97 706 242 751 volens
260 705 488 750 ostendere
509 707 615 750 iram
635 742 645 762 ,
673 716 716 750 et
734 706 1030 751 demonstrare
1053 709 1291 767 potentiam
1311 725 1435 754 suam

54 796 72 819 n
98 777 242 821 attulit
264 777 308 820 in
327 776 460 820 multa
481 777 688 836 patientia
707 792 805 821 vasa
824 779 897 821 irae
914 813 924 832 ‚
943 794 1042 837 quae
1063 778 1252 837 perfecta
1276 789 1377 824 sunt
1392 781 1437 824 in

54 867 74 889 ι»
98 847 409 907 perditionem,
433 867 451 889 »
478 848 555 891 sed
581 848 707 891 etiarn
731 848 849 907 quod
873 849 1093 908 sequitur,
1125 868 1142 890 ‹·
1168 860 1215 893 ut
1238 860 1360 894 notas
1379 850 1439 895 fa-

57 936 74 959 »
98 926 215 962 ceret
235 917 406 962 divitias
429 916 576 975 gloriae
603 933 692 960 suae
719 918 763 960 in
787 932 885 961 vasa
915 918 1235 962 misericordiae.
1266 939 1284 960 »
1322 921 1440 973 Quid

51 987 162 1032 enirn
187 987 359 1047 prodest
382 989 489 1031 vasis
513 987 714 1046 perfectis
737 989 777 1031 in
803 987 1118 1046 perditionem,
1144 989 1264 1049 quod
1288 1006 1336 1034 ea
1358 1007 1437 1050 pa-

54 1059 206 1104 tienter
238 1062 347 1102 Deus
376 1059 579 1112 sustinet,
612 1068 659 1102 ut
693 1058 892 1102 ordinate
927 1059 1174 1119 disperdat,
1202 1070 1440 1122 utaturque

51 1128 131 1173 illis
147 1127 202 1173 ad
220 1128 557 1172 instrumentum
577 1127 727 1172 salutis
746 1128 952 1183 aliorum,
975 1146 1162 1188 quorum
1183 1131 1443 1176 miseretur?

54 1199 135 1244 Sed
152 1198 233 1243 illis
260 1199 410 1259 utique
433 1200 632 1259 prodest,
659 1199 711 1243 ad
736 1215 926 1259 quorum
949 1199 1131 1245 salutem
1165 1202 1252 1246 istis
1275 1203 1334 1247 sie
1353 1205 1442 1248 uti-

52 1278 147 1327 tur3
169 1279 216 1313 ut
237 1270 349 1314 sicut
368 1271 576 1329 scriptum
595 1280 657 1314 est
678 1272 846 1330 ,justus
867 1287 1020 1315 manus
1041 1272 1152 1316 lavet
1168 1273 1210 1315 i'n
1232 1276 1442 1333 sanguine

54 1341 338 1400 peccatoris2‚
365 1341 408 1384 id
434 1350 518 1395 est,
552 1340 785 1384 mundetur
813 1342 867 1384 ab
901 1342 1106 1400 operibus
1130 1342 1250 1387 malis
1284 1360 1358 1403 per
1385 1346 1442 1388 ti-

54 1425 215 1455 morem
257 1410 359 1464 Dei,
404 1426 502 1454 cum
551 1409 670 1453 videt
711 1410 922 1470 supplicia
971 1421 1264 1469 peccatorum.
1313 1415 1443 1467 Quod

53 1496 152 1539 ergo
178 1499 197 1522 «
223 1480 373 1524 volens
396 1480 626 1524 ostendere
647 1480 755 1524 iram
781 1479 935 1524 attulit·
950 1497 1046 1526 vasa
1070 1483 1144 1526 irae
1164 1518 1174 1537 ,
1203 1502 1222 1524 »
1249 1484 1365 1529 valet
1388 1487 1443 1530 ad

55 1552 203 1596 utilem
231 1551 322 1596 aliis
348 1552 644 1611 praestandum
670 1552 868 1596 timorem
888 1588 898 1607 ,
933 1572 952 1594 «
983 1562 1025 1597 et
1056 1563 1105 1598 ut
1129 1565 1250 1599 notas
1282 1554 1444 1601 faceret

58 1640 78 1664 η
103 1622 270 1666 divitias
288 1622 436 1681 gloriae
457 1638 545 1666 suae
563 1622 607 1666 in
628 1638 734 1666 vasa·
748 1623 1051 1667 misericordiae
1068 1659 1078 1679 ‚
1100 1640 1199 1684 quae
1222 1641 1442 1686 praepara-

60 1711 78 1734 »
104 1693 222 1737 vitin
240 1693 435 1752 gloriam.
458 1713 475 1734 »
498 1693 672 1738 Etenim
687 1693 1008 1738 obduratioilla
1023 1695 1257 1755 impiorum
1280 1709 1446 1743 utrum-

0 1803 1 1806 ,
57 1780 140 1824 que
157 1764 448 1820 demonstrat,
469 1774 511 1809 et
533 1765 638 1824 quid
659 1764 904 1808 timendum
923 1766 992 1819 sit,
1014 1777 1058 1809 ut
1084 1768 1270 1828 quisque
1285 1770 1444 1828 pietate

0 1863 2 1870 ·
56 1844 331 1879 eonvertatur
356 1834 410 1878 ad
434 1838 593 1892 Deum,
620 1843 663 1878 et
685 1844 862 1894 quantae
885 1836 1066 1894 agendae
1087 1837 1172 1880 sint
1196 1839 1345 1896 gratiae
1368 1841 1447 1883 mi-

0 1935 2 1940 ·
57 1903 298 1948 sericordiae
321 1905 398 1948 Dei
419 1940 428 1960 ,
450 1905 525 1965 qui
548 1905 593 1948 in
616 1904 799 1948 aliorum
822 1921 950 1964 poena
969 1906 1076 1965 quid
1103 1906 1194 1950 aliis
1221 1908 1356 1953 donet
1374 1926 1445 1954 os-
1511 1936 1514 1939 Δ

0 2006 4 2014 ,
59 1973 210 2019 tendit.
235 1975 277 2019 Si
306 1984 451 2018 autem
472 1974 565 2029 illa,
590 1990 720 2035 quam
745 1975 799 2018 de
825 1975 916 2018 aliis
944 1976 1106 2034 exigit,
1133 1993 1222 2021 non
1244 1988 1306 2022 est
1329 1981 1446 2040 justa

0 2352 9 2380 v.-
0 2268 3 2308 vm.

59 2061 210 2105 ptr-na,
236 2045 344 2090 nihil
373 2046 508 2090 donat
536 2045 650 2100 aliis,
681 2062 704 2089 a
734 2046 895 2105 quibus
921 2062 1015 2090 eam
1047 2063 1135 2091 non
1161 2048 1306 2108 exigit.
1334 2054 1446 2104 Quia

60 2131 158 2160 vero
174 2115 370 2175 illajusta
389 2126 474 2171 est,
495 2125 536 2160 et
560 2116 678 2160 nulla
699 2125 762 2160 est
783 2117 989 2176 iniquitas
1010 2116 1127 2176 apud
1150 2119 1445 2166 vindicantem

60 2189 218 2242 Deum,
250 2188 347 2247 quis
397 2188 583 2231 sufficiat
616 2202 740 2245 agere
771 2189 929 2246 gratias
967 2188 1027 2243 ei,
1065 2189 1140 2248 qui
1181 2190 1262 2235 hoc
1291 2194 1442 2236 remit-

62 2257 135 2313 tit,
168 2258 287 2318 quod
320 2259 352 2302 si
392 2259 520 2303 vellet
559 2260 754 2317 exigere,
779 2275 909 2303 nemo
933 2275 977 2303 se
1008 2269 1123 2304 recte
1161 2260 1323 2307 diceret
1354 2280 1443 2309 non

63 2327 242 2372 debere?

120 2399 207 2442 19⁰.
237 2417 258 2440 «
281 2401 398 2452 Quos
422 2407 465 2442 et
484 2399 654 2442 vocavit
678 2414 779 2452 nos,
814 2398 982 2457 inquit,
1009 2414 1096 2442 non
1126 2399 1265 2445 solum
1291 2417 1341 2446 ex
1365 2406 1445 2448 Ju-

66 2485 85 2510 »
108 2467 227 2524 daeis‚
249 2469 323 2514 sed
345 2470 472 2514 etiam
496 2484 546 2512 ex
570 2469 806 2514 Gentibus3
826 2488 833 2514 :
862 2488 880 2510 »
902 2469 947 2513 id
971 2478 1056 2525 est,
1082 2486 1180 2515 vasa
1202 2472 1443 2521 misericor-

109 2559 116 2576 ¹
137 2556 226 2586 Rom.
242 2563 288 2593 lx,
306 2562 359 2587 2⁴2.
372 2572 413 2577 ·—
427 2561 438 2577 ²
461 2554 538 2586 Psal.
559 2565 634 2592 Lvn,
660 2566 667 2586 ι
684 2567 759 2586 1.-
776 2554 786 2577 3
804 2557 892 2586 Rom.
913 2565 958 2597 ix,
976 2554 1030 2596 24.

1190 2611 1249 2649 12.
