1790 3187
313 191 365 217 nxz
399 190 585 217 mveusrs
617 190 774 225 Qt‘AEs‘r.
810 190 958 216 oc‘roc.
995 189 1157 215 TRIBUS.
1375 181 1430 219 39

0 295 1 301 ,
49 268 266 305 terrenum
288 269 472 315 regnum
490 255 847 314 promittebatur,
877 269 967 314 quo
986 254 1196 314 promisso
1217 262 1427 315 tanquam

46 326 212 390 parvuli
230 325 545 387 praeluderent,
565 334 608 369 et
630 325 684 369 ab
704 341 792 369 uno
814 328 901 370 Dco
920 360 930 381 ,
951 325 1028 387 qui
1044 333 1107 369 est
1124 326 1322 370 omnium
1341 330 1428 372 Do·

45 401 208 454 minuS,
233 397 404 442 interim
429 397 607 442 terrenis
622 397 810 455 gaudiis,
836 399 997 458 quibus
1013 396 1158 442 adhuc
1175 397 1423 455 inhiabant,

43 470 280 530 impetratis
295 503 306 524 ‚
330 468 429 513 inde
447 469 717 528 proficientes
735 477 777 512 et
793 469 947 528 spiritu
962 477 1200 513 crescentes
1219 470 1428 515 auderent

44 542 172 587 etiam
194 554 364 600 sperare
386 540 590 585 coelestia.
614 540 733 585 Sicut
754 555 855 598 ergo
877 555 1046 585 summa
1064 549 1106 584 et
1124 555 1259 600 prope
1280 540 1426 586 divina

44 614 177 660 virtus
199 621 284 667 est,
325 611 544 656 neminem
572 611 773 671 decipere
801 632 809 657 :
837 613 897 658 sic
918 612 1122 657 ultimum
1151 612 1306 657 vitium
1336 622 1425 669 est,

42 683 284 746 quemlibet
315 682 530 742 decipere.
566 683 634 728 Ab
662 684 745 728 hoc
772 684 926 729 ultimo
954 684 1060 729 vitio
1083 684 1137 728 ad
1165 683 1284 728 illam
1306 700 1428 729 sum-

43 770 156 800 mam
179 754 382 799 virtutem
404 753 685 798 tendentibus
710 754 866 813 gradus
892 764 976 810 est,
1004 755 1224 799 neminem
1246 754 1425 815 quidem

43 825 112 872 vel
128 825 316 871 amicum
333 861 344 881 ,
364 825 434 871 vel
454 826 669 884 ignotum,
689 825 764 870 sed
782 835 928 870 tamen
945 825 1171 870 inimicum
1189 825 1428 887 aliquando

42 897 254 957 decipere.
296 896 420 942 Unde
455 897 583 941 etiam
611 895 722 941 illud
752 913 776 941 a
809 899 941 942 Poeta
973 896 1141 941 dictum
1170 912 1306 956 prope
1337 898 1428 957 jam

42 968 257 1029 proverbii
279 967 641 1014 consuetudinem
661 969 877 1024 obtinuit,
906 988 925 1011 «
945 958 1079 1013 Dolus
1103 984 1157 1012 an
1179 969 1315 1013 virtus
1332 970 1429 1029 quis

42 1058 62 1083 »
88 1041 133 1084 in
155 1040 277 1085 hoste
300 1040 493 1100 requirat
511 1042 554 1082 ¹?
580 1058 599 1082 »
629 1039 712 1086 Sed
736 1040 942 1101 quoniam
965 1050 1005 1085 et
1028 1041 1119 1100 ipse
1135 1040 1269 1085 hostis
1288 1049 1429 1100 potest

38 1111 297 1171 plerumque
319 1111 478 1171 injuste
499 1110 667 1171 decipi,
696 1111 832 1156 veluti
855 1127 955 1157 cum
980 1121 1158 1172 pactum
1178 1111 1356 1172 aliquod
1380 1112 1428 1155 fit

0 1218 1 1228 ,
38 1183 93 1227 de
117 1182 343 1243 temporali
362 1198 467 1243 pace
483 1219 494 1239 ,
514 1199 621 1243 quas
638 1183 834 1228 inducias
851 1194 1025 1239 vocant,
1052 1192 1094 1228 et
1116 1199 1205 1228 non
1233 1193 1429 1228 servatur

39 1253 171 1309 fides,
194 1263 238 1298 et
259 1263 415 1298 caetera
436 1255 536 1298 talia
559 1273 568 1298 :
592 1254 733 1298 multo
755 1263 818 1298 est
835 1255 1060 1314 purgatior
1081 1269 1352 1312 summaeque
1366 1252 1426 1297 illi

37 1326 187 1371 virtuti
206 1327 511 1386 propinquior,
532 1326 607 1386 qui
630 1341 882 1386 quanquam
900 1325 1002 1370 velit
1022 1327 1190 1370 hostem
1206 1326 1423 1385 decipere,

38 1411 127 1441 non
145 1412 242 1440 eum
264 1406 408 1441 tamen
431 1397 592 1456 decipit
608 1397 688 1441 nisi
705 1397 963 1441 auctoritate
983 1394 1146 1441 divina.
1170 1399 1286 1441 Deus
1309 1397 1424 1440 enim

37 1469 157 1513 novit
171 1468 239 1512 vel
260 1468 396 1524 solus,
417 1468 487 1514 vel
500 1477 616 1513 certe
631 1468 760 1528 longe
778 1468 1057 1512 excellentius
1078 1484 1209 1528 quam
1227 1468 1426 1513 homines

36 1548 167 1600 atque
188 1539 392 1583 sincerius
407 1575 418 1595 ,
443 1555 529 1600 qua
552 1540 738 1599 quisque
763 1555 892 1599 poena
913 1540 1150 1599 praemiove
1171 1540 1224 1584 sit
1247 1539 1421 1599 dignus.

95 1611 140 1654 2⁰
173 1611 448 1670 Quapropter
484 1613 598 1654 Deus
632 1609 810 1670 quidem
844 1625 920 1670 per
953 1625 996 1654 se
1027 1611 1170 1670 ipsum
1206 1611 1424 1655 neminem

36 1680 218 1741 decipit,
241 1691 304 1726 est
331 1682 446 1726 enim
479 1685 604 1726 Pater
633 1682 857 1736 Veritatis,
883 1691 924 1725 et
958 1682 1149 1737 Veritas,
1178 1691 1221 1726 et
1243 1682 1426 1741 Spiritus

36 1754 237 1798 Veritatis
263 1775 274 1810 3
306 1752 447 1813 dignis
468 1762 614 1798 tamen
643 1752 772 1811 digna
805 1752 1066 1798 distribuens
1088 1754 1318 1814 (quoniam
1342 1755 1426 1798 hoc

34 1840 211 1885 quoque
233 1825 419 1883 pertinet
442 1824 497 1869 ad
515 1825 727 1884 justitiam
758 1834 800 1868 et
829 1817 1082 1884 veritatem)
1106 1826 1246 1870 utitur
1274 1826 1424 1870 animis

34 1912 113 1956 pro
133 1897 292 1940 meritis
314 1906 357 1941 et
378 1897 664 1956 dignitatibus
680 1932 691 1951 ‚
713 1913 813 1956 quae
833 1906 934 1941 sunt
949 1898 993 1940 in
1017 1897 1224 1957 gradibus
1247 1912 1395 1941 earum
1409 1933 1420 1952 ‚

35 1977 84 2012 ut
101 1967 134 2012 si
149 1968 378 2028 quisquam
401 1967 557 2026 dignus
579 1977 641 2013 est
664 1966 828 2027 decipi,
848 1983 937 2013 non
960 1968 1102 2013 solum
1124 1983 1200 2028 per
1223 1983 1266 2013 se
1279 1969 1420 2028 ipsum

34 2054 134 2083 eum
162 2055 250 2083 non
279 2038 490 2098 decipiat,
523 2040 599 2083 sed
630 2055 774 2100 neque
804 2055 880 2098 per
908 2038 1038 2084 talem
1071 2040 1318 2094 hominem,
1345 2040 1419 2100 qui

29 2111 117 2171 jam
145 2119 435 2169 congruenter
466 2109 636 2170 diligit,
669 2120 712 2155 et
738 2111 958 2160 custodire
985 2112 1202 2171 persistit,
1241 2131 1261 2154 «
1290 2113 1354 2157 Sit
1376 2113 1418 2156 in

37 2199 57 2222 »
82 2196 155 2226 ore
180 2190 342 2236 vestro,
370 2183 446 2225 Est
473 2191 536 2225 est
555 2216 566 2237 ,
596 2183 694 2228 Non
716 2198 806 2226 non
833 2202 840 2227 :
872 2201 890 2224 »
917 2198 1061 2243 neque
1085 2199 1162 2243 per
1184 2182 1389 2241 angelum
1408 2218 1418 2237 ,

34 2253 101 2297 cui
123 2267 210 2297 non
227 2253 429 2298 convenit
455 2268 635 2312 persona
662 2252 846 2298 fallaciae
871 2273 879 2299 ;
905 2253 979 2298 sed
1005 2263 1079 2298 aut
1095 2269 1172 2314 per
1192 2253 1322 2298 talem
1342 2254 1420 2298 ho-

35 2323 216 2378 minem,
251 2324 328 2385 qui
358 2324 556 2369 nondum
584 2340 627 2369 se
655 2325 906 2385 hujusmodi
931 2325 1246 2385 cupiditatibus
1271 2325 1419 2380 exuit3

34 2403 108 2438 aut
130 2408 204 2453 per
226 2394 354 2439 talem
380 2394 604 2453 angelum,
631 2396 706 2456 qui
729 2411 808 2456 pro
830 2412 918 2439 sure
946 2395 1183 2441 voluntatis
1208 2395 1420 2455 perversi-

36 2473 119 2509 tate
139 2465 208 2509 vel
225 2464 278 2509 ad
301 2465 538 2511 vindictam
567 2476 840 2526 peccatorum
856 2503 866 2522 ,
898 2467 963 2511 vel
989 2468 1043 2511 ad
1067 2467 1417 2511 exercitationem

82 2559 86 2571 ¹
110 2550 214 2592 Virgil.
236 2551 359 2585 AEneid.
381 2552 436 2584 lib.
454 2564 490 2594 11,
513 2564 541 2584 v.
565 2552 639 2594 392.
