1790 3187
693 257 890 285 EPJSTOLA
926 258 992 285 ιν.
1455 248 1532 285 501

150 324 255 367 etin
279 321 365 367 vita
387 338 463 366 sua
490 321 718 382 projiciens
742 322 892 366 intima
916 337 1018 379 sua3
1043 330 1086 366 ct
1108 321 1190 365 hoc
1214 330 1337 364 terrae
1354 358 1364 374 ,
1390 321 1432 366 id
1457 331 1537 376 cst,

149 394 208 438 eis
244 393 322 453 qui
349 402 519 438 terrena
548 393 752 452 sapiunt,
783 392 936 438 melius
965 393 1166 447 videtur,
1198 407 1297 436 curn
1337 392 1541 437 laudatur

150 473 350 524 peccator
372 464 417 508 in
438 463 660 508 desideriis
682 463 838 508 animae
855 479 966 519 suae,
990 473 1033 508 et
1053 464 1128 524 qui
1146 464 1295 523 iniqua
1315 463 1447 520 gerit,
1471 464 1542 507 be-

150 535 382 580 nedicitur.
419 538 616 580 Mutatur
657 544 802 580 autem
836 535 880 579 in
919 534 1097 590 melius,
1123 550 1223 580 cum
1254 535 1539 580 intentionem

150 621 273 651 suam
288 615 331 651 et
351 606 533 665 gloriam
556 622 578 650 a
605 606 806 661 terrenis,
828 622 927 664 quse
950 606 995 651 in
1017 607 1100 652 hoc
1122 605 1282 651 saeculo
1305 616 1539 665 apparent,

150 678 359 738 paulatim
380 679 549 733 avertit,
573 688 614 722 et
628 677 680 723 ad
695 679 915 738 superiora
932 687 1063 739 atquc
1077 679 1283 723 ,interiora
1297 678 1510 723 convertit
1530 697 1541 733 3

149 758 193 794 et
214 749 298 794 hoc
317 758 442 794 terrae
457 784 467 805 ‚
485 749 531 794 id
553 759 639 804 est,
666 751 740 805 eis,
762 750 838 809 qui
862 759 1030 795 terrena
1049 751 1246 810 sapiunt,
1267 749 1456 793 deterius
1478 749 1544 793 vi·-

151 819 294 865 detur.
318 819 437 864 Unde
458 820 521 864 illi
543 820 664 880 impii
680 830 900 880 postremo
917 819 1231 867 infructuosam
1257 830 1430 879 agentes
1448 834 1545 879 poe-

151 892 404 947 nitentiam,
431 893 559 936 etiam
585 893 667 937 hoc
689 893 801 937 inter
830 891 968 937 multa
998 893 1159 937 dicturi
1180 902 1307 946 sunt,
1343 911 1362 933 «
1390 892 1423 935 li
1445 899 1548 934 sunt

153 981 173 1007 »
200 979 309 1024 quos
334 963 573 1024 aliquando
597 964 831 1008 habuimus
868 963 915 1006 in
937 962 1130 1006 derisum
1157 972 1200 1006 et
1227 963 1273 1005 in
1296 959 1549 1005 similitudi-

152 1052 173 1076 »
200 1049 301 1078 nem
318 1034 570 1093 improperii
593 1052 601 1077 :
628 1048 705 1078 nos
722 1033 927 1078 insensati
953 1033 1085 1077 vitam
1108 1032 1283 1077 illorum
1303 1032 1550 1076 aestimaba-

152 1123 172 1148 »
200 1119 296 1149 mus
317 1106 526 1150 insaniam
542 1107 572 1148 1.
603 1123 622 1146 n
652 1108 713 1149 Ac
736 1119 813 1163 per
834 1104 918 1149 hoc
938 1104 1122 1163 Spiritus
1145 1113 1320 1147 sanctus
1337 1103 1391 1147 de
1409 1102 1550 1146 visibi-

148 1176 266 1221 libus
290 1175 346 1220 ad
361 1176 616 1231 invisibilia,
638 1175 753 1220 etde
776 1175 1076 1235 corporalibus
1098 1175 1152 1219 ad
1175 1173 1384 1234 spiritalia
1406 1189 1549 1218 sacra-

150 1257 298 1292 menta
321 1246 651 1292 similitudinem
677 1248 865 1302 (lucens,
891 1247 1122 1291 transitum
1144 1245 1268 1291 illum
1291 1247 1346 1290 de
1370 1246 1450 1290 alia
1466 1246 1554 1290 vita

150 1320 196 1362 in
214 1317 342 1363 aliam
359 1318 492 1363 vitam
512 1354 522 1373 ,
544 1317 666 1378 quod
689 1319 849 1363 Pascha
868 1318 1141 1372 nominatur,
1165 1334 1185 1361 a
1203 1315 1554 1377 (marta-decima

150 1391 256 1435 luna
281 1389 418 1436 voluit
440 1391 659 1436 observari
680 1426 690 1446 ‚
719 1399 767 1435 ut
790 1406 878 1434 non
902 1390 1042 1435 solum.
1069 1399 1244 1449 propter
1268 1398 1440 1448 tempus
1465 1398 1554 1432 tcr-

156 1461 263 1505 tium
276 1496 286 1514 ,
308 1461 427 1522 quod
442 1477 572 1522 supra
590 1462 928 1506 commemoravi
947 1497 956 1516 ‚
973 1461 1076 1521 quia
1095 1460 1196 1504 inde
1214 1460 1365 1518 incipit
1383 1458 1556 1503 hebdo-

154 1533 282 1578 mada
312 1534 467 1590 tertia3
506 1533 582 1578 sed
610 1533 738 1577 etiam
761 1542 939 1592 propter
962 1534 1099 1591 ipsam
1134 1531 1465 1576 conversionem
1500 1531 1554 1573 ab

151 1604 436 1648 exterioribus
454 1605 507 1648 ad
525 1605 730 1648 interiora
747 1638 757 1658 ‚
778 1603 832 1648 de
850 1605 954 1647 luna
973 1602 1214 1647 similitudo
1232 1610 1524 1646 assumeretur
1543 1620 1552 1645 2

152 1692 291 1735 usque
308 1676 363 1721 ad
381 1676 629 1721 vicesimam
660 1691 765 1721 vero
788 1685 831 1720 et
857 1676 1042 1735 primam
1061 1710 1072 1730 ‚
1099 1684 1280 1733 propter
1305 1675 1448 1733 ipsum
1471 1689 1558 1716 nu-

153 1763 323 1792 merum
359 1748 677 1806 septenarium‚
712 1763 800 1806 quo
826 1747 1116 1792 universitatis
1155 1745 1412 1803 significatio
1441 1759 1556 1803 saepe

155 1819 391 1878 figuratur,
415 1819 491 1879 qui
509 1819 638 1863 etiarn
655 1818 736 1878 ipsi
750 1817 956 1863 Ecclesiae
975 1817 1209 1872 tribuitur,
1227 1825 1406 1876 propter
1424 1816 1560 1860 instar

155 1891 461 1935 universitatis.

214 1964 271 2006 X.
309 1961 415 2006 Ideo
444 1964 636 2006 Joannes
673 1960 892 2020 apostolus
922 1962 966 2004 in
1003 1958 1267 2019 Apocalypsi
1305 1957 1360 2002 ad
1395 1966 1562 2016 septem

159 2032 310 2076 scribit
339 2031 551 2076 ecclesias.
592 2031 780 2076 Ecclesia
809 2047 912 2075 vero
936 2029 1079 2074 adhuc
1111 2031 1156 2073 in
1193 2031 1270 2073 ista
1296 2028 1563 2072 mortalitate

161 2104 299 2147 carnis
340 2104 575 2148 constituta
598 2139 608 2158 ‚
653 2113 831 2162 propter
867 2104 1004 2162 ipsam
1040 2100 1377 2145 mutabilitatem
1394 2136 1404 2154 ‚
1446 2098 1563 2143 lunae

163 2175 402 2219 nominein
429 2174 660 2233 Scripturis
684 2176 895 2232 signatur.
924 2172 1050 2217 Unde
1073 2182 1137 2216 est
1165 2171 1303 2228 illud3
1333 2190 1351 2212 «
1379 2174 1566 2215 Parave-

167 2265 187 2288 »
213 2255 318 2290 runt,
340 2246 515 2304 sagittas
533 2261 629 2290 suas
660 2246 706 2289 in
730 2246 955 2304 pharetra,
993 2253 1043 2288 ut
1073 2243 1279 2302 sagittent
1302 2243 1345 2286 in
1380 2243 1566 2287 obscura

166 2335 186 2358 »
212 2316 318 2362 luna
341 2326 479 2361 rectos
503 2315 677 2360 corde2.
702 2335 721 2357 »
746 2316 867 2360 Prius
891 2315 1006 2358 enim
1029 2330 1162 2374 quam
1185 2315 1261 2358 fiat
1278 2312 1415 2369 illud,
1443 2311 1563 2372 quod

161 2387 270 2432 dicit
293 2388 528 2447 Apostolus
551 2407 560 2432 :
590 2407 607 2428 «
636 2389 749 2432 Cum
771 2387 970 2432 Christus
1001 2386 1252 2444 apparuerit
1282 2384 1370 2429 vita
1393 2393 1534 2428 vestra
1551 2418 1562 2439 ,

168 2478 188 2500 »
216 2468 323 2503 tunc
341 2469 384 2504 et
407 2475 482 2504 vos
505 2459 768 2518 apparebitis
791 2474 891 2503 cum
916 2459 1009 2517 ipso
1041 2458 1086 2501 in
1107 2457 1242 2516 gloria
1257 2459 1272 2482 ³
1291 2492 1302 2511 ‚
1331 2475 1350 2497 »
1379 2456 1565 2500 obscura

165 2531 340 2575 videtur
369 2531 562 2575 Ecclesia
596 2531 642 2574 in
676 2539 874 2589 tempore
904 2529 1260 2589 peregrinationis
1297 2544 1412 2584 suae,
1453 2527 1566 2572 inter

220 2624 229 2639 ¹
251 2618 325 2660 Sap.
348 2628 382 2655 v,
404 2617 434 2650 3.
452 2634 492 2640 —-
509 2623 520 2640 ²
540 2615 621 2648 Psal.
645 2626 679 2658 x,
701 2616 731 2657 3,
748 2617 841 2657 juxta
860 2617 957 2648 Lxx.
973 2633 1013 2638 -
1028 2613 1042 2637 3
1060 2614 1177 2648 CotosS.
1199 2626 1253 2656 111,
1276 2614 1307 2654 4.
