1790 3187
538 267 734 294 ssrisrom
770 266 927 292 xxxiii.
1349 253 1433 291 373

45 335 307 389 memineris,
334 342 382 377 ut
403 332 654 377 sedentibus
677 347 786 392 quos
809 332 898 390 ipse
918 330 1142 390 delegeris,
1158 333 1174 389 (
1193 331 1436 377 dummodo

44 408 178 453 verba
196 414 340 450 nostra
367 420 456 449 non
480 404 668 448 inaniter
680 402 964 457 ventilentur,
989 401 1064 446 sed
1085 401 1197 459 stylo
1219 403 1438 462 excipian—

45 488 134 532 tur,
159 486 210 521 ut
230 486 273 521 et
295 474 572 537 tranquillius
595 483 638 519 et
659 475 899 519 ordinatius
913 474 1186 530 disseramus,
1209 483 1253 518 et
1276 474 1309 518 si
1331 475 1437 534 quid

44 547 158 593 forte
176 563 200 592 a
214 547 340 592 nobis
357 546 523 591 dictum
539 546 593 590 de
608 546 816 590 memoria
832 545 1000 605 lapsum
1018 545 1166 600 fuerit,
1185 545 1442 590 recitatione

45 621 314 677 revocetur)
350 634 441 663 rem
475 627 564 662 tam
604 633 803 676 magnam
823 653 833 673 ,
874 626 916 662 et
948 616 1004 662 ad
1032 617 1217 662 salutem
1245 619 1443 662 omnium

43 691 337 752 pertinentem
363 705 464 735 cum
499 689 733 735 concordia
765 691 1052 750 requiramus.
1097 693 1185 734 Aut
1218 690 1251 734 si
1281 688 1442 748 placet,

44 762 169 808 nullo
185 762 330 807 medio
347 763 620 822 interposito,
632 763 751 821 prius
771 762 1002 806 nobiscum
1018 762 1107 805 sive
1124 776 1202 821 per
1222 761 1442 820 epistolas,

45 834 134 878 sive
167 849 246 893 per
280 832 618 878 collocutionem
642 842 772 893 atque
810 832 1074 888 lectionem,
1103 832 1179 875 ubi
1213 830 1446 891 placuerit,

45 905 355 950 conferamus:
393 920 449 948 ne
485 903 597 949 forte
618 904 960 963 intemperantes
994 901 1198 945 nonnulli
1229 901 1449 945 auditores

44 975 200 1020 malint
229 976 351 1035 quasi
374 984 573 1019 nostrum
602 984 832 1033 expectare
854 983 1092 1025 certamen,
1119 986 1254 1032 quam
1274 971 1329 1015 de
1351 986 1450 1015 nos-

44 1055 109 1090 tra
131 1045 270 1090 salute
295 1046 341 1089 in
362 1054 508 1089 nostra
537 1043 832 1089 collocutione
850 1044 1062 1102 cogitare:
1089 1052 1139 1086 ut
1164 1041 1285 1102 quod
1317 1040 1449 1085 fuerit

43 1117 156 1161 inter
179 1132 258 1160 nos
288 1117 588 1171 terminatum,
616 1125 766 1175 postea
789 1130 867 1174 per
899 1130 978 1159 nos
1014 1113 1205 1173 populus
1239 1112 1411 1156 noverit
1436 1133 1448 1169 3

47 1197 122 1232 aut
144 1188 177 1230 si
200 1203 277 1246 per
295 1186 500 1247 epistolas
528 1187 597 1247 agi
624 1186 786 1247 placet,
818 1187 923 1246 ipsae
960 1184 1162 1244 plebibus
1191 1183 1449 1237 recitentur,

47 1270 97 1305 ut
121 1261 362 1321 aliquando
383 1277 473 1305 non
504 1260 654 1320 plebes
672 1295 683 1315 ,
709 1259 784 1303 sed
807 1259 929 1318 plebs
959 1274 1043 1302 una
1069 1258 1254 1302 dicatur.
1274 1260 1455 1301 Prorsus

50 1332 163 1376 sicut
186 1331 392 1387 volueris,
416 1333 527 1376 sicut
549 1332 747 1391 jusseris,
769 1331 882 1374 sicut
901 1330 979 1373 tibi
1005 1328 1243 1388 placuerit,
1264 1328 1455 1371 libenter

47 1402 302 1463 amplector.
346 1407 402 1448 Et
432 1403 487 1447 de
520 1404 667 1447 animo
710 1402 943 1446 beatissimi
976 1410 1020 1445 et
1056 1398 1318 1445 venerabilis
1346 1398 1454 1441 mihi

45 1476 180 1534 patris
207 1474 367 1519 Valerii
390 1490 509 1519 nunc
532 1475 722 1518 absentis
753 1483 844 1518 tota
863 1472 1094 1517 securitate
1116 1471 1343 1531 polliceor,
1369 1471 1455 1513 hoc

45 1560 147 1590 eum
177 1561 279 1590 cum
310 1560 466 1604 magna
494 1545 643 1590 laetitia
680 1545 976 1602 cogniturum.
1012 1543 1123 1587 Novi
1159 1541 1274 1585 enim
1307 1555 1453 1599 quan-

46 1626 142 1660 tum
165 1616 314 1674 diligat
334 1632 503 1676 pacem,
528 1625 570 1659 et
586 1615 707 1659 nulla
731 1616 831 1659 vani
857 1614 992 1658 fastus
1011 1613 1222 1656 inanitate
1240 1612 1449 1671 jactetur.

104 1689 158 1730 V.
177 1689 303 1746 Rogo
318 1696 360 1731 te
376 1687 484 1745 quid
500 1687 625 1730 nobis
640 1695 705 1730 est
722 1701 823 1729 cum
839 1685 1062 1729 veteribus
1086 1682 1456 1727 dissensionibus?

0 1755 1 1759 ¹
48 1760 145 1802 Huc
164 1773 304 1817 usque
326 1757 509 1802 vulnera
532 1757 604 1800 illa
628 1757 900 1808 duraverint,
923 1772 1024 1816 quae
1049 1753 1297 1798 animositas
1312 1751 1453 1796 homi-

48 1843 157 1872 num
179 1829 470 1887 superborum
494 1829 649 1872 nostris
676 1827 882 1871 membris
911 1826 1072 1870 inflixit
1103 1844 1112 1870 ε
1139 1839 1331 1885 quorum
1354 1822 1453 1868 vul-

48 1914 203 1943 nerum
224 1900 547 1958 putrefactione
568 1900 693 1943 etiarn
713 1897 911 1943 dolorem
927 1896 1214 1957 perdidimus,
1232 1911 1322 1956 quo
1345 1894 1455 1939 solet

0 1967 1 1973 ¹
47 1970 245 2016 medicus
263 1971 501 2031 implorari.
528 1970 659 2015 Vides
681 1980 846 2029 quanta
870 1979 912 2012 et
935 1984 1067 2028 quam
1099 1966 1337 2012 miserabili
1366 1965 1453 2010 foe-

42 2041 185 2086 ditate
215 2042 462 2087 christianae
487 2043 644 2086 <lomus
676 2041 942 2101 familiaeque
967 2040 1157 2084 turbatae
1184 2040 1282 2082 sint.
1308 2036 1454 2082 Mariti

0 2103 2 2112 ⁸
49 2122 91 2156 et
114 2128 269 2156 uxores
301 2114 356 2156 de
386 2128 464 2156 suo
488 2113 601 2155 lecto
624 2112 707 2156 sibi
738 2112 1035 2164 consentiunt,
1063 2120 1105 2154 et
1127 2110 1181 2153 de
1203 2108 1363 2155 Christi
1387 2105 1453 2150 al-

49 2185 131 2228 tari
154 2184 429 2228 dissentiunt.
458 2188 538 2228 Pei·
558 2183 682 2227 illum
716 2184 797 2227 sibi
825 2185 990 2243 jurant,
1020 2192 1068 2226 ut
1101 2183 1214 2225 inter
1236 2196 1280 2224 se
1298 2194 1452 2239 pacem

0 2303 2 2313 Ι
48 2255 255 2310 habeant,
277 2255 381 2299 etin
403 2254 479 2298 illo
504 2256 666 2298 habere
686 2270 774 2298 non
797 2262 995 2313 possunt.
1014 2252 1112 2295 Filii
1128 2266 1228 2295 cum
1252 2250 1449 2310 parenti-

50 2325 132 2370 bus
152 2342 282 2370 unam
317 2325 499 2370 domum
534 2326 701 2370 liabent
721 2341 861 2380 suam,
888 2334 930 2369 et
959 2324 1141 2368 domum
1161 2323 1238 2367 Dei
1256 2338 1346 2367 non
1367 2322 1450 2366 ha-

51 2396 156 2441 bent
196 2413 345 2440 unam.
382 2398 623 2441 Succedere
659 2398 705 2440 in
739 2412 890 2441 eorum
920 2395 1220 2440 haereditatem
1243 2394 1447 2454 cupiunt,

51 2481 151 2511 cum
174 2467 334 2527 quibus
361 2466 416 2511 de
440 2467 600 2512 Christi
633 2468 888 2511 haereditate
911 2467 1122 2510 rixantur.
1158 2465 1277 2510 Servi
1300 2474 1341 2509 et
1363 2464 1446 2509 do-

52 2537 160 2580 mini
187 2553 468 2582 communem
503 2539 738 2582 Dominum
764 2539 986 2593 dividunt,
1010 2539 1086 2596 qui
1117 2535 1304 2581 formam
1337 2536 1448 2580 servi

55 2609 235 2667 accepit,
262 2618 310 2653 ut
338 2624 486 2653 omnes
503 2609 731 2655 serviendo
754 2608 973 2653 liberaret.
1011 2611 1240 2655 Honorant
1256 2623 1335 2652 nos
1353 2622 1447 2652 ves-
