1790 3187
334 368 420 410 tur,
448 358 558 401 sicut
578 365 680 399 sunt
700 355 776 397 ista
799 369 898 412 quae
909 355 1133 413 posuimus
1152 357 1182 396 ¹.
1737 395 1739 398 ,

396 430 455 471 3⁰.
485 425 669 471 Proinde
685 424 1053 484 quemadmodum
1074 440 1150 469 nos
1171 424 1275 468 huic
1293 424 1527 484 objectioni
1546 438 1714 483 eorum,

338 513 471 558 quam
495 513 544 541 ex
568 494 804 554 Evangelio
827 504 1098 554 proponunt,
1125 495 1186 561 ita¹
1205 493 1540 554 respondemus,
1560 503 1610 538 ut
1627 495 1722 540 nul-

339 569 407 613 lus
441 568 667 612 hominum
702 567 761 609 ita
793 565 999 625 desipiat,
1034 575 1083 610 ut
1108 575 1233 625 putet
1257 581 1335 609 nos
1366 580 1443 624 per
1469 565 1564 608 haec
1591 566 1720 612 verba
1756 585 1761 652 Ι

340 640 436 698 cogi
459 639 512 681 ad
537 636 802 682 credendum
828 646 870 680 et
893 636 1188 680 confitendum
1207 672 1216 691 ,
1244 634 1363 695 quod
1386 634 1599 680 Mediator
1619 636 1719 693 Dei,

340 718 382 753 et
402 709 628 752 hominum
648 708 781 751 homo
798 708 993 751 Christus
1015 710 1164 751 Jesus2
1180 707 1365 750 animam
1383 707 1619 750 humanam
1635 721 1722 752 non

339 779 520 833 habuit3
551 778 609 821 sic
631 793 776 836 quaere
800 777 1022 837 quomodo
1043 778 1124 836 ipsi
1148 777 1439 836 respondeant
1474 785 1558 819 tam
1582 777 1719 822 mani-

338 848 455 892 festis
478 848 794 907 objectionibus
817 848 972 891 nostris
991 882 1001 902 ,
1022 847 1183 906 quibus
1199 845 1467 891 ostendimus
1488 861 1564 905 per
1585 846 1718 891 innue-

338 918 566 962 merabiles
588 919 706 963 locos
724 918 984 977 evangelicae.
1003 918 1236 976 Scriptura}
1256 925 1478 961 narratum
1503 915 1560 960 de
1575 916 1652 960 illo
1671 918 1723 962 ab

339 988 625 1047 Evangelistis
642 1024 652 1042 ,
686 988 805 1047 quod
838 989 882 1031 in
907 989 972 1031 his
999 988 1302 1032 affectionibus
1326 987 1480 1042 fuerit,
1505 1002 1604 1047 quae
1635 987 1722 1032 sine

339 1060 482 1103 anima
505 1074 595 1102 esse
617 1074 705 1102 non
729 1068 924 1117 possunt.
952 1061 1046 1103 Non
1070 1058 1185 1101 enim
1214 1074 1261 1102 ea
1286 1057 1461 1116 profero
1479 1092 1489 1112 ‚
1515 1072 1615 1116 quae
1635 1058 1723 1117 ipse

341 1129 550 1173 Dominus
568 1138 655 1172 tam
675 1128 811 1172 multa
827 1138 1139 1173 commemorat
1159 1147 1167 1173 :
1194 1147 1214 1170 «
1237 1130 1384 1172 Tristis
1398 1138 1461 1172 est
1475 1127 1615 1171 anima
1631 1142 1724 1173 mea

343 1217 363 1240 »
389 1214 528 1258 usque
552 1200 605 1241 ad
624 1201 835 1242 mortem3
871 1218 880 1244 2
908 1218 926 1240 «
945 1209 986 1242 et
1004 1234 1014 1253 ,
1039 1217 1058 1240 »
1085 1203 1348 1243 Potestatem
1370 1199 1513 1242 habeo
1535 1198 1725 1257 ponendi

345 1288 365 1311 »
393 1270 582 1313 animam
604 1284 760 1324 meam,
786 1278 828 1313 et
846 1270 1000 1313 iterum
1020 1271 1220 1314 sumendi
1243 1270 1357 1313 eam4
1386 1287 1395 1314 z
1425 1287 1444 1310 «
1461 1277 1520 1323 et,
1543 1285 1563 1309 »
1589 1269 1725 1328 Majo-

344 1358 364 1381 »
394 1355 484 1382 rem
512 1338 790 1383 dilectionem
813 1355 941 1384 nemo
973 1340 1133 1396 habet,
1166 1355 1296 1401 quam
1330 1347 1379 1382 ut
1402 1339 1587 1382 animam
1610 1352 1725 1383 suam

344 1429 364 1451 »
393 1420 527 1469 ponat
561 1410 658 1469 quis
687 1426 763 1468 pro
793 1411 939 1454 amicis
972 1411 1088 1454 suis5
1126 1431 1134 1455 :
1173 1429 1192 1452 »
1231 1414 1339 1464 Quae
1376 1409 1482 1453 mihi
1517 1409 1724 1467 praevicax

340 1479 635 1525 contradictor
655 1489 798 1540 potest
821 1480 965 1524 dicere
987 1483 1167 1538 figurate
1191 1497 1213 1524 a
1238 1480 1424 1523 Domino
1454 1479 1594 1536 dicta3
1619 1479 1726 1524 sicut
1750 1460 1754 1535 Ι

337 1550 476 1594 multa
494 1551 539 1594 in
554 1552 771 1610 parabolis
786 1567 885 1594 eum
901 1551 1098 1596 locutum
1117 1567 1206 1595 esse
1227 1549 1501 1594 manifestum
1522 1558 1599 1598 est.
1619 1552 1724 1595 Nam
1749 1546 1753 1607 ξ

340 1622 417 1664 etsi
453 1621 530 1665 ista
564 1637 651 1665 non
690 1623 748 1664 ita
783 1631 908 1676 sunt,
942 1638 1029 1666 non
1059 1631 1205 1665 tamen
1238 1637 1346 1680 opus
1378 1630 1439 1664 est
1473 1611 1752 1679 pugnaciter*

341 1707 466 1751 agere
482 1727 492 1747 ‚
530 1693 603 1736 ubi
639 1694 849 1736 habemus
892 1693 1265 1751 Evangelistarum
1306 1691 1572 1735 narrationes
1597 1726 1608 1746 ‚
1633 1706 1726 1750 per

340 1778 448 1822 quas
465 1778 563 1806 eum
584 1772 626 1806 et
642 1773 793 1806 natum
812 1762 866 1806 de
884 1765 1017 1807 Maria
1039 1764 1207 1822 virgine.
1224 1763 1507 1821 cognovimus
1523 1796 1534 1816 ‚
1555 1770 1599 1805 et
1615 1776 1725 1807 com·
1771 1726 1780 2092 ὃ

1772 3054 1776 3081 ε

1769 3127 1777 3187 i

341 212 419 251 1:34
770 226 800 245 s.
840 220 1063 246 At'Gt'sTlNl
1100 221 1279 246 Errscori
1761 192 1764 199 .

335 304 356 331 a
384 297 504 346 parte
524 295 679 338 totum,
702 285 829 327 etiam
853 285 1072 328 nominata
1094 283 1182 328 sola
1205 300 1334 328 carne
1348 285 1482 329 homo
1506 283 1712 344 intelligi-

342 1834 603 1892 prehensum
628 1849 649 1876 a
670 1834 853 1889 Judaeis‚
876 1843 917 1878 et
941 1833 1206 1892 flagellatum
1224 1868 1234 1888 ,
1256 1843 1299 1877 et
1321 1833 1578 1876 crucifixum
1598 1841 1725 1892 atque

341 1903 618 1947 interfectum
640 1938 650 1958 ‚
683 1913 725 1947 et
757 1903 977 1963 sepultum
1011 1905 1053 1947 in
1088 1913 1374 1948 monumento
1409 1923 1416 1948 :
1450 1919 1549 1963 quae
1583 1899 1749 1948 omnia'

342 1974 432 2016 sine
460 1989 640 2032 corpore
668 1973 910 2032 intelligere
943 1973 1054 2018 facta
1088 1990 1215 2018 nemo
1238 1983 1392 2034 potest.
1420 1976 1507 2018 Nec
1529 1974 1628 2017 ficte
1655 1981 1725 2018 aut

346 2044 531 2101 figurate
553 2045 803 2102 accipienda
827 2044 1056 2104 quisquam
1079 2043 1146 2087 vel
1169 2043 1518 2088 dementissimus
1542 2043 1723 2102 dixerit3

345 2129 444 2157 cum
464 2113 576 2157 dicta
593 2114 676 2157 sint
695 2115 749 2157 ab
772 2113 854 2169 eis,
876 2115 949 2173 qui
973 2130 1037 2158 res
1056 2124 1208 2172 gestas,
1229 2124 1278 2158 ut
1300 2115 1602 2169 meminerant,
1625 2129 1725 2159 nar-

346 2195 565 2230 raverunt.
592 2186 712 2229 Sicut
728 2201 831 2244 ergo
854 2186 930 2229 ista
949 2201 1105 2245 corpus
1135 2201 1232 2229 eum
1256 2187 1460 2229 habuisse
1482 2194 1694 2230 testantur
1710 2219 1722 2242 ‚

345 2255 404 2298 sic
426 2271 525 2298 eum
557 2254 752 2299 indicant
778 2256 979 2299 hahuisse
1005 2256 1188 2299 animam
1216 2256 1465 2300 affectiones
1487 2255 1598 2311 illac,
1630 2251 1746 2316 quae‘

344 2341 433 2370 non
458 2336 635 2385 possunt
658 2341 747 2369 esse
780 2326 860 2370 nisi
883 2327 927 2369 in
956 2326 1098 2370 anima
1126 2346 1135 2372 ς
1162 2343 1268 2387 quas
1296 2327 1434 2372 nihilo
1466 2327 1610 2371 minus
1644 2326 1723 2371 eis-

394 2436 402 2450 1
428 2428 505 2462 Vide
521 2428 575 2459 lib.
597 2439 618 2460 u
638 2429 678 2460 de
693 2428 789 2461 Civit.
809 2428 878 2467 Dei,
898 2439 969 2471 cap.
986 2430 1042 2472 40.
1059 2448 1098 2454 —
1116 2437 1128 2453 ²
1152 2442 1164 2463 1
1190 2430 1271 2464 Tim.
1291 2442 1330 2467 ιι,
1354 2431 1385 2462 5.
1402 2447 1443 2455 —
1460 2428 1473 2455 3
1492 2430 1613 2464 Matth.
1636 2439 1723 2471 xxvi,

351 2483 400 2515 18.
417 2501 458 2506 -—
473 2483 488 2513 l»
505 2486 594 2515 Joan.
616 2495 647 2522 x,
672 2484 720 2517 18.
738 2502 779 2508 —
794 2482 873 2517 51d.
894 2495 950 2522 xv,
974 2485 1028 2516 23.
