1790 3187
629 211 828 239 EPlSTOLA
862 213 972 239 xx11.
1411 203 1495 242 303

107 341 1492 360 ΜΜΜΜΜΊΜΜΜΜΜΜΜΜΜΜΨἏΜΜΜΜΜΜΜΜΜΜΜΙἏΝΙΜΜ

517 453 844 504 EPISTOLA
882 447 1071 501 ΧΧΙῊ.

345 588 547 622 AURELIO
573 588 726 633 episcopo
753 588 1046 623 AUGUSTINUS
1067 588 1253 632 presbyter.

101 694 400 756 Augustinus
421 693 678 756 presbyter
711 695 910 741 Aurelio
950 695 1333 757 Carthaginensi
1367 695 1493 754 epis-

156 780 277 824 copo
293 802 309 822 ,
354 764 537 828 deflens
581 769 956 813 comessationes
1010 777 1055 812 et
1098 766 1355 811 ebrietates
1403 781 1496 825 per

156 836 387 896 Africam
407 838 455 881 in
473 839 752 883 ccetneteri'i's
770 848 815 883 et
832 839 1074 883 memoriis
1091 838 1373 896 Martyrum
1382 836 1493 898 fre-

155 907 384 965 quentari
402 909 559 966 specie
582 907 827 969 religionis
851 926 861 953 :
887 910 967 953 cui
986 907 1116 952 malo
1141 907 1410 952 obtestatur
1442 916 1493 950 ut

153 976 337 1021 mederi
354 976 480 1022 velit.
507 977 652 1022 Dolet
674 977 876 1023 subinde
900 980 1048 1023 etiam
1069 978 1422 1023 contentionem
1445 985 1492 1021 et

151 1045 377 1094 lzumance
404 1047 562 1093 laudis
585 1050 851 1109 appetitum
875 1048 939 1095 ab
963 1051 1066 1111 ipso
1096 1048 1381 1095 clericorum
1409 1063 1489 1093 or-

152 1117 263 1164 dine
287 1134 385 1165 non
401 1119 620 1166 exulare.

150 1251 186 1294 Ι.
221 1251 318 1302 Qut
337 1250 472 1307 gratia
490 1249 798 1309 responderem
819 1249 973 1295 litteris
991 1249 1231 1294 sanctitatis
1250 1258 1338 1294 tuae
1354 1284 1364 1302 ,
1384 1263 1485 1293 cum

87 1318 164 1364 diu
197 1320 400 1366 haesitans
432 1336 522 1366 non
554 1322 787 1381 reperirem
825 1321 989 1376 (omnia
1018 1322 1134 1365 enim
1165 1321 1269 1365 vicit
1302 1320 1486 1364 affectus

90 1390 221 1434 animi
243 1392 357 1447 mei,
393 1407 525 1452 quem
549 1393 640 1451 jam
670 1401 824 1452 sponte
845 1401 1096 1451 surgentem
1126 1390 1257 1435 lectio
1290 1388 1485 1449 epistolae

89 1470 176 1506 tuae
205 1463 346 1507 multo
371 1462 592 1507 ardentius
616 1464 839 1519 excitavit)
861 1464 1056 1508 commisi
1082 1478 1152 1506 me
1176 1464 1269 1522 jam
1294 1465 1382 1506 Deo
1407 1461 1484 1522 qui

89 1547 167 1592 pro
188 1533 352 1578 viribus
373 1534 476 1577 meis
497 1543 750 1593 operaretur
766 1535 811 1577 in
830 1549 898 1577 me
914 1569 924 1588 ‚
952 1543 1001 1577 ut
1016 1549 1065 1577 ea
1083 1532 1362 1577 rescriberem
1383 1547 1483 1591 quae

88 1603 262 1663 utrique
291 1613 488 1648 nostrum
513 1604 658 1648 studio
691 1605 736 1648 in
768 1604 955 1648 Domino
984 1612 1027 1647 et
1059 1619 1161 1647 eura
1195 1602 1482 1647 ecclesiastica

87 1687 165 1732 pro
178 1682 252 1717 tua
268 1675 512 1733 praestantia
528 1684 570 1719 et
584 1690 677 1718 mea
695 1673 1067 1718 obsecundatione
1081 1682 1388 1732 congruerent.
1411 1675 1480 1715 At-

86 1759 172 1804 que
202 1745 311 1789 illud
352 1746 540 1805 primum
560 1781 571 1800 ,
607 1744 728 1805 quod
760 1745 1028 1789 orationibus
1062 1745 1168 1788 meis
1196 1753 1238 1787 te
1282 1743 1479 1804 adjuvari

85 1816 223 1860 credis
239 1851 250 1870 ‚
270 1832 359 1860 non
376 1816 517 1861 solum
538 1832 625 1861 non
645 1816 822 1875 defugio
836 1852 846 1872 ,
866 1832 1016 1861 verum
1035 1816 1167 1860 etiam
1189 1815 1374 1859 libenter
1390 1829 1478 1858 am-

84 1886 266 1946 plector.
295 1891 358 1931 Ita
380 1890 494 1932 enim
510 1923 521 1942 ‚
547 1896 590 1931 et
614 1888 647 1931 si
669 1903 759 1932 non
782 1889 886 1931 meis
909 1896 1024 1931 certe
1047 1887 1131 1931 tuis
1148 1921 1159 1941 ‚
1181 1902 1250 1929 me
1266 1886 1478 1929 Dominus

85 1968 230 2003 noster
244 1959 458 2003 exaudiet.
480 1958 610 2012 Quod
627 1958 805 2002 fratrem
823 1958 1029 2017 Alypium
1047 1959 1091 2001 in
1108 1967 1254 2002 nostra
1272 1957 1478 2016 conjunc-

86 2029 202 2074 tione
219 2030 423 2073 mansisse
436 2065 447 2084 ‚
465 2038 516 2073 ut
529 2029 728 2089 exemplo
745 2030 800 2074 sit
814 2029 1021 2074 fratribus
1039 2044 1162 2073 curas
1180 2027 1333 2072 mundi
1349 2028 1478 2087 hujus

30 2103 38 2108 “
84 2100 217 2144 vitare
234 2100 512 2158 cupientibus
530 2136 540 2156 ,
562 2100 966 2144 benevolentissime
984 2099 1186 2160 accepisti
1205 2114 1284 2157 ago
1302 2099 1473 2158 gratias,

83 2186 192 2231 quas
212 2171 342 2216 nullis
365 2172 507 2216 verbis
529 2171 742 2231 explicare
763 2172 920 2231 possim
943 2190 952 2216 ε
980 2171 1190 2216 Dominus
1210 2171 1292 2214 hoc
1316 2184 1475 2228 repen-

84 2242 158 2287 dat
183 2243 227 2287 in
251 2244 438 2288 animam
466 2253 602 2288 tuam.
628 2244 780 2288 Omnis
812 2244 960 2303 itaque
982 2243 1166 2286 fratrum
1198 2251 1367 2303 coetus,
1398 2239 1475 2300 qui

84 2315 198 2374 apud
217 2331 295 2360 nos
316 2318 449 2375 coepit
467 2317 728 2370 coalescere,
750 2324 869 2359 tanta
889 2315 967 2358 tibi
986 2314 1270 2373 praerogativa
1289 2311 1476 2357 obstric-

83 2394 152 2430 tus
185 2395 276 2442 est,
318 2396 368 2431 ut
401 2387 506 2432 locis
537 2396 751 2431 terrarum
788 2395 959 2430 tantum
994 2384 1123 2443 longe
1157 2383 1386 2445 disjunctis
1414 2383 1475 2427 ita

83 2457 207 2503 nobis
236 2457 504 2503 consulueris
536 2466 744 2519 tanquam
776 2456 1134 2518 praesentissimus
1155 2455 1324 2515 spiritu.
1350 2457 1474 2508 Qua-

132 2559 140 2577 ·
161 2554 241 2587 Alias
254 2566 336 2587 uxiv.
355 2565 423 2599 quae
436 2561 543 2588 autem
557 2566 621 2588 xxn
635 2560 718 2596 erat,
730 2565 813 2588 nunc
831 2553 1140 2596 cunm-Scripta
1150 2552 1238 2586 circa
1255 2561 1372 2584 annum
1390 2549 1470 2593 392.
