1790 3187
316 216 370 244 ms
402 196 776 251 mviznsls'oumsr.
811 216 959 244 ocroo.
996 217 1159 244 mnus.
1347 207 1428 244 119

51 283 198 328 homo.
227 282 323 326 Non
355 280 467 323 enim
500 287 668 338 poterat
695 279 879 323 inveniri
912 282 1024 324 Deus
1050 281 1105 324 ab
1127 280 1175 324 iis
1195 315 1205 335 ,
1237 281 1312 340 qui
1356 296 1430 325 cor

53 350 325 397 immundum
349 350 570 394 habebant
592 383 603 404 ‚
628 358 671 393 et
708 348 901 393 Verbum
932 349 1048 409 apud
1081 353 1251 394 Patrem
1285 349 1432 396 videre

52 437 139 468 non
161 430 385 482 poterant,
411 419 490 463 nisi
517 420 599 464 hoc
631 420 906 478 suscipiendo
927 421 1046 481 quod
1069 430 1242 480 possent
1263 420 1428 479 videre⁷

51 502 94 538 et
109 508 183 552 per
196 491 314 552 quod
333 490 387 536 ad
405 489 512 534 illud
528 491 677 548 lumen
700 491 880 535 interius
891 490 1171 536 ducerentur.
1187 494 1272 536 Iste
1285 501 1428 537 autem

49 563 220 609 habitus
238 578 325 606 non
345 570 408 606 est
432 577 485 605 ex
506 562 648 621 primo
665 577 821 620 genere
840 583 851 620 3
876 578 963 607 non
980 563 1095 606 enim
1119 577 1297 607 manens
1321 563 1365 606 in
1388 579 1432 608 se

48 644 200 680 natura
226 633 412 678 hominis
443 642 640 677 naturam
672 634 748 677 Dei
778 634 1062 679 commutavit
1091 653 1100 678 :
1125 648 1267 693 neque
1292 649 1340 678 ex
1362 650 1429 678 se-

49 706 192 751 cundo
217 720 336 762 3non
358 704 536 748 enimet
559 704 743 748 mutavit
761 704 893 749 homo
917 708 1074 761 Deum,
1099 714 1141 749 et
1159 714 1352 750 mutatus
1368 716 1432 751 est

46 776 102 822 ab
128 775 202 821 illo
228 795 237 822 :
273 790 417 836 neque
449 791 499 819 ex
529 784 686 835 quarto
711 797 723 833 3
754 791 843 821 non
874 776 988 820 enim
1010 776 1069 821 sic
1091 786 1336 836 assumptus
1368 787 1431 822 est

47 848 177 893 homo
196 882 207 903 ‚
228 858 276 892 ut
295 862 438 907 neque
454 847 544 906 ipse
571 856 760 891 mutaret
784 850 937 902 Deum,
963 862 1043 891 nec
1065 847 1121 892 ab
1136 847 1212 892 illo
1237 857 1430 893 mutare-

48 927 120 963 tur
147 937 156 963 :
185 917 259 962 sed
293 917 433 977 potius
465 932 516 961 ex
551 918 679 962 tertio
709 938 721 975 3
752 918 811 962 sic
832 917 948 961 enim
977 927 1222 977 assumptus
1255 927 1346 974 est,
1383 928 1431 963 ut

47 988 446 1034 commutareturin
467 986 638 1043 melius,
659 997 702 1032 et
726 987 780 1031 ab
804 1003 855 1032 eo
878 985 1431 1033 formareturineffabiliter

47 1058 343 1104 excellentius·
354 1068 484 1118 atque
508 1059 781 1119 conjunctius
803 1074 934 1118 quam
964 1059 1091 1103 vestis
1111 1094 1121 1114 ,
1146 1075 1245 1104 cum
1270 1060 1325 1103 ab
1348 1060 1430 1104 ho-

45 1131 161 1175 mine
180 1130 393 1174 induitur.
419 1133 513 1174 Hoc
534 1145 637 1189 ergo
660 1130 834 1174 habitus
855 1131 1032 1175 nomine
1054 1131 1153 1175 satis
1175 1131 1433 1190 significavit

45 1201 277 1261 Apostolus
289 1199 661 1261 quemadmodum
680 1201 879 1255 dixerit‚«
892 1201 936 1245 in
954 1200 1280 1246 similitudinem
1295 1203 1434 1247 homi-

45 1291 68 1315 »
93 1288 199 1317 num
224 1273 363 1317 factus
396 1291 406 1317 ι
433 1291 453 1314 »
475 1273 576 1332 quia
598 1288 687 1317 non
710 1273 1090 1331 transfiguratione
1112 1274 1155 1318 in
1178 1275 1399 1320 hominem
1416 1313 1427 1331 ‚

42 1344 118 1388 sed
134 1343 287 1388 habitu
311 1343 450 1388 factus
474 1335 554 1398 est,
573 1358 671 1387 cum
691 1343 872 1387 indutus
889 1353 952 1387 est
981 1344 1171 1398 homine,
1193 1360 1323 1404 quem
1348 1346 1428 1390 sibi

0 1408 5 1461 Ι
41 1415 197 1459 uniens
229 1414 419 1475 quodam
463 1413 594 1458 modo
627 1423 758 1474 atque
786 1413 1087 1469 conformans,
1113 1414 1427 1462 immortalitati

0 1497 4 1532 ι
43 1484 361 1545 aeternitatique
396 1484 593 1528 sociaret.
635 1483 718 1529 Sed
741 1483 863 1528 illum
903 1485 1132 1540 habiturn,
1172 1486 1247 1545 qui
1283 1497 1346 1531 est
1379 1489 1425 1532 in

0 1555 318 1615 perceptione
345 1555 565 1614 sapientiae
606 1563 649 1599 et
680 1553 933 1614 disciplinae.
976 1556 1151 1600 Graeci
1144 1563 1202 1602 ἐξιν
1224 1567 1381 1602 vocant
1412 1577 1422 1602 :

0 1627 156 1670 hunc
177 1635 339 1679 autem,
357 1626 597 1669 secundum
614 1640 744 1685 quem
760 1626 942 1669 dicimus
963 1627 1166 1671 vestitum
1190 1628 1259 1673 vel
1281 1644 1424 1673 arma-

0 1713 2 1738 ι
39 1705 273 1752 ωηιμχῆμα.
287 1697 428 1755 potius
439 1705 612 1741 vocant.
625 1699 689 1740 Ex
707 1712 795 1756 quo
812 1695 1069 1754 intelligitm
1091 1697 1172 1741 de
1163 1709 1246 1743 isto
1266 1716 1424 1758 genere

0 1768 212 1813 habitus
242 1766 440 1812 locutum
469 1768 725 1827 Apostolum
763 1788 773 1824 3
804 1768 1202 1827 quandoquidem
1191 1787 1236 1814 m
1265 1772 1425 1817 Graecis

0 1838 4 1879 i
39 1837 357 1898 exemplaribus
380 1850 519 1891 esium
550 1838 759 1897 scriptum
784 1847 874 1893 est,
910 1838 1029 1898 quod
1065 1855 1142 1884 nos
1177 1841 1222 1885 in
1260 1843 1422 1887 Latinis

0 1943 6 1952 .
42 1928 63 1952 «
83 1910 237 1954 habitu
267 1928 287 1952 »
320 1910 541 1954 habemus.
574 1913 672 1963 Quo
710 1910 887 1953 nomine
916 1920 1088 1969 oportet
1112 1912 1295 1972 intelligi
1333 1930 1423 1959 non

38 1990 252 2026 mutatum
286 1996 376 2026 esse
404 1982 599 2025 Verbum
631 1980 903 2039 susceptione
936 1982 1122 2026 hominis
1142 2018 1152 2037 ‚
1183 1985 1308 2028 sicuti
1343 2001 1423 2030 nec

37 2052 228 2097 membra
249 2063 366 2098 veste
387 2053 541 2098 induta
558 2062 784 2097 mutantur
808 2071 816 2097 ε
842 2068 1093 2114 quanquam
1117 2055 1189 2100 illa
1207 2060 1423 2118 susceptio

39 2124 317 2168 ineffabiliter
334 2134 580 2184 susceptum
597 2124 844 2184 suscipienti
861 2125 1129 2184 copulaverit
1156 2147 1165 2172 :
1190 2129 1265 2173 sed
1288 2126 1423 2189 quan-

39 2204 131 2241 tum
163 2196 294 2241 verba
315 2197 505 2240 humana
528 2197 657 2240 rebus
683 2196 978 2241 ineffabilibus
999 2201 1190 2258 coaptari
1215 2205 1418 2260 possunt,

40 2281 95 2311 ne
110 2275 310 2311 mutatus*
323 2267 585 2326 intelligatur
603 2271 716 2312 Deus
739 2268 942 2311 humanae
961 2267 1202 2329 fragilitatis
1226 2288 1421 2333 assump—

39 2336 155 2382 tione
169 2372 181 2389 ‚
207 2337 392 2382 electum
412 2348 476 2382 est
498 2347 545 2382 ut
567 2354 705 2397 graece
731 2349 860 2397 qipa,
876 2348 918 2384 et
939 2340 1072 2385 latine
1105 2341 1323 2387 diceretur
1340 2344 1419 2388 ha-

38 2407 151 2452 bitus
167 2407 239 2452 illa
256 2409 485 2467 susceptio.

96 2480 291 2531 Qttffisno
324 2481 522 2523 LXXIV.
544 2507 601 2513 —
643 2484 793 2541 Imago
815 2491 858 2526 et
879 2482 1101 2543 aequalitas
1124 2493 1166 2529 et
1180 2484 1419 2530 similitudo

39 2546 339 2608 distinguenda
362 2559 477 2594 sunt.
500 2551 610 2603 Quia
634 2552 710 2596 ubi
733 2553 877 2611 imago
892 2588 903 2609 ,
928 2555 1138 2600 continuo
1160 2555 1415 2610 similitudo,
