1790 3187
328 215 379 240 DE
411 214 596 240 Divssuffls
629 214 783 249 Qiffis'r.
821 214 966 240 θοι-οε.
1004 213 1163 239 'rr-imm
1383 202 1431 239 15

63 281 231 341 proprie
246 278 428 323 dicimus
445 299 457 337 3
470 277 698 324 utilitatem
715 287 877 333 autem,
892 278 1081 324 divinam
1096 277 1429 337 providentiam.

61 353 330 410 Quapropter
359 364 611 410 quanquam
635 350 720 394 sint
739 348 877 393 multa
896 347 1077 408 pulchra
1099 347 1281 393 visibilia
1300 383 1311 403 ‚
1335 363 1435 407 quae

59 422 201 467 minus
221 420 392 481 proprie
413 421 591 465 honesta
612 419 885 480 appellantur
906 441 916 477 3
954 421 1039 479 ipsa
1062 428 1209 463 tamen
1240 417 1436 477 pulchri·

59 492 194 548 tudo,
228 507 279 536 ex
309 507 395 552 qua
422 490 603 551 pulchra
630 499 733 536 sunt
767 505 1057 551 quaecumque
1095 487 1278 548 pulchra
1305 497 1432 544 sunt,

59 562 181 608 nullo
201 562 333 608 modo
360 571 425 608 est
445 562 636 608 visibilis.
662 565 773 606 Item
795 561 931 606 multa
963 560 1084 605 utilia
1105 559 1290 606 visibilia
1313 581 1324 618 3
1363 558 1438 604 sed

59 633 150 693 ipsa
166 634 327 680 utilitas
341 668 352 690 ,
377 649 428 678 ex
444 649 531 694 qua
562 633 686 678 nobis
716 642 898 693 prosunt
920 647 1212 693 quaecumque
1229 639 1434 691 prosunt,

62 721 193 764 quam
223 706 412 751 divinam
440 705 754 766 providentiam
787 705 986 760 dicimUS‚
1016 704 1194 750 visibilis
1228 719 1318 748 non
1353 711 1432 747 est.

62 779 224 823 Notum
244 793 346 822 sane
367 778 422 822 sit
440 775 671 823 visibilium
693 777 868 822 nomine
889 776 1033 821 omnia
1054 774 1294 835 corporalia
1325 789 1434 818 con-

64 847 205 892 tineri.
239 850 421 908 Oportet
441 863 541 907 ergo
571 847 658 893 frui
682 847 876 907 pulchris
907 845 1225 900 invisibilibus,
1264 845 1310 889 id
1344 853 1431 900 est,

63 919 277 965 honestis:
301 930 447 965 utrum
468 930 611 965 autem
633 920 850 975 omnibus,
870 917 952 963 alia
974 918 1154 979 quaestio
1176 926 1268 975 est3
1293 931 1435 976 quan-

58 1006 191 1050 quam
213 991 390 1038 fortasse
417 993 596 1037 honesta
629 1007 719 1038 non
752 993 832 1036 nisi
869 991 1030 1052 quibus
1066 989 1305 1036 fruendum
1337 997 1431 1043 est,

57 1060 143 1107 dici
167 1062 330 1109 deceat.
369 1063 556 1109 Utilibus
585 1073 730 1109 autem
766 1063 983 1108 utendum
1021 1071 1085 1107 est
1121 1061 1348 1116 omnibus,
1385 1068 1437 1104 ut

59 1149 237 1195 quoquo
257 1150 408 1180 eorum
435 1151 544 1196 opus
569 1145 646 1181 est.
671 1138 728 1180 Et
748 1133 834 1179 frui
862 1135 1040 1195 quidem
1060 1134 1160 1179 cibo
1182 1142 1226 1178 et
1241 1131 1436 1194 qualibet

58 1205 270 1266 corporali
304 1207 526 1267 voluptate
565 1223 655 1252 non
691 1207 799 1253 adeo
835 1206 1021 1252 absurde
1060 1206 1361 1251 existimantur
1392 1212 1436 1248 et

56 1277 205 1324 bestiae
228 1298 239 1323 ε
263 1279 328 1323 uti
351 1288 495 1324 autem
518 1279 661 1339 aliqua
681 1294 726 1323 re
749 1294 838 1323 non
861 1287 1004 1338 potest
1033 1277 1115 1322 nisi
1136 1275 1296 1321 animal
1316 1275 1437 1335 quod

56 1348 233 1394 rationis
246 1359 309 1395 est
330 1352 556 1410 particeps.
578 1351 694 1396 Scire
716 1364 903 1408 namque
926 1364 1015 1408 quo
1033 1347 1231 1408 quidque
1248 1345 1435 1391 referen-

55 1420 162 1464 dum
190 1421 244 1466 sit
259 1456 270 1476 ‚
291 1437 380 1466 non
405 1420 555 1466 datum
591 1430 655 1465 est
684 1420 860 1465 rationis
882 1419 1130 1479 expertibus
1152 1440 1164 1477 3
1195 1418 1268 1464 sed
1292 1433 1437 1479 neque

51 1489 151 1549 ipsis
170 1491 452 1536 rationalibus
467 1492 625 1537 stultis.
637 1494 725 1538 Nec
743 1492 808 1536 uti
823 1492 1010 1551 quisque
1029 1499 1171 1551 potest
1187 1506 1237 1534 ea
1254 1505 1313 1545 re,
1337 1504 1436 1550 quae

52 1577 141 1622 quo
166 1561 391 1608 referenda
412 1563 467 1608 sit
484 1564 620 1608 nescit
645 1584 656 1621 3
680 1579 761 1607 nec
790 1563 1020 1623 quisquam
1051 1570 1194 1622 potest
1215 1561 1322 1606 scire
1354 1559 1436 1604 nisi

53 1633 236 1693 sapiens.
275 1637 417 1688 Quare
447 1635 569 1680 abuti
600 1635 757 1679 rectius
779 1634 864 1679 dici
897 1634 1038 1679 solent
1059 1669 1070 1688 ‚
1092 1650 1191 1694 quae
1213 1649 1301 1677 non
1323 1632 1435 1676 bene

54 1713 255 1751 utuntur.
273 1708 371 1752 Non
393 1706 510 1751 enim
530 1706 734 1766 cuiquam
750 1704 943 1766 prodest,
964 1705 1010 1748 id
1032 1719 1121 1764 quo
1138 1703 1252 1748 male
1268 1702 1434 1759 utitur3

54 1785 98 1821 et
112 1776 234 1836 quod
254 1793 343 1823 non
364 1777 539 1837 prodest
563 1813 574 1833 ‚
607 1793 696 1822 non
728 1777 880 1837 utique
902 1776 1009 1821 utile
1040 1784 1117 1820 est.
1145 1774 1259 1819 Utile
1291 1783 1436 1818 autem

55 1847 271 1908 quidquid
291 1858 371 1904 est,
396 1849 562 1894 utendo
576 1859 638 1895 est
657 1848 764 1893 utile
790 1868 798 1893 :
824 1849 884 1893 ita
911 1863 1042 1892 nemo
1063 1847 1203 1891 utitur
1222 1846 1302 1890 nisi
1318 1844 1431 1889 utili.

57 1921 154 1965 Non
190 1935 292 1979 ergo
319 1921 457 1964 utitur
477 1955 488 1975 ‚
520 1920 714 1981 quisquis
746 1918 858 1963 male
892 1919 1045 1963 utitur.
1080 1917 1275 1962 Perfecta
1305 1917 1437 1976 igitur

56 1990 240 2035 hominis
261 1991 369 2036 ratio
384 2026 396 2047 ‚
421 2007 520 2052 quae
542 1992 676 2037 virtus
707 2000 886 2036 vocatur
911 2025 922 2045 ‚
947 1990 1084 2034 utitur
1112 1990 1253 2049 primo
1280 2003 1324 2032 se
1345 1988 1436 2047 ipsa

55 2059 111 2106 ad
130 2060 461 2122 intelligendum
481 2066 642 2119 Deum,
668 2071 718 2107 ut
737 2077 788 2107 eo
806 2061 993 2117 fruatur,
1018 2077 1042 2105 a
1059 2076 1148 2120 quo
1171 2061 1301 2105 etiam
1322 2058 1437 2103 facta

55 2142 132 2178 est.
168 2134 313 2179 Utitur
346 2144 491 2180 autem
523 2135 688 2180 caeteris
725 2133 1009 2180 rationalibus
1050 2132 1344 2176 animantibus
1381 2130 1436 2175 ad

53 2204 300 2251 societatem
318 2241 329 2262 ,
354 2206 674 2252 irrationalibus
709 2206 764 2251 ad
794 2204 1090 2251 eminentiam.
1128 2205 1274 2249 Vitam
1306 2203 1436 2247 etiam

56 2291 177 2321 suam
199 2277 254 2322 ad
273 2277 320 2323 id
345 2278 475 2324 refert
497 2314 508 2335 ‚
535 2288 585 2324 ut
611 2277 781 2323 truatur
803 2280 893 2322 Deo
915 2293 922 2318 :
962 2280 1027 2322 Ita
1049 2276 1164 2320 enim
1195 2275 1322 2320 beata
1353 2283 1431 2319 est.

56 2350 170 2408 Ergo
185 2359 229 2394 et
249 2366 294 2396 se
307 2351 399 2411 ipsa
414 2351 553 2397 utitur
567 2372 578 2409 3
598 2368 698 2412 quae
714 2349 912 2411 profecto
929 2350 1106 2394 inchoat
1126 2348 1341 2392 miseriam
1358 2362 1435 2407 per

57 2422 324 2481 superbiam,
339 2423 374 2468 si
395 2422 452 2468 ad
466 2438 510 2468 se
525 2424 678 2483 ipsam,
703 2438 791 2468 non
809 2422 864 2467 ad
878 2424 1018 2465 Deum
1041 2418 1267 2464 referatur.
1291 2419 1436 2463 Utitur

57 2495 185 2540 etiam
219 2495 471 2555 corporibus
504 2492 766 2556 quibusdam
797 2490 1066 2537 vivificandis
1101 2490 1156 2535 ad
1187 2491 1435 2535 beneficen-

60 2565 161 2610 tiam
178 2586 191 2624 3
206 2568 265 2612 sic
283 2568 397 2611 enim
419 2567 556 2612 utitur
567 2582 646 2611 suo
660 2580 840 2625 corpore
858 2583 866 2608 :
887 2562 1150 2624 quibusdam
1168 2562 1433 2608 assumendis
