1790 3187
365 248 445 286 154
803 261 835 287 s.
873 258 1099 287 Ancum-nvi
1134 252 1309 288 'Ebls'cori

423 326 512 367 140.
541 325 633 368 Hoc
655 331 798 367 autem
830 331 969 366 totum
1005 322 1104 367 ideo
1136 322 1293 367 dicitur
1310 359 1321 378 ,
1347 332 1394 367 ut
1415 323 1732 370 demonstretur

359 394 527 438 homini
555 394 723 452 captivo
761 408 847 437 non
879 408 966 437 esse
997 393 1344 452 praesumendum
1368 393 1422 437 de
1446 393 1608 438 viribus
1632 394 1748 439 suis.v

360 456 486 508 ,Unde
495 465 519 506 J
524 463 669 506 udaeos
689 463 894 521 arguebat
917 472 1123 523 tanquam
1142 463 1196 507 de
1215 464 1418 523 operibus
1429 463 1533 521 legis
1552 465 1734 522 superbe

360 534 615 592 gloriantes,
649 549 748 577 cum
771 535 1044 578 traherentur
1066 536 1412 594 concupiscentia
1435 534 1490 578 ad
1520 534 1734 595 quidquid

360 604 559 648 illicitum
582 613 645 647 est
661 639 671 658 ,
693 618 793 647 cum
816 603 884 647 lex
903 604 957 648 de
978 620 1062 664 qua
1095 605 1414 663 gloriabantur,
1442 603 1573 660 dicat,
1599 623 1619 646 «
1641 607 1734 650 Non

363 692 381 715 »
408 674 699 732 concupisces.
743 693 761 714 »
800 674 1032 718 Humiliter
1064 690 1167 734 ergo
1197 674 1430 719 dicendum
1469 684 1532 719 est
1571 675 1734 720 homini

357 744 472 788 victo
495 779 505 799 ,
532 743 761 799 damnato,
787 745 957 804 captivo
974 780 984 800 ,
1010 755 1053 789 et
1074 761 1156 789 nec
1173 745 1322 788 saltem
1345 754 1516 803 accepta
1535 744 1629 803 lege
1644 746 1753 789 vic-'

359 815 472 870 tori,
498 816 572 858 sed
606 816 750 874 potius
775 817 1124 875 praevaricatori,
1157 816 1377 859 humiliter
1408 814 1734 861 exclamandum

357 895 435 940 est,
472 886 634 929 «Miser
651 901 731 944 ego
755 887 901 939 homo,
917 888 1012 946 quis
1030 902 1099 930 me
1122 886 1324 930 liberabit
1347 887 1401 930 de
1422 902 1601 944 corpore
1622 901 1736 930 mor·
1758 916 1760 918 v

360 975 380 998 »
414 958 467 1001 tis
492 958 620 1017 hujus
649 959 666 1001 Ξ)
694 958 838 1002 Gratia
865 959 940 1001 Dei
970 973 1046 1017 per
1080 961 1226 1002 Jesum
1256 958 1476 1002 Christum
1507 957 1758 1002 Dominum>

362 1046 380 1067 »
419 1036 613 1071 nostrum
636 1030 663 1070 ¹.
690 1047 708 1068 η
737 1031 830 1072 Hoc
858 1029 971 1071 enim
991 1038 1121 1071 restat
1144 1029 1186 1071 in
1204 1028 1283 1071 ista
1304 1026 1473 1071 mortali
1490 1027 1578 1071 vita
1599 1027 1733 1071 libero
1756 1050 1758 1068 ;

359 1098 559 1150 arbitrio,
593 1114 680 1142 non
711 1109 759 1142 ut
782 1098 958 1157 impleat
988 1100 1119 1143 homo
1146 1100 1354 1157 justitiam
1377 1133 1386 1151 ,
1412 1113 1512 1141 cum
1535 1097 1734 1154 voluerit,

357 1167 433 1211 sed
465 1178 512 1211 ut
532 1184 576 1212 se
595 1169 778 1227 supplici
804 1170 960 1228 pietate
983 1178 1207 1214 convertat
1233 1169 1287 1212 ad
1318 1183 1416 1212 eum
1436 1203 1447 1223 ,
1473 1168 1595 1226 cujus
1623 1167 1736 1213 dono

359 1253 452 1280 eam
469 1239 601 1297 possit
623 1238 816 1297 implere.

420 1311 507 1351 150.
531 1312 581 1352 In
594 1309 674 1353 hac
692 1324 795 1368 ergo
816 1318 919 1364 tota,
940 1324 1069 1370 quam
1086 1309 1377 1363 tractavimus,
1403 1307 1621 1368 apostolici
1639 1322 1734 1352 con-

360 1380 548 1423 textione
566 1381 788 1433 sermonis,
809 1380 1002 1439 quisquis
1022 1388 1145 1439 putat
1157 1380 1333 1423 sensisse
1350 1379 1605 1438 Apostolum
1620 1378 1735 1438 quod

357 1450 468 1493 mala
496 1451 548 1493 sit
573 1453 654 1504 lex,
681 1452 888 1510 quoniam
912 1451 1032 1504 dicit,
1062 1471 1081 1491 α
1104 1454 1191 1494 Lex
1215 1451 1502 1504 subintravit,
1530 1460 1578 1493 ut
1601 1450 1755 1508 abung

364 1539 382 1560 »
407 1521 528 1563 daret
551 1520 757 1564 delictum
786 1525 802 1546 '2
829 1541 837 1564 :
868 1540 885 1562 »
908 1531 978 1574 et,
1010 1541 1029 1562 α
1055 1521 1312 1565 Ministratio
1338 1521 1485 1564 mortis
1510 1521 1554 1563 in
1587 1509 1754 1589 litteris}

364 1609 382 1630 »
410 1591 591 1648 figurata
619 1591 819 1649 lapideis3
841 1610 884 1635 ε»
901 1592 1142 1644 et,«Virtus
1164 1592 1328 1650 peccati
1351 1590 1419 1634 lex
1450 1610 1458 1634 z
1479 1609 1497 1631 »
1510 1599 1568 1644 et,
1584 1608 1604 1632 «
1621 1586 1735 1635 Mor-

361 1680 379 1701 »
410 1662 470 1704 tui
494 1661 592 1704 estis
619 1662 703 1720 legi
722 1676 796 1719 per
818 1677 974 1721 corpus
995 1662 1180 1714 Christi,
1210 1671 1260 1705 ut
1282 1662 1370 1705 sitis
1395 1660 1569 1704 alterius
1590 1661 1664 1719 qui
1688 1676 1735 1704 cx

363 1750 381 1771 »
410 1733 589 1775 mortuis
613 1732 887 1776 resurrexit⁴t
914 1751 932 1772 »
952 1742 1018 1786 et,
1045 1751 1062 1772 (ι
1084 1733 1304 1775 Passiones
1326 1741 1620 1790 peccatorum,
1640 1745 1735 1790 quae

362 1821 380 1843 »
407 1818 483 1860 per
510 1802 649 1860 legem
687 1814 814 1856 sunt,
850 1802 1147 1862 operabuntur
1175 1803 1220 1845 in
1254 1802 1456 1845 membris
1482 1801 1659 1856 nostris,
1689 1809 1735 1844 ut

361 1893 379 1913 »
406 1874 598 1916 iructum
618 1873 779 1916 ferrent
798 1875 925 1917 morti
948 1895 958 1930 3
985 1889 1101 1917 nunc
1114 1889 1215 1917 vcro
1238 1873 1432 1917 evacuati
1447 1887 1593 1917 sumus
1609 1870 1742 1929 alege

363 1964 379 1983 »
406 1944 568 1995 mortis,
590 1945 632 1986 in
652 1960 735 2003 qua
756 1944 1076 1997 detinebamur,
1095 1944 1150 1986 ita
1168 1954 1217 1987 ut
1234 1944 1465 1987 serviamus
1482 1944 1525 1986 in
1548 1942 1745 2003 novitate,
1788 1979 1790 1986 ,

363 2034 380 2055 u
407 2014 597 2072 spiritus,
612 2025 654 2058 et
676 2030 764 2058 non
782 2015 824 2058 in
848 2023 1060 2058 vetustate
1072 2015 1252 2058 litterae5
1270 2034 1278 2059 ε
1295 2034 1313 2055 »
1335 2025 1378 2058 ct
1400 2014 1482 2057 alia
1505 2014 1539 2058 si
1554 2030 1639 2073 qua
1658 2014 1734 2057 hu-

351 2085 540 2144 jusmodi
565 2084 821 2143 Apostolum
842 2084 993 2128 dixisse
1016 2086 1259 2128 invenimus
1281 2120 1291 2138 ,
1317 2085 1513 2128 attendat
1532 2085 1628 2128 ideo
1650 2098 1734 2128 esse

359 2156 433 2198 ista
451 2156 564 2199 dicta
581 2191 590 2209 ,
609 2156 708 2214 quia
723 2156 791 2199 lex
807 2166 936 2214 auget
951 2156 1343 2214 concupiscentiam
1358 2173 1408 2199 ex
1428 2155 1730 2214 prohibitione,
1786 2188 1787 2193 η

357 2236 398 2269 et
423 2241 541 2268 reum
566 2225 729 2284 obligat
749 2242 799 2269 ex
821 2227 1184 2284 praevaricatione,
1201 2226 1398 2285 jubendo
1420 2226 1540 2285 quod
1560 2224 1735 2284 implere¹

361 2297 552 2340 homines
573 2312 622 2340 ex
644 2296 894 2339 infirmitate
910 2312 999 2344 non
1015 2306 1208 2355 possunt,
1225 2297 1303 2340 nisi
1317 2312 1360 2340 sc
1385 2295 1438 2340 ad
1461 2296 1536 2339 Dei
1555 2296 1728 2353 gratiam

361 2367 517 2425 pietate
541 2375 810 2410 convertant.
829 2368 884 2410 Et
906 2365 1004 2409 ideo
1025 2366 1104 2409 sub
1120 2365 1191 2409 ilia
1209 2381 1296 2409 esse
1318 2365 1524 2410 dicuntur
1540 2400 1550 2416 ,
1576 2364 1733 2424 quibus

359 2437 621 2480 dominatur.
660 2438 729 2480 Eis
770 2446 912 2481 autem
948 2437 1226 2492 dominatur,
1262 2452 1370 2495 quos
1403 2438 1528 2496 punit
1560 2456 1567 2481 :
1609 2436 1729 2495 punit

409 2541 414 2555 ¹
438 2542 525 2570 Rom.
547 2550 601 2580 vn,
622 2540 661 2570 '23
681 2544 713 2571 ct
742 2540 792 2571 215.
814 2557 839 2561 -—
868 2548 876 2560 ⁷
900 2540 943 2571 m.
978 2551 1009 2577 v,
1034 2548 1086 2571 ¹21).
1104 2538 1170 2560 --³
1192 2549 1208 2569 ·)
1231 2541 1302 2570 Cor.
1325 2550 1369 2575 ni,
1403 2550 1433 2579 7-
1470 2556 1486 2560 ··
1506 2539 1519 2566 4
1546 2552 1552 2570 ι
1585 2541 1658 2571 Cor.
1681 2518 1735 2590 xv?

361 2594 415 2625 513.
433 2611 471 2615 -—
488 2592 501 2616 5
522 2597 611 2625 llom.
632 2606 687 2633 vn,
707 2600 739 2635 4,
760 2595 790 2625 s).

1773 0 1780 218 f

1769 219 1775 428 ,ἐ

1766 430 1772 592 ¹

1763 593 1769 808 l
