1790 3187
685 228 884 259 ΕιηετοιΑ
918 231 986 258 Lv.
1443 220 1526 260 505

134 297 236 342 data
254 313 276 342 a
298 295 539 342 visibilibus
560 295 614 340 ad
631 294 862 341 invisibilia
883 330 894 350 ‚
917 311 940 340 a
960 293 1260 355 corporalibus
1275 294 1330 340 ad
1357 296 1529 356 spirita-

134 367 190 413 lia
208 403 219 423 ,
246 384 269 412 a
292 367 603 427 temporalibus
625 368 680 411 ad
704 375 881 411 aeterna.

192 442 313 484 XIV.
349 442 439 486 Nec
466 440 696 500 quisquam
734 447 931 484 nostrum
965 437 1153 483 attendit
1185 438 1306 499 quod
1334 452 1385 482 eo
1414 447 1528 483 tem-

134 526 263 572 pore,
289 527 378 572 quo
401 512 564 557 Pascha
588 510 886 566 celebramus,
913 510 977 555 sol
1000 511 1045 555 in
1074 510 1206 555 ariete
1229 519 1307 566 est,
1332 509 1443 555 sicut
1467 510 1529 555 illi

134 582 358 643 appellant
388 583 623 643 quemdam
657 582 848 627 siderum
876 581 1022 626 locum
1044 618 1055 637 ,
1083 582 1158 626 ubi
1198 597 1346 628 revera
1383 597 1530 627 mense

134 670 350 700 novorum
372 654 435 700 sol
450 655 670 699 invenitur
697 673 707 700 :
731 654 804 699 sed
827 655 915 699 sive
936 653 997 698 illi
1022 655 1222 710 arietem,
1253 654 1340 699 sive
1364 653 1531 714 aliquid

135 725 254 771 aliud
272 726 470 771 eamdem
486 735 651 786 partem
668 725 769 771 coeli
788 741 944 771 vocare
960 724 1180 770 voluerint
1193 761 1204 781 ,
1226 741 1304 771 nos
1322 726 1377 770 de
1393 726 1533 786 Scrip-

133 798 241 842 turis
259 798 415 842 sanctis
432 798 516 843 hoc
539 797 722 842 dicimus
739 832 750 853 ,
771 797 892 857 quod
914 797 1059 842 omnia
1082 796 1222 842 sidera
1241 800 1354 842 Deus
1376 796 1532 842 condi-

132 868 222 924 dit,
260 878 302 914 et
323 869 428 915 locis
459 868 710 914 coelestibus
738 869 898 930 quibus
927 868 1092 925 voluit,
1128 868 1346 914 ordinavit
1387 888 1396 914 ε
1433 883 1533 929 quae

133 939 266 985 stellis
283 940 488 985 distincta
502 976 513 996 ,
539 949 582 985 et
604 939 803 985 ordinata
824 941 869 983 in
898 939 1115 1000 quaslibet
1136 948 1280 998 partes
1303 938 1530 994 dividant,

133 1012 403 1073 quibuslibet
432 1011 657 1057 vocabulis
682 1020 836 1056 notent
856 1011 1126 1071 ubicumque
1154 1010 1219 1055 sol
1248 1018 1357 1055 esset
1385 1025 1533 1055 mense

134 1098 348 1128 novorum
366 1118 377 1138 ,
397 1082 484 1127 illic
509 1097 608 1127 eum
632 1082 839 1142 reperiret
865 1082 961 1126 haec
984 1081 1219 1126 celebratio
1235 1116 1245 1136 ,
1273 1089 1452 1141 propter
1478 1080 1534 1124 si-

135 1154 428 1200 militudinem
447 1155 703 1199 sacramenti
722 1152 983 1198 renovandae
1004 1153 1106 1198 vitae
1122 1189 1133 1208 ,
1159 1153 1214 1197 de
1232 1169 1319 1213 qua
1341 1153 1440 1198 satis
1457 1168 1532 1197 su-

135 1241 212 1286 pra
246 1225 541 1271 disseruimus.
579 1225 708 1279 Quod
737 1226 771 1269 si
801 1225 931 1269 ctiam
955 1224 1076 1269 locus
1099 1223 1172 1269 ille
1202 1223 1394 1269 siderum
1427 1224 1533 1269 aries

135 1297 280 1342 vocari
303 1306 471 1357 posset,
493 1306 671 1356 propter
689 1295 880 1356 aliquam
903 1295 1054 1354 figurae
1070 1295 1402 1355 congruentiam
1421 1330 1432 1351 ‚
1453 1310 1533 1339 ne·

137 1384 223 1429 que
246 1367 301 1413 de
332 1368 584 1429 hujusmodi
612 1368 784 1412 timeret
804 1382 945 1412 sermo
974 1367 1149 1412 divinus
1178 1367 1368 1428 aliquam
1391 1381 1534 1412 sacra-

136 1441 273 1486 menti
296 1440 627 1485 similitudinem
646 1439 830 1498 ducere,
855 1440 965 1484 sicut
987 1439 1041 1484 de
1065 1439 1157 1484 aliis
1175 1455 1265 1484 non
1282 1438 1423 1484 solum
1447 1455 1535 1484 coc·

136 1511 340 1567 lestibus‚
366 1513 442 1556 sed
465 1512 594 1556 etiam
618 1512 891 1557 terrestribus
910 1511 1141 1569 creaturis,
1168 1511 1278 1555 sicut
1301 1510 1355 1555 dc
1373 1511 1535 1556 Orione

138 1592 181 1627 ct
195 1582 466 1642 Pleiadibus,
487 1585 597 1629 sicut
615 1583 669 1627 de
687 1593 835 1628 monte
855 1583 955 1628 Sina
972 1591 1015 1626 ct
1033 1582 1087 1626 de
1105 1591 1256 1627 monte
1276 1582 1402 1639 Sion3
1423 1583 1534 1627 sicut

137 1654 192 1699 de
214 1655 470 1699 fluminibus
488 1671 587 1715 quae
611 1664 824 1700 vocantur
839 1688 850 1709 ,
876 1655 1021 1708 Geon,
1044 1653 1229 1708 Phison,
1257 1654 1413 1711 Tigris,
1439 1656 1532 1697 Eu-

138 1727 312 1786 phrates
334 1746 343 1771 :
370 1728 478 1771 sicut
493 1726 547 1770 de
562 1727 656 1786 ipso
677 1727 800 1771 toties
822 1726 868 1769 in
887 1726 1044 1770 sanctis
1067 1724 1282 1783 mysteriis
1305 1726 1531 1769 nominato

140 1799 274 1843 fluvio
297 1797 489 1843 Jordane
503 1813 647 1842 rerum
666 1798 852 1856 figurate
874 1797 1235 1841 insinuandarum
1254 1796 1456 1854 mysticas
1474 1797 1533 1840 si-

139 1869 409 1915 militudines
428 1869 624 1914 adduxit.

198 1944 296 1986 XV.
333 1941 419 1987 Sed
442 1950 657 2001 quantum
679 1940 847 1985 intersit
868 1940 982 1984 inter
1002 1940 1192 1984 siderum
1211 1938 1534 1984 observationes

140 2013 196 2058 ad
231 2014 365 2057 aerias
400 2013 630 2073 qualitates
668 2011 1043 2066 accommodatas,
1078 2011 1190 2055 sicut
1231 2009 1428 2068 agricolae
1465 2010 1534 2054 vel

142 2095 288 2130 nautae
311 2086 565 2141 observant,
586 2094 662 2129 aut
687 2085 741 2128 ad
764 2083 975 2128 notandas
990 2095 1132 2142 partes
1154 2083 1310 2126 mundi
1333 2097 1533 2126 cursum-

142 2173 228 2219 que
263 2157 409 2217 aliquo
438 2166 481 2201 et
509 2156 711 2200 alicunde
745 2155 1042 2214 dirigendum,
1068 2153 1188 2214 quod
1223 2154 1535 2212 gubernatores

142 2229 318 2274 navium
342 2227 526 2282 faciunt,
552 2236 594 2271 ct
616 2227 645 2270 ii
667 2227 743 2287 qui
758 2242 834 2286 per
856 2225 1112 2270 solitudines
1135 2240 1334 2269 arenosas
1354 2225 1400 2268 in
1421 2225 1534 2268 intc-

144 2301 256 2346 riora
277 2300 425 2344 Austri
447 2297 568 2343 nulla
593 2298 743 2342 semita
766 2306 881 2341 certa
905 2295 972 2340 vel
997 2305 1110 2341 recta
1139 2295 1398 2354 gradiuntur
1426 2316 1436 2353 3
1461 2305 1536 2340 aut

144 2387 244 2417 cum
268 2370 322 2415 ad
344 2369 512 2431 aliquid
540 2370 585 2413 in
615 2369 813 2414 doctrina
845 2367 939 2412 utili
964 2367 1149 2426 figurate
1180 2366 1532 2425 significandum,

145 2445 194 2487 sit
211 2441 524 2487 nonnullorum
544 2440 734 2485 siderum
756 2439 900 2500 aliqua
922 2438 1300 2483 commemoratio:
1320 2446 1538 2497 quantum

145 2529 249 2573 ergo
264 2513 433 2557 intersit
454 2514 566 2557 inter
585 2513 660 2556 has
677 2511 903 2566 utilitates,
930 2519 973 2554 et
994 2509 1204 2553 vanitates
1226 2508 1454 2553 hominum
1479 2507 1537 2551 ob

145 2588 230 2632 hoc
252 2586 578 2632 observantium
608 2585 763 2641 sidera,
794 2593 844 2629 ut
867 2597 947 2628 nec
977 2582 1084 2627 aeris
1101 2581 1346 2642 qualitates,
1366 2595 1447 2626 nec
1469 2595 1537 2625 re-
