1790 3187
676 241 870 268 EPISTOLA
905 242 974 268 Lv.
1431 231 1513 270 503

126 306 210 350 lico
232 305 287 349 de
305 303 567 364 quibusdam
586 303 827 364 profertur,
853 305 927 365 qui
945 305 1196 359 coluerunt,
1218 314 1260 348 et
1274 306 1517 352 servierunt

126 386 336 422 creaturae
358 377 502 435 potius
519 391 649 436 quam
672 377 871 421 Creatori
891 413 901 433 ,
920 378 996 438 qui
1017 387 1081 422 est
1102 376 1357 421 benedictus
1379 378 1424 421 in
1442 394 1519 422 sae-

125 448 266 493 cula¹.
302 447 422 492 Sicut
448 447 563 491 enim
586 462 675 491 non
699 448 929 492 adoramus
951 464 1130 509 pecora,
1155 448 1352 508 quamvis
1374 447 1517 493 dictus

123 521 177 564 sit
198 519 396 565 Christus
422 528 465 563 et
487 534 621 577 agnus
639 529 682 564 et
709 520 929 579 vitulus²3
955 536 1036 565 nec
1060 520 1197 565 feram
1212 555 1223 575 ,
1248 520 1350 580 quia
1372 519 1516 565 dictus

124 600 188 635 est
201 590 271 635 leo
288 591 342 634 de
357 590 477 634 tribu
494 592 518 634 J
523 591 608 634 uda
623 592 637 617 ³
655 612 667 650 3
687 607 766 636 nec
783 591 973 652 lapidem
985 627 996 647 ‚
1016 592 1117 652 quia
1132 600 1254 651 petra
1268 600 1359 636 erat
1373 591 1518 636 Chris-

123 671 193 707 tus
215 683 226 720 3
251 677 331 706 nec
351 670 547 707 montem
568 663 692 719 Sion,
717 663 819 724 quia
840 664 885 707 in
907 664 1001 723 ipso
1024 664 1237 723 figuratur
1257 662 1480 708 Ecclesia4
1504 682 1514 709 :

123 733 182 778 sic
204 747 284 778 nec
300 733 434 777 solem
454 749 535 778 nec
552 733 702 779 lunam
717 770 728 791 ,
747 735 945 796 quamvis
962 750 1015 780 cx
1037 750 1085 779 ea
1103 735 1268 780 coelesti
1289 743 1486 779 creatura
1502 769 1514 791 ,

121 804 233 850 sicut
255 819 307 849 ex
323 803 473 849 multis
492 807 768 850 terrestribus
783 841 794 862 ‚
819 816 1189 852 sacramentorum
1209 807 1361 866 figurae
1383 806 1440 851 ad
1455 806 1502 850 in

120 877 406 922 formationes
429 878 632 936 mysticas
655 887 945 923 assumantur.

179 950 283 992 XII.
325 951 602 1008 Quapropter
644 950 1054 994 Mathematicorum
1091 947 1376 991 deliramenta
1416 961 1516 993 cum

120 1019 411 1063 detestatione
424 1019 644 1063 irridenda
657 1028 760 1064 sunt
780 1038 790 1065 ι
811 1019 972 1080 quibus
989 1033 1090 1063 cum
1107 1019 1394 1078 objecerimus
1408 1033 1516 1063 vana

119 1098 395 1144 commenta,
436 1089 556 1134 unde
588 1090 787 1135 homines
808 1091 853 1135 in
882 1105 1072 1134 errorem
1095 1090 1394 1150 praecipitant,
1429 1104 1519 1150 quo

118 1162 239 1222 prius
261 1162 517 1222 praecipitati
540 1171 640 1206 sunt
661 1197 672 1218 ‚
698 1161 860 1222 garruli
883 1162 965 1206 sibi
986 1161 1215 1216 videntur,
1240 1177 1343 1206 cum
1365 1160 1520 1205 dicunt

118 1233 267 1288 nobis,
289 1235 379 1278 Cur
401 1242 444 1277 et
460 1249 536 1278 vos
556 1232 610 1277 ad
629 1232 729 1278 solis
751 1242 794 1278 et
809 1233 928 1278 lunae
951 1233 1325 1293 computationem
1356 1232 1520 1277 Pascha

117 1304 373 1350 celebratis?
394 1306 517 1366 quasi
540 1321 619 1350 nos
648 1305 823 1350 ordines
855 1305 1068 1360 siderum,
1096 1313 1171 1349 aut
1200 1303 1518 1349 vicissitudines

117 1385 367 1436 temporum
384 1392 407 1421 a
425 1392 598 1422 summo
618 1385 751 1438 atque
765 1376 931 1437 optimo
949 1379 1039 1421 Deo
1052 1374 1249 1421 conditas
1266 1389 1514 1434 arguamus,

117 1456 160 1492 et
199 1464 289 1492 non
325 1464 476 1493 eorum
504 1448 828 1508 perversitatem
845 1483 855 1503 ,
901 1463 1001 1508 quae
1043 1448 1172 1492 rebus
1204 1446 1517 1506 sapientissime

116 1518 304 1563 conditis
326 1519 382 1563 ad
400 1519 671 1564 stultissimas
692 1519 917 1579 opiniones
935 1518 1145 1563 abutitur.
1166 1520 1276 1563 Nam
1294 1519 1327 1562 si
1344 1518 1517 1562 Mathe-

116 1591 298 1634 maticos
321 1591 451 1634 nubis
475 1591 827 1635 contradicturus
851 1598 915 1634 est
937 1589 992 1633 de
1020 1588 1233 1633 sideribus
1254 1597 1297 1632 et
1322 1588 1514 1632 lumina-

116 1661 236 1705 ribus
259 1662 359 1706 coeli
385 1661 438 1705 ad
461 1671 728 1706 sacramenta
751 1663 933 1720 mystice
956 1659 1185 1720 figuranda
1207 1659 1515 1704 similitudines

116 1732 277 1777 ducere
295 1768 305 1788 ,
336 1733 636 1777 contradicant
659 1742 701 1776 et
727 1748 913 1792 augures
931 1749 986 1776 ne
1008 1732 1180 1776 dicatur
1198 1730 1324 1775 nobis
1349 1749 1358 1774 :
1390 1749 1409 1772 «
1431 1732 1515 1774 Es-

118 1822 138 1846 »
167 1812 259 1849 tote
279 1803 494 1864 simplices
515 1813 565 1848 ut
586 1803 819 1848 columbae.
843 1822 864 1846 »
890 1803 1203 1850 Contradicant
1221 1811 1265 1846 et
1285 1801 1435 1856 marsi,
1460 1816 1516 1845 ne

115 1874 287 1920 dicatur
309 1876 461 1933 nobis3
491 1894 511 1917 «
542 1875 685 1920 Astuti
720 1875 831 1920 sicut
860 1876 1122 1936 serpentes⁵.
1152 1891 1173 1915 »
1199 1872 1514 1918 Contradicant

114 1946 369 2001 histriones,
396 1962 451 1990 ne
476 1947 521 1990 in
542 1946 722 1990 Psalmis
745 1946 955 1990 citharam
980 1945 1271 1990 nominemus.
1297 1947 1386 1988 Aut
1412 1944 1514 2003 quia

116 2031 169 2061 ex
201 2018 266 2062 his
291 2018 421 2062 rebus
450 2017 505 2062 ad
529 2017 731 2075 mysteria
755 2018 878 2062 verbi
900 2017 1000 2071 Dei,
1024 2015 1361 2061 similitudinum
1390 2014 1512 2073 signa

115 2098 372 2144 sumuntur,
398 2090 545 2133 dicant
564 2124 574 2144 ‚
596 2089 629 2132 si
647 2087 809 2148 placet,
832 2088 900 2132 vel
923 2088 1110 2148 auspicia
1132 2103 1210 2132 nos
1227 2095 1416 2146 captare,
1443 2084 1513 2130 vel

115 2175 284 2204 venena
307 2161 521 2204 conficere
538 2194 548 2214 ‚
570 2159 640 2204 vel
664 2160 893 2204 theatricas
918 2159 1124 2204 affectare
1145 2157 1336 2202 luxurias
1352 2192 1364 2213 ‚
1392 2156 1514 2216 quod

115 2230 492 2276 dementissimum
515 2240 579 2275 est
594 2230 752 2275 dicere.

176 2305 303 2347 XIII.
339 2305 435 2349 Non
464 2303 598 2361 igitur
620 2318 698 2347 nos
730 2301 785 2346 de
817 2300 907 2346 sole
938 2310 982 2345 et
1013 2301 1145 2356 luna,
1184 2299 1339 2344 annuis
1366 2313 1512 2343 mens-

116 2374 277 2418 truisve
310 2374 582 2434 temporibus
611 2374 833 2418 actionum
865 2382 1111 2417 nostrarum
1143 2380 1298 2417 eventa
1333 2370 1513 2431 conjici-

117 2460 214 2489 mus
229 2480 240 2501 ,
270 2460 326 2490 ne
347 2446 394 2489 in
427 2445 528 2490 vitae
553 2446 759 2490 humanae
780 2444 1153 2505 periculosissimis
1181 2442 1514 2504 tempestatibus

166 2554 174 2570 ¹
198 2550 293 2580 Rom.
318 2560 341 2590 1,
370 2547 425 2581 25.
442 2567 484 2572 —
500 2555 513 2571 2
533 2550 624 2581 Joan.
657 2560 680 2588 1,
707 2550 763 2581 29.
778 2565 820 2572 —
836 2545 849 2570 3
868 2547 982 2581 Ezech.
1003 2559 1091 2589 xmu,
1121 2559 1172 2589 19.
1189 2545 1261 2577 -4
1280 2548 1381 2590 Apoc.
1410 2557 1446 2585 v,
1477 2544 1510 2577 5.

117 2604 238 2637 Matth.
259 2617 324 2646 xm,
343 2604 398 2647 42.
432 2617 444 2638 1
465 2607 553 2637 Petr.
573 2616 610 2646 11,
632 2603 662 2646 4
682 2622 722 2628 -
737 2603 751 2627 5
769 2604 890 2636 Matth.
911 2616 943 2646 x,
966 2604 1018 2636 16.
