1790 3187
321 212 402 253 508
756 221 787 250 s.
826 222 1056 252 Aucus‘rim
1091 224 1269 252 ssrlscopi

319 306 408 336 non
430 298 495 334 est
518 289 562 333 in
595 289 654 334 eis
680 296 841 333 aeterna
878 289 1062 350 requies,-
1104 305 1184 334 nec
1215 288 1365 334 saltem
1398 289 1604 334 diuturna
1629 311 1640 349 3
1661 301 1704 336 et

319 369 544 421 propterea
577 359 712 418 magis
743 359 966 405 sordidant
989 361 1194 415 animam,
1221 369 1263 403 et
1286 369 1520 418 aggravant
1541 361 1699 419 potius,

318 441 368 477 ut
402 432 618 477 sincerum
641 432 730 491 ejus
753 430 941 490 pondus,
977 447 1065 492 quo
1093 432 1139 475 in
1161 446 1346 490 superna
1370 430 1508 476 fertur
1528 466 1539 487 ,
1562 432 1703 492 impe-

317 503 454 549 diant.
482 505 594 548 Cum
612 518 714 562 ergo
732 503 875 548 anima
894 503 1031 563 seipsa
1062 502 1318 557 delectatur,
1345 501 1540 547 nondum
1564 518 1609 547 re
1635 505 1705 547 in-

317 574 632 621 commmtabili
647 574 888 619 delectatur
908 596 919 632 ς
945 584 987 620 et
1008 574 1106 619 ideo
1130 575 1273 619 adhuc
1296 575 1482 634 superba
1501 583 1579 630 est,
1603 575 1705 635 quia

317 661 362 690 se
389 661 468 705 pro
490 660 661 691 summo
684 646 832 700 habet,
858 661 958 691 cum
987 647 1182 705 superior
1204 647 1257 690 sit
1289 648 1417 690 Deus.
1445 648 1533 692 Nec
1562 647 1606 689 in
1629 646 1706 690 tali

317 726 496 777 peceato
517 717 733 776 impunita
757 717 1033 778 relinquitur,
1060 718 1160 778 quia
1182 737 1201 759 «
1228 721 1341 762 Deus
1360 718 1555 778 superbis
1580 718 1705 762 resis-

320 805 340 830 »
367 788 435 843 tit,
461 786 699 832 humilibus
723 797 869 833 autem
900 789 975 833 dat
997 789 1178 847 gratiam
1200 790 1229 832 ¹.
1255 806 1274 829 »
1296 790 1408 834 Cum
1433 798 1578 833 autem
1618 792 1707 833 Deo
1770 776 1771 798 ³

315 858 573 914 delectatur,
599 859 660 903 ibi
683 874 846 915 veram,
876 868 1055 914 certam,
1081 868 1291 903 aeternam
1308 860 1476 903 invenit
1494 860 1705 919 requiem,

315 944 447 990 quam
462 930 507 974 in
529 929 622 974 aliis
639 930 878 989 quaerebat,
898 945 978 974 nec
1002 931 1265 976 inveniebat.
1289 929 1476 975 Proinde
1496 930 1708 975 admone-

315 1010 387 1045 tur
408 1002 454 1044 in
476 999 646 1046 Psalmo
669 1021 680 1059 3
711 1020 730 1042 «
756 1000 978 1046 Delectare
999 1001 1045 1046 in
1064 1001 1270 1057 Domino,
1291 1010 1333 1046 et
1356 1001 1477 1046 dabit
1494 1001 1575 1046 tibi
1598 1001 1710 1061 peti-

318 1072 495 1117 »tiones
513 1071 654 1117 cordis
671 1073 736 1116 tui
753 1074 784 1116 ².
803 1091 822 1113 »
1770 1066 1773 1070 ’

374 1144 494 1186 XIX.
533 1143 645 1196 Quia
667 1158 769 1202 ergo
794 1162 814 1185 «
839 1143 1025 1188 charitas
1048 1143 1125 1187 Dei
1145 1143 1305 1187 diffusa
1337 1151 1401 1187 est
1432 1143 1479 1187 in
1500 1143 1710 1188 cordibus
1770 1162 1773 1171 =

319 1230 339 1255 »
364 1214 518 1258 nostris
549 1229 627 1273 per
658 1214 866 1273 Spiritum
888 1223 1109 1267 sanctum,
1132 1214 1208 1274 qui
1232 1214 1358 1257 datus
1380 1223 1443 1257 est
1463 1214 1588 1258 nobis
1613 1215 1646 1270 ⁸,
1683 1233 1702 1256 »

315 1286 414 1330 ideo
442 1285 723 1331 sanctificatio
757 1287 801 1330 in
834 1287 1019 1346 septimo
1054 1285 1124 1330 die
1157 1295 1493 1330 commemorata
1527 1295 1606 1341 est,
1634 1286 1709 1330 ubi
1770 1284 1773 1342 Ξ

315 1357 485 1417 requies
507 1357 855 1402 commendatur.
883 1358 993 1411 Quia
1015 1372 1116 1402 vero
1134 1372 1214 1402 nec
1233 1357 1344 1401 bene
1367 1358 1535 1416 operari
1556 1373 1711 1417 possu-

315 1443 428 1482 mus,
460 1427 540 1471 nisi
563 1428 680 1472 dono
708 1429 798 1487 ejus
821 1428 975 1488 adjuti,
997 1428 1110 1472 sieut
1137 1427 1244 1472 dicit
1270 1427 1531 1487 Apostolus:
1558 1448 1577 1471 «
1600 1431 1714 1473 Deus
1771 1424 1773 1431 '

318 1517 338 1541 »
357 1499 472 1543 enim
494 1508 557 1543 est
580 1500 655 1559 qui
680 1509 884 1559 operatur
912 1500 957 1543 in
987 1499 1112 1545 vobis
1135 1509 1178 1543 et
1210 1499 1320 1543 velle
1354 1509 1396 1543 et
1431 1501 1599 1559 operari
1633 1515 1712 1560 pro
1772 1531 1773 1534 η

317 1587 337 1611 »
357 1570 472 1614 bona
495 1569 720 1614 voluntate
738 1571 770 1619 4,
801 1589 819 1611 »
842 1586 921 1615 nec
947 1571 1217 1631 requiescere
1239 1572 1478 1630 poterimus
1500 1580 1598 1630 post
1615 1586 1711 1615 om-
1772 1607 1773 1620 ,

315 1641 386 1685 nia
410 1641 523 1685 bona
547 1656 676 1700 opera
701 1649 862 1696 nostra,
885 1657 984 1701 quae
1000 1642 1045 1685 in
1069 1642 1148 1686 hae
1167 1641 1256 1685 vita
1282 1642 1488 1700 gerimus,
1514 1643 1594 1686 nisi
1620 1643 1712 1702 ejus
1771 1666 1773 1702 ᾗ

316 1713 433 1759 dono
455 1713 510 1759 ad
524 1714 810 1757 aeternitatem
830 1714 1085 1758 sanctificati
1106 1723 1235 1773 atque
1258 1713 1455 1772 perfecti,
1481 1722 1711 1772 propterea

316 1785 371 1829 de
399 1785 494 1844 ipso
527 1788 616 1830 Deo
644 1784 803 1829 dieitur
828 1806 838 1842 3
860 1785 960 1845 quia
998 1803 1017 1826 «
1047 1786 1158 1829 Cum
1189 1782 1358 1828 fecisset
1395 1783 1542 1828 omnia
1583 1799 1712 1843 opera
1772 1779 1773 1792 ³

319 1874 340 1897 »
364 1855 491 1901 valde
511 1856 640 1909 bona,
667 1856 851 1915 septimo
874 1856 944 1899 die
967 1855 1181 1915 requievit
1204 1856 1258 1899 ab
1281 1855 1484 1901 omnibus
1506 1855 1713 1914 operibus

321 1946 339 1970 »
362 1928 466 1983 suis,
493 1943 591 1987 quac
606 1925 710 1971 fecit
729 1930 759 1971 5.
790 1946 808 1967 »
836 1930 1045 1971 Futuram
1066 1926 1179 1969 enim
1203 1926 1397 1985 requiem
1420 1925 1710 1983 significabat,
1770 1917 1773 1951 5

317 2014 447 2058 quam
487 2007 584 2056 post
622 1999 736 2041 bona
773 2013 902 2056 opera
940 1996 1122 2042 daturus
1155 2006 1247 2040 erat
1284 1997 1407 2039 nobis
1443 1996 1708 2040 hominibus.
1772 2031 1773 2041 i

320 2069 439 2113 Sicut
462 2069 578 2111 enim
618 2083 717 2111 cum
760 2067 870 2110 bene
899 2082 1144 2126 operamur,
1175 2067 1265 2124 ipse
1287 2066 1446 2110 dieitur
1469 2066 1638 2124 operari
1668 2067 1709 2109 in

318 2139 459 2194 nobis,
488 2140 611 2198 cujus
635 2153 814 2181 munere
846 2139 954 2181 bene
983 2152 1214 2196 operamur
1241 2156 1249 2179 z
1275 2137 1333 2180 ita
1355 2152 1454 2180 cum
1480 2137 1712 2196 requiesci·
1770 2156 1773 2198 ς

318 2225 436 2265 mus,
477 2209 567 2268 ipse
605 2208 873 2269 requiescere
914 2208 1072 2253 dieitur
1089 2242 1099 2262 ,
1126 2223 1215 2267 quo
1255 2207 1447 2251 donante
1475 2207 1711 2266 requiesci·

319 2296 430 2325 mus.
1771 2328 1773 2346 s

379 2353 475 2395 XX.
524 2351 635 2396 Hinc
659 2351 860 2411 estquod
889 2350 1017 2394 etiam
1046 2351 1091 2393 in
1133 2350 1269 2399 tribus
1294 2350 1444 2409 primis
1481 2351 1708 2409 praeceptis
1770 2349 1772 2371 ³

321 2423 522 2482 Decalogi
545 2439 643 2482 quae
666 2423 719 2466 ad
742 2427 875 2467 Deum
896 2423 1130 2481 pertinent,
1149 2427 1317 2477 (caetera
1341 2423 1456 2465 enim
1473 2431 1637 2480 septem
1657 2422 1711 2466 ad

369 2533 378 2548 ¹
404 2525 518 2558 Jacob.
537 2537 582 2564 iv,
599 2527 632 2558 (i.
650 2543 687 2549 -—
705 2533 716 2548 ²
741 2525 818 2559 Psal.
840 2537 947 2564 xxxw,
967 2523 1081 2567 4.—3
1103 2527 1193 2559 Rom.
1213 2535 1244 2563 v,
1262 2524 1293 2558 5.
1309 2523 1378 2554 --4
1394 2524 1505 2566 Philip.
1525 2536 1558 2565 u,
1583 2525 1632 2555 13.
1651 2541 1688 2546 —-

321 2579 334 2603 ⁵
353 2583 431 2614 Gen.
457 2593 480 2620 ι,
512 2581 565 2619 31,
583 2586 616 2614 et
638 2593 672 2622 ii,
697 2591 729 2613 2.
