1790 3187
348 254 432 295 410
764 270 798 296 s.
834 266 1065 297 AUGUSTINI
1096 270 1278 298 Emscom

345 333 602 393 spiritalinm
615 333 870 379 distributor
887 344 1017 395 atque
1031 334 1209 395 largitor
1229 351 1307 396 per
1323 344 1444 381 tuam
1467 337 1726 383 sententiam

345 404 622 449 confirmabit
653 404 946 449 obedientiam
972 420 1129 451 meam.
1156 406 1382 466 Quidquid
1418 408 1530 452 enim
1561 408 1728 452 habent

345 474 418 519 illa
456 476 612 534 scripta
647 474 889 520 delectione
920 485 995 521 tua
1023 477 1206 535 dignum
1226 511 1237 532 ,
1276 477 1322 520 in
1356 492 1455 522 meo
1489 478 1727 523 ministerio

345 545 455 590 dixit
476 550 605 601 Deus,
631 546 743 602 Fiat,
769 557 811 591 et
833 545 998 591 factum
1022 556 1106 592 est:
1131 548 1174 591 in
1195 556 1270 592 tua
1292 563 1394 593 vero
1416 549 1728 608 approbatione

348 617 456 662 vidit
477 620 608 672 Deus,
640 617 741 676 quia
770 618 937 662 bonum
958 627 1037 663 est.

404 690 487 732 ΙΙΙ.
527 688 874 741 Quaestiunculas
895 704 1012 745 sane,
1037 704 1144 749 quas
1167 689 1275 733 mihi
1304 688 1553 734 enodandas
1573 689 1728 749 jubere

345 757 547 817 dignatus
569 774 628 814 eS‚
660 760 740 804 etsi
771 774 866 804 mea
899 761 1102 805 tarditate
1122 759 1367 820 implicatus
1388 776 1477 805 non
1508 759 1728 819 intellige-

345 843 452 884 rem,
479 830 561 874 tuis
584 829 746 873 meritis
767 828 941 889 adjutus
964 831 1190 889 aperirem.
1219 833 1406 875 Tantum
1428 828 1539 874 illud
1560 846 1726 889 quaeso,

345 908 395 943 ut
422 915 501 959 pro
537 915 629 945 mea
661 900 913 946 infirmitate
949 902 1192 961 depreceris
1227 904 1389 956 Deum,
1419 910 1462 945 et
1493 901 1581 946 sive
1608 901 1654 944 in
1678 900 1729 946 iis

345 969 506 1029 quibus
539 985 607 1014 me
641 985 838 1014 exercere
876 972 1063 1030 benigne
1094 980 1361 1031 paterneque
1395 970 1567 1017 voluisti
1588 1005 1600 1027 ,
1641 971 1730 1016 sive

345 1039 391 1082 in
423 1039 514 1083 aliis
536 1056 828 1100 quaecumque
850 1050 995 1086 nostra
1033 1042 1077 1086 in
1110 1052 1204 1087 tuas
1235 1051 1402 1086 sanctas
1437 1057 1590 1086 manus
1619 1040 1730 1086 forte

344 1111 637 1169 pervenerint,
672 1112 774 1169 quia
804 1112 915 1155 sicut
947 1113 1020 1155 Dei
1059 1112 1186 1167 dala,
1223 1113 1281 1156 sic
1307 1113 1436 1156 etiam
1459 1128 1556 1157 mea
1591 1121 1731 1157 errata

345 1195 576 1237 cognosco,
602 1196 692 1225 non
713 1181 854 1226 solum
870 1197 1019 1226 curam
1041 1181 1224 1241 legentis
1247 1181 1487 1243 impendas,
1504 1183 1580 1227 sed
1601 1184 1731 1228 etiam

347 1266 574 1296 censuram
595 1253 847 1311 corrigentis
872 1267 1076 1298 assumas.
1101 1252 1223 1297 Vale.

346 1396 622 1413 MWWVVUWVYWV!
628 1397 835 1413 mmmmm
843 1396 1732 1415 mmmmmmmxmmmmmm
1760 1415 1761 1419 Ἰ

698 1507 1020 1554 EPIS'E'OJA
1055 1501 1368 1555 XXKYHP.

667 1640 770 1672 Fratri
798 1640 1079 1674 PRoFuTURo
1103 1640 1410 1675 AUGUSTINUS.

348 1760 648 1819 Augustinus
669 1757 960 1817 Profuturo,
985 1756 1046 1802 de
1077 1755 1335 1802 toleranda
1368 1754 1576 1802 adversa
1606 1754 1733 1801 vale-

409 1829 588 1886 tudine,
622 1828 681 1874 de
704 1838 856 1875 morte
880 1828 1106 1891 Blegcclz'z‘,
1131 1838 1177 1873 et
1200 1827 1259 1873 de
1286 1826 1555 1874 cohibenda
1577 1828 1669 1872 ira.

411 1970 444 2010 l.
474 1969 709 2012 SECUNDUM
732 1966 947 2025 spiritum,
972 1974 1186 2025 quantum
1210 1965 1394 2009 Domino
1415 1964 1575 2023 placet,
1601 1973 1734 2022 atque·

348 2037 456 2082 vires
473 2038 564 2095 ipse
588 2037 780 2095 praebere
796 2035 1018 2094 dignatur,
1046 2044 1161 2080 recte
1182 2049 1331 2079 sumus
1353 2053 1361 2079 :
1383 2047 1564 2093 corpore
1587 2043 1734 2078 autem

350 2123 429 2166 ego
457 2109 501 2152 in
530 2108 643 2152 lecto
677 2122 787 2152 sum.
809 2111 897 2153 Nec
917 2107 1141 2152 ambulare
1164 2107 1297 2162 enim,
1318 2121 1398 2151 nec
1420 2115 1547 2162 stare,
1569 2119 1650 2149 nec
1663 2120 1734 2149 se·

349 2179 451 2223 dere
465 2194 656 2238 possum,
672 2179 870 2237 rhagadis
883 2178 953 2224 vel
966 2177 1194 2223 exochadis
1210 2177 1361 2223 dolore
1382 2187 1424 2222 et
1443 2178 1729 2234 tumore(22).

353 2250 436 2294 Sed
458 2250 585 2294 etiam
609 2250 685 2305 sic,
711 2250 917 2309 quoniam
939 2248 981 2293 id
1006 2248 1189 2293 Domino
1216 2248 1374 2307 placet,
1401 2248 1508 2307 quid
1524 2246 1643 2291 aliud
1665 2245 1733 2290 dia

350 2320 539 2364 cendum
562 2331 640 2375 est,
667 2321 744 2364 nisi
761 2320 863 2380 quia
880 2328 995 2364 recte
1016 2333 1164 2363 sumus
1182 2320 1199 2362 P
1223 2318 1371 2363 Potius
1394 2318 1510 2362 enim
1527 2317 1561 2362 si
1583 2316 1628 2361 id
1648 2331 1731 2361 no-

350 2391 495 2436 lumus
517 2392 637 2451 quod
654 2391 726 2436 ille
753 2391 861 2446 vult,
888 2407 965 2436 nos
983 2390 1189 2450 culpandi
1208 2405 1372 2445 sumus,
1398 2404 1530 2449 quam
1551 2387 1624 2432 ille
1645 2400 1734 2432 non

352 2472 467 2507 recte
493 2462 657 2522 aliquid
680 2461 749 2507 vel
769 2462 910 2506 facere
933 2461 997 2506 vel
1018 2462 1157 2506 sinere
1180 2460 1490 2505 existimandus
1511 2468 1588 2503 est.
1613 2457 1735 2504 Nosti

1755 2143 1759 2220 Ι

401 2566 409 2581 ¹
437 2558 518 2591 Alias
542 2570 645 2591 extit.
669 2570 738 2601 quae
755 2564 860 2591 antem
883 2571 933 2591 vni
951 2563 1034 2597 erat,
1053 2569 1137 2591 nunc
1157 2569 1280 2590 ccum.
1297 2574 1336 2581 --
1351 2557 1476 2599 Scripta
1495 2556 1581 2589 circa
1599 2556 1734 2588 medium

352 2615 424 2646 anni
449 2616 523 2657 397.
