1790 3187
322 250 407 289 396
755 262 787 289 s.
823 258 1054 287 aueus‘nm
1086 257 1267 286 zmscom

321 341 410 371 non
433 324 531 370 dico
552 325 740 369 sabbatis
758 325 954 385 jejunare
969 358 980 377 ‚
1005 321 1081 367 sed
1101 335 1327 381 nunquam
1350 320 1528 365 omnino
1550 319 1699 365 cibum

320 411 370 441 ac
394 406 543 456 potum
568 411 735 439 sumere
758 395 1043 447 deberemus,
1076 408 1130 436 ne
1159 392 1213 436 de
1245 392 1325 435 isto
1360 392 1431 435 Dei
1460 406 1593 448 regno
1616 407 1701 434 un·
1762 410 1763 414 ¹

319 481 452 526 quam
488 465 799 510 recederemus.
843 468 954 509 Puto
982 473 1127 507 autem
1163 463 1289 521 quia,
1323 462 1404 505 isto
1435 462 1700 514 confitente,

319 538 543 597 aliquanto
565 536 804 595 religiosius
834 536 904 579 die
928 534 1152 579 Dominico
1174 534 1226 577 ad
1252 531 1484 576 Ecclesiam
1512 533 1703 591 pertiue-

318 624 416 653 mus
432 643 443 661 ‚
468 606 646 668 quando
665 617 808 652 tamen
822 616 866 651 et
881 607 973 666 ipso
991 603 1259 650 concedente
1278 603 1553 663 prandemus.

377 680 545 722 xvm.
574 696 594 719 «
622 679 711 723 Cur
727 712 739 729 ,
763 678 925 736 inquit,
942 676 1197 721 sacrificium
1219 675 1373 733 potiori
1398 674 1582 718 Domino
1600 674 1705 718 cha-

319 763 416 792 rum
437 763 762 792 murmuramus
783 747 940 792 offerre
961 782 972 802 ‚
999 745 1119 806 quod
1142 746 1315 805 spiritus
1335 745 1550 789 desiderat
1564 755 1607 788 et
1623 749 1708 789 An·
1768 770 1770 778 ›

321 817 443 877 gelus
464 818 645 862 laudat?
665 836 684 859 n
719 817 885 862 Deinde
916 816 1109 877 adjungit
1135 816 1286 874 Angeli
1319 815 1611 860 testimonium
1638 813 1708 859 di·
1767 841 1771 849 »

319 889 456 932 centis
482 907 490 932 :
519 907 538 930 «
564 891 682 933 Bona
709 899 772 932 est
793 888 932 933 oratio
962 903 1062 932 cum
1086 887 1254 948 jejunio
1274 895 1315 930 et
1334 886 1606 944 eleemosyna
1625 888 1655 929 ¹,
1685 904 1704 927 »

319 958 437 1011 Quid
456 958 635 1013 dixerit,
656 977 675 1000 «
694 958 850 1018 potiori
870 959 1077 1014 Domino,
1098 977 1117 998 η
1140 959 1283 1002 neseio
1302 957 1381 1000 nisi
1400 956 1512 1001 forte
1528 957 1710 1015 scriptor

320 1030 504 1082 erravit,
530 1038 638 1084 ette
661 1029 795 1087 sugit,
820 1038 869 1072 ut
891 1029 1009 1089 quod
1030 1028 1134 1071 mihi
1153 1026 1387 1086 legendum
1410 1027 1560 1071 misisti
1581 1062 1591 1081 ,
1618 1041 1707 1070 non

319 1097 586 1141 emendares.
616 1099 879 1142 Sacrificium
903 1114 1005 1156 ergo
1041 1098 1223 1142 Domino
1255 1097 1433 1140 charum
1453 1130 1464 1149 ‚
1491 1096 1708 1155 jejunium
1757 1100 1759 1127 ἰ

318 1167 414 1211 vult
444 1167 652 1226 intelligi,
681 1168 802 1228 quasi
825 1168 879 1211 de
906 1168 1073 1227 jejunio
1099 1176 1294 1211 versetur
1319 1167 1413 1210 haec
1435 1167 1640 1225 quaestio,
1666 1173 1709 1209 et
1758 1197 1759 1206 1
1788 1198 1790 1206 ,

320 1253 410 1283 non
432 1239 487 1282 de
503 1239 671 1299 jejunio
693 1239 878 1283 sabbati.
917 1242 1068 1299 Neque
1091 1238 1206 1282 enim
1237 1237 1486 1282 Dominicus
1508 1237 1598 1280 dies
1620 1236 1712 1280 sine
1758 1246 1790 1299 ᾗ,

320 1309 547 1364 sacrificio,
568 1311 685 1370 quod
707 1313 795 1354 Deo
812 1311 993 1354 charum
1015 1318 1094 1363 est,
1117 1309 1353 1368 peragitur,
1374 1308 1475 1368 quia
1499 1323 1585 1352 non
1602 1308 1713 1367 jeju·
1758 1348 1760 1365 ξ

320 1388 466 1423 natur.
493 1381 698 1439 Sequitur
716 1381 859 1424 adhuc
877 1389 920 1423 et
936 1380 1093 1439 ingerit
1108 1379 1354 1423 testimonia
1373 1394 1395 1421 a
1414 1393 1561 1432 causa,
1576 1375 1710 1437 >quam
1758 1423 1759 1441 ἶ

321 1448 645 1493 defendendam
668 1450 876 1509 suscepit,
900 1451 1071 1508 penitus
1094 1449 1249 1493 aliena.
1275 1468 1295 1491 «
1318 1447 1525 1503 Immola,
1548 1447 1708 1506 inquit,
1758 1468 1760 1475 ι

323 1536 343 1560 »
371 1521 460 1563 Deo
477 1520 734 1564 sacrificium
758 1519 924 1563 laudis²
949 1539 959 1564 ι
982 1541 998 1560 η
1022 1529 1065 1564 et
1084 1520 1207 1563 istam
1227 1535 1378 1564 vocem
1402 1518 1537 1563 divini
1556 1517 1711 1563 Psalmi
1758 1510 1759 1566 i

320 1589 469 1633 volens
491 1591 546 1634 ad
564 1591 684 1650 quod
703 1591 846 1649 agitur
861 1591 1005 1635 nescio
1020 1589 1243 1651 quomodo
1266 1600 1525 1635 connectere
1543 1625 1553 1645 ,
1581 1609 1601 1632 «
1622 1588 1712 1634 Uti-

320 1675 406 1718 que
421 1695 435 1715 ,
455 1661 621 1720 inquit,
647 1677 735 1705 non
753 1662 973 1720 sanguinis
995 1671 1070 1706 aut
1090 1661 1311 1705 ebrietatis
1327 1662 1578 1706 convivium
1596 1696 1606 1714 ‚
1625 1674 1714 1720 quo

320 1745 409 1774 non
438 1729 590 1774 laudes
612 1731 771 1775 debitae
796 1735 885 1776 Deo
902 1767 914 1785 ‚
939 1731 1013 1775 sed
1046 1732 1326 1790 blasphemiae
1349 1730 1523 1775 diabolo
1553 1730 1713 1774 suffra·
1759 1776 1760 1779 ,

321 1810 448 1857 gante
469 1800 735 1858 sylvescunt.
765 1819 784 1842 »
812 1803 852 1845 O
879 1802 1164 1860 improvidam
1185 1801 1591 1861 praesumptionem!
1616 1802 1714 1845 Non
1759 1804 1760 1855 s

321 1885 423 1928 ergo
440 1870 692 1915 immolatur
707 1872 964 1916 sacrificium
983 1872 1123 1916 laudis
1144 1873 1371 1916 Dominico
1388 1873 1458 1916 die
1474 1907 1485 1927 ‚
1507 1871 1714 1931 quianon

315 1940 538 2000 jejunatur
555 1962 566 1998 3
583 1941 656 1985 sed
673 1942 815 2000 agitur
833 1942 1050 1986 ebrietatis
1070 1943 1319 1987 convivium
1339 1977 1349 1997 ‚
1371 1952 1414 1986 et
1436 1942 1715 2000 blasphemiae

321 2011 496 2055 diabolo
519 2012 786 2070 suffragante
812 2013 1076 2070 sylvescunt.
1110 2013 1239 2066 Quod
1263 2014 1297 2056 si
1320 2014 1441 2057 nefas
1464 2021 1526 2058 est
1547 2013 1713 2068 dicere;

258 2132 261 2135 ,
322 2082 534 2141 intelligat
553 2099 638 2127 non
651 2084 866 2143 jejunium
885 2084 1116 2143 significari
1135 2084 1177 2128 in
1198 2100 1249 2128 eo
1267 2083 1385 2144 quod
1405 2085 1615 2142 scriptum
1634 2092 1712 2138 est,

328 2171 348 2194 ι(
376 2152 557 2197 Immola
576 2157 664 2198 Deo
677 2154 931 2198 sacrificium
950 2153 1106 2198 laudis.
1129 2174 1147 2196 »
1170 2156 1393 2215 Jejunium
1410 2154 1574 2214 quippe
1590 2154 1716 2198 certis

325 2221 497 2277 diebus,
513 2232 556 2267 et
571 2225 754 2269 maxime
768 2224 887 2269 festis
900 2241 986 2269 non
1002 2225 1158 2284 agitur.
1179 2226 1445 2270 Sacrificium
1461 2241 1563 2269 vero
1577 2223 1716 2269 laudis
1759 2236 1761 2265 a

327 2294 381 2338 ab
404 2294 593 2338 Ecclesia
620 2304 711 2340 toto
733 2296 839 2340 orbe
863 2295 1021 2341 diffusa
1044 2297 1199 2340 diebus
1222 2296 1423 2341 omnibus
1446 2295 1711 2340 immolatur.

328 2362 535 2423 Alioquin
568 2364 687 2425 quod
720 2366 896 2421 nullus,
932 2382 1019 2411 non
1049 2366 1146 2412 dico
1183 2368 1480 2424 Christianus,
1523 2367 1598 2410 sed
1636 2379 1715 2409 nec

326 2434 504 2479 insanus
523 2435 666 2480 dicere
685 2436 885 2491 auderet,
907 2437 997 2481 dies
1015 2436 1077 2480 illi
1096 2438 1412 2498 quinquaginta
1432 2447 1530 2497 post
1555 2436 1715 2480 Pascha

329 2518 469 2564 usque
502 2505 556 2549 ad
592 2509 876 2552 Pentecosten
903 2508 1063 2567 quibus
1096 2524 1186 2553 non
1215 2509 1467 2568 jejunatur,
1491 2517 1622 2553 erunt
1650 2520 1716 2551 se-

382 2595 390 2611 ¹
410 2589 533 2633 Tobiae,
556 2601 613 2631 ιιι,
635 2591 685 2625 ι8.
700 2607 742 2617 -
759 2599 772 2614 2
792 2592 871 2627 Psal.
890 2604 975 2634 xnux,
999 2593 1048 2635 ¹4·
