1790 3187
336 257 419 296 380
774 269 806 293 s.
843 267 1074 295 Ausus‘rnu
1104 267 1285 296 Emscom

335 349 423 378 non
451 333 667 391 graveris3
706 332 807 391 quia
835 331 998 376 litteras
1038 348 1170 387 meas,
1207 333 1316 376 sicut
1353 334 1480 376 etiam
1513 343 1715 393 expertus
1778 341 1782 368 θ

333 418 445 459 sum,
462 419 550 448 non
572 402 668 447 vult
686 402 877 461 accipere
898 421 906 447 ;
928 402 1047 462 quod
1065 403 1098 447 si
1118 403 1340 458 voluisset,
1357 419 1447 447 non
1470 404 1621 463 utique
1640 419 1716 463 per

335 485 452 520 tuam
477 475 765 518 eximietatem
787 472 832 517 id
851 488 1034 531 agerem.
1067 475 1179 520 Cum
1207 483 1352 519 autem
1390 474 1434 517 id
1467 490 1555 519 non
1592 474 1714 530 vult,
1777 487 1781 499 ⁴

333 547 440 607 quid
463 561 637 606 possum
655 546 800 590 mitius
814 560 954 604 agere,
977 561 1109 606 quam
1127 555 1177 590 ut
1197 561 1273 605 per
1294 555 1337 590 te
1356 545 1485 589 talem
1502 546 1661 601 virum,
1675 555 1718 591 et

333 617 409 677 qui
429 632 528 660 eum
552 615 708 675 diligis,
727 616 1016 674 interrogetur
1037 616 1219 676 aliquid,
1243 615 1361 660 unde
1378 631 1447 661 me
1465 625 1606 660 tacere
1623 631 1718 661 mea

334 689 500 732 sarcina
535 687 777 747 prohibet?
802 688 932 739 Quod
970 696 1113 732 autem
1136 697 1275 731 mater
1303 703 1326 731 a
1360 686 1450 731 filio
1487 702 1611 742 caesa,
1632 696 1719 731 tuae
1774 714 1776 734 ;

332 759 528 817 gravitati
557 758 777 818 displicuit
797 779 808 818 3
839 759 914 803 sed
936 758 1010 803 ille
1026 793 1036 813 ,
1063 758 1229 812 dixisti,
1251 758 1285 802 si
1307 758 1456 813 sciret,
1478 773 1499 802 a
1524 773 1719 802 commu-

332 831 462 874 nione
478 845 554 874 sua
574 839 662 874 tam
681 829 894 874 nefarium
910 831 1114 889 juvenem
1140 827 1440 889 prohibiturus
1473 838 1598 885 esset,
1619 830 1720 874 bre-

333 900 441 945 viter
457 900 698 959 respondeo
717 921 728 958 3
749 900 879 945 modo
901 901 1122 959 cognovit,
1144 899 1276 944 modo
1292 900 1537 959 prohibeat.

391 974 447 1015 ΙΙ.
465 971 592 1015 Addo
607 971 736 1015 etiam
754 970 887 1028 illud,
911 970 1212 1015 Subdiaconus
1234 970 1456 1030 quondam
1476 971 1719 1030 Spaniensis

330 1041 521 1085 ecclesiae
551 1041 765 1086 vocabulo
789 1042 973 1097 Primus,
1000 1056 1100 1086 cum
1124 1041 1179 1086 ab
1209 1056 1379 1085 accessu
1398 1040 1719 1101 indisciplinato

330 1111 708 1155 sanctimonalium
750 1112 1087 1170 prohiberetur,
1129 1122 1260 1171 atque
1305 1112 1504 1156 ordinata
1539 1122 1584 1155 et
1618 1127 1720 1156 sana
1762 1117 1765 1148 i

330 1190 545 1240 praecepta
582 1190 880 1225 contemneret
899 1216 910 1236 ,
937 1197 960 1225 a
991 1180 1198 1225 clericatu
1233 1190 1424 1224 remotus
1456 1190 1540 1235 est,
1567 1190 1610 1224 et
1631 1181 1721 1241 ipse
1768 1186 1770 1192 ’

329 1252 518 1296 irritatus
541 1251 744 1296 adversus
765 1252 1037 1312 disciplinam
1058 1252 1132 1296 Dei
1154 1250 1376 1296 transtulit
1393 1267 1437 1296 se
1460 1251 1515 1296 ad
1540 1251 1653 1307 illos,
1678 1261 1721 1297 et
1760 1242 1770 1318 '¹

328 1323 618 1382 rebaptizatus
651 1332 729 1367 est.
768 1326 881 1367 Duas
919 1323 1035 1366 enim
1075 1322 1422 1367 sanctimoniales
1460 1322 1721 1367 concolonas

327 1408 424 1437 suas
459 1393 513 1438 de
541 1393 680 1438 fundo
713 1393 1029 1438 catholicorum
1071 1395 1443 1449 Christianorum,
1482 1394 1571 1438 sive
1603 1393 1719 1437 idem

328 1464 563 1520 transtulit,
595 1465 683 1509 sive
709 1465 834 1509 illum
859 1474 1018 1509 secutae
1055 1465 1183 1509 etiam
1213 1466 1318 1523 ipsae
1348 1474 1497 1508 tamen
1526 1463 1720 1522 rebapti-

327 1543 433 1577 zatae
455 1546 579 1579 sunt:
611 1545 654 1580 et
681 1551 800 1579 nunc
822 1551 922 1579 cum
951 1536 1153 1594 gregibus
1169 1535 1584 1580 circumcellionum
1609 1534 1721 1578 inter
1764 1523 1776 1576 ’λε

327 1604 610 1662 vagabundos
634 1621 782 1664 greges
804 1605 1117 1659 foeminaerum,
1155 1621 1255 1665 quae
1284 1615 1513 1664 propterea
1545 1605 1720 1649 maritos
1762 1663 1763 1666 Ἴ

327 1674 488 1717 habere
511 1674 764 1729 noluerunt,
785 1691 839 1719 ne
859 1676 1049 1719 habeant
1068 1675 1360 1734 disciplinam,
1386 1677 1432 1718 in
1451 1674 1720 1719 detestabilis

326 1744 575 1789 vinolentiae
626 1745 984 1790 bacchationibus
1033 1747 1243 1806 superbus
1286 1746 1475 1800 exultat,
1528 1745 1719 1803 gaudens
1754 1751 1773 1806 j(

325 1815 573 1860 latissimam
590 1816 670 1860 sibi
684 1826 877 1875 apertam
891 1817 1205 1861 esselicentiam
1220 1817 1346 1861 malae
1361 1816 1714 1870 conversationis,
1759 1819 1768 1859 i‘

326 1885 445 1929 unde
464 1888 510 1930 in
532 1886 756 1931 Catholica
779 1888 1110 1945 prohibebatur.
1150 1890 1205 1931 Et
1229 1888 1312 1932 hoc
1349 1886 1528 1931 fortasse
1552 1890 1718 1930 Procu—
1752 1875 1773 1904 ⁵³

325 1955 489 2000 leianus
507 1958 689 2014 ignorat.
724 1960 838 2015 Ergo
860 1973 936 2017 per
960 1968 1078 2002 tuam
1103 1959 1357 2016 gravitatem
1385 1967 1516 2016 atque
1545 1957 1718 2000 modes·
1757 1979 1761 1991 ·
1788 2010 1790 2017 4

329 2026 429 2068 tiam
450 2027 588 2070 eidem
611 2029 657 2070 in
678 2029 875 2071 notitiam
902 2028 1174 2086 perferatur,
1202 2029 1355 2087 jubeat
1387 2043 1504 2081 eum,
1531 2027 1607 2086 qui
1630 2041 1718 2071 non
1767 2039 1769 2043 ’

325 2096 382 2139 ob
399 2095 517 2139 aliud
539 2096 655 2140 illam
675 2099 1029 2142 communionem
1051 2098 1228 2155 delegit,
1250 2099 1328 2140 nisi
1352 2099 1455 2157 quia
1482 2098 1527 2140 in
1550 2098 1716 2141 Catho-
1756 2125 1758 2128 ·

1786 2151 1790 2169 ῐ

1748 2179 1751 2223 ι
1786 2172 1790 2179 .

1748 2225 1750 2232 '
1785 2223 1790 2249 l

324 2164 404 2208 lica
417 2164 669 2210 clericatum
687 2167 901 2222 amiserat,
918 2177 1095 2226 propter
1107 2168 1452 2211 inobedientiam
1470 2177 1512 2212 et
1524 2167 1716 2227 perditos

322 2250 480 2291 mores,
506 2252 529 2280 a
552 2251 627 2280 sua
651 2239 959 2281 communione
978 2237 1203 2282 removeri.

384 2309 462 2350 ΙΙΙ.
485 2308 657 2351 Etenim
676 2324 773 2366 ego,
793 2309 826 2352 si
842 2309 1027 2352 Domino
1041 2309 1199 2367 placet,
1221 2309 1352 2352 istum
1366 2308 1548 2353 modum
1571 2323 1710 2363 servo,
1746 2311 1789 2353 ἱ]Α

324 2384 373 2418 ut
395 2377 589 2435 quisquis
623 2379 740 2436 apud
767 2394 837 2422 eos
865 2388 1040 2437 propter
1068 2378 1337 2437 disciplinam
1371 2378 1630 2436 degradatus
1658 2377 1713 2421 ad

323 2444 594 2489 Catholicam
614 2448 794 2491 transire
814 2447 1021 2503 voluerit,
1047 2448 1092 2491 in
1111 2448 1414 2491 humiliatione
1440 2447 1712 2506 poenitentiae
1744 2491 1745 2507 χ

326 2514 577 2572 recipiatur,
601 2532 689 2575 quo
711 2527 754 2560 et
776 2518 855 2575 ipsi
883 2532 981 2561 eum
1005 2517 1186 2561 forsitan
1211 2526 1431 2575 cogerent,
1455 2517 1486 2559 si
1506 2517 1622 2576 apud
1641 2532 1711 2561 eos

327 2598 498 2628 manere
527 2585 745 2630 voluisset.
779 2589 840 2631 Ab
864 2588 922 2631 eis
944 2604 1046 2633 vero
1069 2590 1307 2641 considera,
1330 2603 1476 2648 quaeso
1501 2597 1558 2643 te,
1580 2602 1706 2647 quam

1767 2257 1773 2285 ³
1786 2278 1790 2306 ι

1766 2348 1790 2425 d

1772 2447 1773 2450 ¹
1786 2441 1790 2461 l

1763 2462 1773 2488 ’.ἕ

1762 2534 1788 2566 1.

1761 2595 1788 2631 t‘
