1790 3187
561 221 753 248 zmsrom
785 222 922 247 aava.
1351 207 1426 246 461

70 291 197 328 ceret.
231 285 286 327 Et
306 283 350 326 in
369 285 469 327 Jesu
492 286 606 328 Nave
633 284 687 329 de
709 285 897 339 Jericho,
924 294 970 329 ut
999 299 1127 329 omne
1148 287 1344 338 aurum¹,
1363 300 1433 329 ar-

66 363 259 413 gentum,
281 363 320 397 et
340 364 620 398 aeramentum
639 354 868 399 inferretur
885 356 928 399 in
950 353 1155 399 thesauris
1179 354 1363 409 Domini,
1389 363 1432 398 et

66 433 260 468 sanctum
285 434 486 468 vocatum
515 434 578 469 est
604 426 659 469 de
679 425 865 480 civitate,
890 442 988 486 quae
1011 426 1234 469 anathema
1265 434 1342 468 est.
1377 427 1433 468 Et

64 495 170 555 quid
185 504 248 539 est
271 495 381 539 illud
409 496 526 555 quod
549 497 591 540 in
624 499 956 541 Deuteronomio
976 498 1162 557 positum
1184 505 1266 541 est:
1293 514 1313 536 ι(
1338 497 1434 539 Non

67 584 86 606 »
111 565 267 610 inferes
289 568 653 612 abominationem
677 568 721 612 in
755 568 933 613 domurn
956 577 1097 622 tuam,
1135 576 1177 611 et
1207 566 1433 611 anathema

65 655 86 678 »
111 638 191 682 eris
211 639 320 682 sicut
342 639 423 682 hoc
446 639 585 698 ipsum
603 647 666 682 est
684 642 701 665 ²
725 641 741 680 ἱ)
760 657 779 680 »
808 639 1014 684 Dominus
1036 649 1078 683 te
1099 646 1238 683 servet
1261 656 1270 682 :
1295 635 1435 681 saluto

62 716 104 752 te
123 728 131 753 z
153 724 225 753 ora
242 725 320 769 pro
343 725 425 753 me.
450 727 469 749 »

61 866 894 885 twnmvmmmmmmmmmmumnmmmmwt
900 869 965 884 mu
972 864 1425 884 ιιιὶΜΜΜΜἋΜἋΜΜΜΜ

447 992 763 1039 Epis-TOLA
798 993 919 1039 lev
942 990 1027 1037 w.

0 1164 2 1171 .
59 1139 243 1172 Honorabili
263 1144 296 1172 et
313 1139 518 1173 dilectissimo
545 1140 607 1172 lilio
638 1138 906 1172 PUBLICOLAE
935 1138 1222 1171 AUGUSTINUS
1247 1139 1276 1169 in
1308 1136 1441 1176 Domino

675 1196 823 1228 salutem.

59 1326 357 1389 Augustinus
379 1326 645 1373 Publicolae
668 1326 877 1373 dissolvit
902 1326 1085 1386 aliquot
1108 1344 1170 1372 ex
1183 1326 1439 1388 propositis·

574 1398 925 1459 quaestionibus.

120 1550 152 1591 l.
179 1549 314 1592 EsTus
334 1547 464 1592 animi
488 1549 550 1592 tui
569 1557 849 1608 posteaquam
871 1547 1004 1592 didici
1020 1547 1172 1591 litteris
1186 1546 1294 1602 tuis;
1311 1548 1440 1589 etiam

3 1653 9 1660 .
58 1618 140 1661 mei
158 1619 365 1662 continuo
381 1618 484 1663 sacti
505 1629 628 1673 sunt,
652 1634 739 1663 non
762 1634 850 1679 quo
874 1633 941 1661 me
963 1620 1106 1662 omnia
1140 1616 1238 1660 talia
1268 1631 1442 1675 permo-

57 1698 205 1732 verent
219 1724 228 1742 ,
251 1688 450 1749 qualibus
463 1689 660 1734 indicasti
674 1699 715 1733 te
731 1705 819 1733 esse
835 1697 1080 1748 permotum
1102 1685 1202 1731 :sed
1219 1684 1441 1745 quomodo

0 1780 11 1814 '.
57 1759 135 1802 tibi
161 1759 435 1804 auferrentur
457 1760 501 1803 hi
530 1770 682 1813 aestus,
715 1759 869 1814 fateor,
896 1758 1097 1815 aestuavi3
1132 1758 1315 1800 maxime
1340 1755 1443 1816 quia

6 1867 12 1876 .
58 1832 165 1892 petis
182 1841 230 1875 ut
246 1831 468 1876 definitive
491 1832 568 1876 tibi
593 1833 868 1876 rescriberem
888 1867 898 1885 ‚
924 1846 978 1874 ne
995 1831 1040 1873 in
1061 1830 1244 1889 majores
1266 1828 1444 1872 dubita-

58 1903 196 1947 tiones
218 1903 450 1959 incideres,
475 1919 604 1964 quam
621 1913 852 1962 antequam
872 1903 1192 1960 interrogasses.
1218 1903 1311 1944 Hoc
1327 1900 1443 1943 enim

0 2011 12 2038 ᾗ
59 1974 186 2019 video
217 1991 304 2019 non
344 1991 432 2019 esse
462 1976 506 2018 in
539 1991 635 2020 mea
667 1984 894 2034 potestate.
933 1975 1041 2018 Nam
1082 1971 1307 2032 quomodo
1336 1971 1446 2015 libet

10 2102 14 2114 ,
60 2046 266 2104 scripsero
277 2062 376 2106 quae
392 2046 497 2090 mihi
511 2045 712 2089 videntur
723 2060 810 2089 esse
829 2043 1061 2088 certissima
1075 2078 1085 2097 ‚
1107 2044 1139 2087 si
1150 2042 1230 2086 tibi
1243 2057 1331 2086 non
1346 2057 1444 2101 per·

60 2133 246 2172 suasero,
270 2117 422 2176 procul
438 2117 657 2161 dubioeris
671 2117 716 2160 in
731 2116 901 2161 certior.
922 2118 1018 2160 Non
1037 2124 1183 2158 autem
1202 2114 1314 2157 sicut
1337 2112 1444 2156 mihi

61 2187 433 2248 adjacetsuadere‚
450 2203 500 2231 eo
510 2187 640 2232 modo
655 2187 820 2248 adjacet
831 2186 959 2230 etiam
973 2185 1235 2245 persuadere
1246 2181 1441 2227 cuilibet.

63 2260 372 2303 Verumtamen
389 2273 443 2301 ne
461 2266 548 2302 tuae
562 2256 782 2302 dilectioni
808 2271 1008 2314 negarem
1027 2253 1252 2314 operulam
1272 2268 1410 2297 meam
1428 2288 1440 2309 ‚

61 2339 157 2388 post
177 2328 440 2389 aliquantam
465 2327 821 2373 deliberationem
845 2326 1171 2371 rescribendum
1195 2324 1360 2384 putavi.

122 2405 178 2446 11.
205 2404 352 2445 Movet
373 2410 415 2444 te
437 2410 551 2444 certe
574 2408 721 2443 utrum
743 2400 833 2459 ejus
857 2399 941 2442 fide
966 2397 1178 2442 utendum
1203 2396 1256 2440 sit
1291 2395 1367 2456 qui
1395 2403 1446 2438 ut

111 2512 119 2527 ¹
139 2505 246 2543 Josue,
269 2515 310 2545 vi,
333 2515 382 2544 ¹9·
402 2522 439 2526 -
456 2512 467 2525 ²
494 2507 586 2536 Deut.
607 2514 662 2539 vu.
683 2503 734 2535 26.
755 2521 791 2525 -—
810 2502 821 2524 3
840 2502 922 2535 Alias
936 2514 1018 2534 cmv.
1046 2513 1115 2546 quae
1133 2505 1239 2533 autem
1255 2511 1343 2532 xrvn
1358 2502 1440 2539 erat,

0 2594 12 2607 ,v
65 2572 146 2592 nune
163 2573 237 2592 ccxv
264 2560 438 2602 —Scripta
453 2561 538 2592 circa
555 2560 636 2592 idem
654 2565 789 2602 tempus.
