1790 3187
327 242 377 278 10
758 247 788 274 s.
827 248 1053 275 Arcus'rrm
1088 248 1265 275 episcopt

380 319 577 370 QUAEs-no
609 316 775 360 XXIII.
800 340 857 347 —
871 315 1011 359 Omne
1031 323 1195 359 castum
1208 314 1402 360 castitate
1414 323 1578 360 castum
1595 325 1684 372 est,

323 398 367 434 et
393 402 523 433 omne
544 395 752 431 aeternum
773 385 1011 430 aeternitate
1034 394 1243 430 aeternum
1268 396 1353 443 est,
1375 396 1419 432 et
1440 402 1567 431 omne
1587 386 1689 448 pul·
1745 388 1748 392 ’
1771 409 1774 446 5

326 460 479 504 chrum
508 456 857 518 pulchritudine,
884 465 927 500 et
943 472 1070 501 omne
1096 456 1260 501 bonum
1283 457 1491 502 bonitate.
1514 461 1627 517 Ergo
1648 468 1691 502 et
1771 449 1773 465 l

323 545 451 575 omne
473 529 639 588 sapiens
668 526 898 587 sapientia,
923 536 966 571 et
987 542 1115 572 omne
1135 527 1270 572 simile
1293 528 1586 573 similitudine.
1609 528 1692 574 Sed

327 600 498 645 duobus
534 598 674 643 modis
705 607 869 642 castum
897 598 1089 642 castitate
1123 597 1280 642 dicitur
1302 633 1314 654 ,
1348 599 1417 644 vel
1448 598 1567 659 quod
1599 613 1693 643 eam

327 672 491 731 gignat,
511 679 560 714 ut
581 686 630 715 ea
647 670 700 714 sit
718 678 884 714 castum
902 669 1094 714 castitate
1108 670 1258 729 gignit,
1281 679 1324 714 et
1344 671 1413 714 cui
1434 670 1693 730 principium

325 751 456 802 atque
476 757 602 786 causa
637 749 701 785 est
728 749 778 784 ut
810 740 894 797 sit3
919 739 1041 785 aliter
1065 749 1208 784 autem
1238 756 1338 784 cum
1370 741 1695 801 participatione
1767 771 1771 805 3

324 813 526 859 castitatis
555 811 770 872 quidquid
804 820 970 856 castum
999 820 1063 856 est
1084 846 1096 866 ‚
1131 810 1253 870 quod
1285 821 1425 871 potest
1464 811 1696 873 aliquando
1768 807 1771 824 ³

327 900 415 930 esse
437 900 526 929 non
547 893 713 929 castum
739 902 748 928 z
772 892 902 944 atque
928 883 987 928 ita
1009 882 1063 927 de
1079 884 1242 928 caeteris
1264 882 1595 943 intelligendum
1616 890 1693 928 est.

327 959 436 1002 Nam
464 965 508 1001 et
534 956 676 1000 anima
708 955 990 999 aeternitatem
1020 953 1089 998 vel
1125 954 1381 1013 intelligitur
1408 954 1478 999 vel
1510 954 1700 999 creditur
1768 966 1769 979 ³

327 1029 562 1088 consequi,
592 1027 668 1073 sed
700 1035 860 1072 aeterna
884 1026 1133 1070 aeternitatis
1163 1026 1488 1086 participatione
1508 1026 1572 1070 fit.
1604 1028 1700 1071 Non

327 1110 471 1145 autem
496 1101 554 1144 ita
584 1109 770 1144 aeternus
800 1102 913 1143 Deus
933 1133 944 1153 ,
971 1097 1045 1142 sed
1076 1098 1194 1157 quod
1214 1098 1346 1158 ipsius
1367 1098 1616 1142 aeternitatis
1638 1107 1701 1143 est
1766 1107 1767 1162 ἐ

327 1180 494 1216 auctor.
512 1174 605 1216 Hoc
627 1179 671 1214 et
692 1169 746 1214 de
764 1168 1090 1230 pulchritudine
1107 1178 1150 1212 et
1171 1169 1225 1214 de
1245 1170 1437 1214 bonitate
1460 1169 1560 1214 licet
1580 1169 1702 1213 intel·

326 1242 417 1301 ligi.
437 1241 732 1295 Quamobrem
749 1256 849 1284 cum
871 1240 1037 1298 sapiens
1051 1243 1163 1284 Deus
1179 1239 1351 1296 dicitur,
1367 1249 1409 1284 et
1431 1256 1478 1285 ea
1496 1240 1702 1299 sapientia
1766 1240 1767 1243 ’

327 1314 493 1372 sapiens
507 1313 681 1368 dicitur,
707 1312 797 1356 sine
810 1326 897 1372 qua
914 1326 1013 1354 eum
1028 1310 1097 1355 vel
1119 1310 1248 1355 fuisse
1261 1311 1511 1371 aliquando,
1532 1310 1602 1355 vel
1615 1325 1702 1355 esse

326 1398 450 1444 posse
475 1383 596 1428 nefas
623 1392 686 1427 est
708 1381 881 1427 credere
899 1416 911 1436 ,
941 1395 1030 1425 non
1052 1382 1377 1440 participatione
1397 1382 1615 1442 sapientiae
1634 1396 1702 1426 sa-

328 1455 451 1514 piens
470 1454 645 1509 dicitur,
665 1453 792 1498 sicuti
810 1454 1075 1514 anima,quae
1091 1462 1133 1497 et
1147 1468 1236 1497 esse
1253 1462 1296 1497 et
1317 1468 1405 1497 non
1427 1468 1515 1497 esse
1536 1453 1702 1512 sapiens
1762 1470 1765 1505 i

327 1534 470 1586 potest
488 1544 497 1570 t
523 1525 598 1568 sed
619 1524 738 1585 quod
760 1525 850 1584 ipse
872 1540 964 1569 eam
984 1525 1200 1584 genuerit,
1226 1540 1313 1584 qua
1334 1525 1500 1584 sapiens
1520 1523 1700 1578 dicitur,
1762 1523 1764 1572 ζ

327 1598 595 1657 sapientiam.
620 1599 731 1641 Item
759 1595 831 1640 illa
862 1613 960 1656 quae
992 1597 1318 1656 participatione
1339 1605 1440 1640 sunt
1460 1595 1530 1640 vel
1559 1605 1700 1651 casta,

328 1668 397 1714 vel
431 1677 607 1726 aeterna,
644 1665 713 1711 vel
731 1668 913 1727 pulchra
942 1670 973 1723 1,
1000 1668 1068 1711 vel
1089 1667 1219 1722 bona,
1252 1666 1320 1711 vel
1341 1666 1563 1726 sapientia,
1594 1668 1703 1710 reci·
1760 1674 1763 1713 i

328 1739 469 1799 piunt,
487 1748 536 1783 ut
547 1740 713 1783 dictum
732 1747 811 1794 est,
828 1748 877 1782 ut
890 1739 1054 1798 possint
1070 1754 1149 1783 nec
1173 1747 1286 1782 casta
1303 1753 1407 1794 esse,
1425 1753 1505 1782 nec
1523 1747 1700 1793 aeterna,
1760 1727 1762 1732 ’

329 1825 409 1854 nec
438 1809 641 1869 pulchra,
664 1825 744 1854 nec
765 1810 881 1854 bona
902 1845 912 1865 ,
938 1825 1018 1854 nec
1038 1810 1244 1866 sapientia
1279 1829 1288 1854 ε
1319 1819 1363 1854 at
1383 1811 1474 1869 ipsa
1503 1809 1672 1854 castitas
1688 1843 1699 1862 ,
1758 1864 1760 1867 ι

330 1881 546 1925 aeternitas
568 1916 579 1936 ,
605 1881 888 1940 pulchritudo
907 1915 919 1936 ,
944 1881 1115 1925 bonitas
1134 1916 1145 1936 ,
1171 1881 1378 1940 sapientia
1394 1916 1405 1936 ,
1434 1879 1557 1925 nullo
1573 1879 1703 1924 modo
1758 1869 1761 1919 ἶ

329 1952 545 2011 recipiunt
563 1960 638 1995 aut
663 1951 984 2011 corruptionem
1004 1986 1014 2005 ,
1039 1960 1134 2006 aut,
1159 1960 1209 1994 ut
1230 1952 1288 1995 ita
1310 1950 1468 2007 dicam,
1488 1961 1704 2010 tempora·

328 2023 512 2078 litatem,
538 2031 613 2066 aut
629 2022 969 2082 turpitudinem,
995 2031 1069 2066 aut
1097 2021 1319 2066 malitiam.
1346 2025 1461 2081 Ergo
1487 2023 1615 2067 etiam
1632 2021 1704 2065 illa
1756 2015 1759 2039 ³

328 2110 427 2154 quae
457 2094 784 2153 participatione
819 2092 972 2137 similia
993 2102 1124 2148 sunt,
1152 2095 1366 2153 recipiunt
1393 2094 1704 2139 dissimilitudi-
1756 2088 1759 2133 ἔ

330 2180 430 2209 nem
452 2183 461 2209 :
478 2174 520 2208 at
536 2166 623 2224 ipsa
643 2164 879 2210 similitudo
897 2165 1020 2209 nullo
1041 2163 1172 2209 modo
1190 2180 1240 2209 ex
1259 2165 1401 2225 aliqua
1418 2175 1539 2225 parte
1563 2175 1704 2226 potest
1756 2170 1761 2214 ‚⁴

331 2252 419 2280 esse
447 2235 675 2280 dissimilis.
700 2235 824 2279 Unde
856 2236 906 2279 fit
921 2271 932 2290 ,
957 2245 1007 2279 ut
1028 2250 1128 2279 cum
1150 2234 1384 2280 similitudo
1407 2237 1541 2281 Patris
1569 2237 1704 2281 Filius
1759 2255 1761 2259 ·

331 2307 504 2363 dicitur,
520 2307 621 2366 quia
638 2308 730 2366 ejus
753 2306 1077 2366 participatione
1097 2305 1250 2352 similia
1273 2316 1388 2363 sunt,
1414 2323 1703 2368 quaecumque

330 2389 432 2423 sunt
463 2378 532 2423 vel
553 2379 665 2422 inter
691 2393 735 2422 se
764 2378 833 2422 vel
864 2380 954 2422 Deo
976 2378 1143 2433 similia,
1167 2382 1180 2434 (
1203 2378 1292 2437 ipsa
1317 2387 1379 2423 est
1407 2380 1519 2423 enim
1542 2380 1702 2439 species

330 2451 466 2509 prima
486 2485 497 2505 ,
532 2465 618 2510 qua
649 2459 777 2504 sunt,
802 2458 852 2493 ut
880 2451 938 2493 ita
960 2448 1099 2493 dicam
1118 2484 1129 2505 ,
1154 2449 1340 2508 speciata
1359 2484 1370 2505 ,
1391 2459 1434 2494 et
1455 2449 1594 2495 forma
1615 2467 1700 2511 qua

332 2520 513 2565 formata
534 2528 634 2563 sunt
667 2521 809 2564 omnia
839 2522 890 2578 3)
914 2535 964 2564 ex
991 2519 1110 2564 nulla
1141 2529 1262 2579 parte
1298 2520 1413 2565 Patri
1446 2530 1585 2580 potest
1614 2536 1702 2565 esse

383 2614 387 2626 ¹
415 2604 489 2636 Vide
506 2604 562 2637 lib.
590 2617 596 2635 1
618 2607 757 2636 Rctract.
779 2615 851 2647 cap.
870 2605 925 2646 26,
951 2609 985 2636 ct
1001 2604 1055 2636 lib.
1076 2605 1115 2636 (le
1133 2603 1244 2636 Trinit.
1268 2615 1339 2646 cap.
1359 2613 1391 2637 2.
