1790 3187
319 182 404 223 366
761 192 792 218 s.
830 191 1061 219 Ancusnm
1095 191 1275 218 umscom

317 260 433 304 enim
456 255 652 318 pontifex
683 266 727 300 et
760 270 859 300 vere
892 254 1044 300 consul
1078 255 1245 299 Licenti
1270 254 1373 309 eris,
1411 254 1446 298 si
1469 254 1733 312 Augustini
1731 250 1790 290 sfflffl

316 331 504 390 vestigiis
535 327 796 388 propheticis
826 337 868 371 et
897 327 1141 386 apostolicis
1173 325 1431 385 disciplinis,
1464 335 1514 370 ut
1538 334 1704 370 sacrato
1732 326 1790 361 ³⁶¹⁶(

317 402 469 446 beatus
502 401 709 445 Helisaeus
736 397 898 453 Heliae,
930 408 980 442 ut
1013 398 1170 442 illustri
1202 396 1411 456 Apostolo
1451 398 1704 441 Timotheus
1731 409 1736 431 ³

316 472 584 524 adolescens,
610 470 852 524 adhaereas,
877 468 1095 514 indivulso
1117 483 1193 527 per
1213 469 1370 512 itinera
1391 467 1538 513 divina
1563 466 1702 511 comi-
1733 466 1737 519 ἦ

316 552 411 586 tatu
430 578 440 597 ‚
463 553 511 586 ut
534 550 576 585 et
597 540 886 584 sacerdotium
916 539 1047 584 corde
1068 539 1262 598 perfecto
1291 538 1428 584 discas
1451 538 1630 592 mereri,
1661 545 1705 582 et

316 613 488 672 populis
508 612 563 655 ad
583 611 767 655 salutem
792 611 997 668 magistro
1019 625 1093 654 ore
1110 610 1351 654 consulere.
1376 627 1397 651 »

374 685 428 726 V.
464 701 483 723 «
512 685 584 726 Sat
614 682 697 725 hoc
725 681 897 724 monitis
925 690 968 724 et
998 680 1188 724 hortatui
1215 699 1224 725 :
1259 681 1434 724 modico
1465 679 1580 722 enim
1613 692 1704 722 ser·
1731 701 1739 714 x

316 769 445 797 mone
461 762 504 797 at
519 752 669 797 labore
686 761 729 796 te
747 751 931 796 arbitror
947 786 958 807 ,
979 752 1038 795 mi
1056 752 1222 796 Licenti
1237 786 1248 805 ‚
1271 752 1325 794 ad
1343 751 1562 795 Christum
1582 763 1705 808 posse

316 824 506 878 incitari,
537 824 627 883 jam
661 838 682 867 a
718 823 862 881 pueris
889 821 945 865 ad
981 821 1123 866 studia
1162 822 1353 867 veritatis
1381 831 1425 865 et
1457 819 1702 879 sapientiae,

316 895 437 955 quod
466 903 705 954 utrumque
733 909 834 938 vere
861 902 925 937 est
959 893 1156 938 Christus
1173 928 1184 948 ‚
1217 904 1260 937 et
1288 892 1427 937 omnis
1455 891 1559 935 boni
1582 905 1705 935 sum·-

315 981 436 1009 mum
464 966 625 1009 honum
643 963 900 1009 venerabilis
922 964 1153 1021 Augustini
1176 964 1328 1023 spiritu
1351 972 1393 1007 et
1413 977 1487 1006 ore
1508 963 1706 1006 flamma-

315 1044 425 1079 tum.
452 1036 537 1088 Qui
564 1036 596 1078 si
618 1050 773 1094 parum
796 1035 911 1093 apud
936 1042 976 1077 te
997 1049 1076 1092 pro
1098 1043 1140 1077 te
1161 1033 1322 1087 valuit,
1347 1033 1457 1093 quid
1479 1047 1560 1091 ego
1581 1040 1705 1075 tanto

315 1104 543 1149 intervallo
560 1106 793 1164 posterior,
818 1113 860 1148 et
877 1105 1073 1147 omnium
1092 1104 1207 1148 illius
1230 1119 1365 1162 opum
1383 1118 1548 1162 pauper
1565 1137 1576 1155 ‚
1604 1102 1705 1145 essi-

317 1176 453 1220 ciam?
476 1176 559 1219 Sed
582 1175 684 1234 quia
706 1183 748 1218 et
771 1173 886 1217 illius
907 1174 1125 1217 facultatis
1147 1174 1341 1233 potentia
1359 1208 1370 1227 ‚
1395 1183 1438 1217 et
1456 1173 1519 1217 tui
1543 1172 1706 1230 ingenii
1750 1175 1751 1223 ἶ

316 1247 586 1290 humanitate
617 1247 830 1299 confisus,
862 1244 1057 1303 pleniora
1087 1254 1218 1304 atque
1252 1246 1411 1305 majora
1439 1244 1484 1287 in
1515 1253 1558 1287 te
1580 1257 1705 1302 spero
1750 1233 1752 1297 ᾗ

315 1317 537 1362 elaborata
570 1333 700 1377 quam
732 1316 1017 1371 elaboranda,
1057 1332 1184 1360 ausus
1212 1332 1308 1361 sum
1339 1316 1503 1361 discere
1539 1314 1704 1372 duplici
1750 1304 1752 1349 ‡
1788 1309 1790 1348 Ϊ

317 1389 453 1446 gratia
468 1423 479 1441 ‚
505 1397 554 1432 ut
574 1398 617 1432 et
638 1388 701 1431 illi
722 1389 816 1433 viro
837 1387 985 1431 debita
1006 1387 1215 1431 charitate
1236 1401 1462 1445 comparer
1486 1386 1527 1428 in
1547 1384 1705 1429 sollici·
1751 1389 1753 1404 ¹

316 1459 469 1502 tudine
492 1459 582 1512 tui,
618 1468 661 1502 et
683 1459 796 1502 inter
819 1474 889 1502 eos
923 1458 998 1517 qui
1029 1458 1210 1502 salutem
1239 1468 1359 1502 tuam
1385 1457 1600 1515 diligunt,
1634 1454 1705 1499 vel

316 1538 557 1573 contestato
575 1544 827 1572 numerarer
849 1528 1024 1572 affectu.
1052 1531 1161 1573 Nam
1181 1529 1363 1572 effectus
1380 1528 1424 1571 in
1447 1527 1512 1571 tui
1535 1525 1705 1584 perfec-
1752 1519 1755 1567 ᾗ

317 1600 434 1644 tione
451 1599 639 1658 palmam
658 1599 902 1657 Augustino
919 1599 1190 1656 potissimum
1210 1599 1467 1642 destinatam
1490 1597 1591 1641 scio.
1619 1599 1705 1639 Ve-
1752 1614 1756 1653 ξ
1789 1620 1790 1629 1

315 1685 439 1723 reor⁷
479 1670 543 1713 fili
564 1705 575 1724 ,
617 1685 671 1712 ne
706 1685 830 1713 aures
863 1678 957 1713 tuas
989 1669 1217 1727 asperitate
1252 1668 1466 1712 temerarii
1496 1666 1704 1711 sermonis
1753 1665 1756 1719 3

314 1741 573 1784 offenderim
590 1775 601 1793 ‚
627 1749 669 1783 et
691 1755 768 1799 per
790 1754 913 1783 aures
935 1739 1081 1783 animo
1103 1740 1232 1783 etiam
1257 1748 1333 1782 tuo
1358 1738 1472 1781 taedii
1497 1737 1580 1780 mei
1603 1736 1702 1781 vul-

315 1826 396 1854 nus
418 1810 656 1854 intulerim.
683 1810 766 1854 Sed
788 1811 832 1852 in
856 1818 1045 1853 mentem
1067 1811 1209 1853 venit1
1235 1809 1415 1866 epistola
1436 1818 1531 1862 tua,
1556 1823 1643 1866 qua
1659 1816 1704 1850 te
1754 1802 1760 1833 '¹

316 1882 487 1924 musicis
504 1880 759 1924 familiarem
787 1880 926 1923 modis
948 1878 1141 1923 intellexi
1160 1897 1169 1923 ε
1197 1895 1219 1923 a
1242 1894 1331 1938 quo
1354 1878 1499 1922 studio
1521 1891 1602 1936 ego
1623 1876 1704 1921 aevi

314 1952 537 2010 quondam
560 1952 623 1994 tui
657 1966 744 1994 non
776 1950 998 1994 abhorrui.
1033 1953 1186 2009 Itaque
1219 1950 1324 1993 mihi
1349 1949 1401 1993 ad
1426 1959 1544 1992 tuam
1577 1962 1702 1990 men·
1759 1955 1763 1969 ⁴

313 2031 400 2065 tem
419 2057 430 2075 ‚
454 2022 488 2064 si
509 2022 554 2064 in
578 2021 724 2080 aliquo
747 2020 1080 2075 exulcerassem,
1105 2019 1401 2063 deliniendam
1429 2018 1668 2062 remedium
1687 2051 1698 2073 ‚

312 2091 474 2135 litteras
497 2100 591 2134 ‘tuas
614 2091 863 2134 recordatus
886 2091 1052 2149 reperi,
1079 2099 1128 2133 ut
1146 2099 1187 2134 te
1206 2089 1259 2133 ad
1281 2090 1511 2134 Dominum
1535 2091 1701 2132 harmo-

313 2162 398 2205 niae
421 2161 690 2206 omniformis
719 2162 952 2214 artificem,
983 2160 1279 2204 modulamine
1309 2161 1511 2205 carminis
1545 2174 1713 2204 evoca-¹

316 2247 421 2276 rem.
449 2236 606 2286 Quaeso
630 2242 671 2275 te
691 2242 739 2277 ut
762 2246 865 2275 aure
887 2231 1058 2285 audias,
1084 2247 1226 2291 neque
1245 2246 1415 2275 causam
1443 2231 1591 2274 salutis
1615 2239 1702 2274 tuae
1762 2259 1769 2275 .-

315 2304 359 2346 in
373 2304 517 2347 verbis
535 2305 642 2347 meis
664 2318 863 2361 spernas3
888 2302 962 2346 sed
979 2304 1091 2360 piam
1115 2317 1263 2346 curam
1279 2312 1322 2346 et
1345 2311 1533 2346 mentem
1554 2310 1701 2360 pater·
1762 2311 1771 2324 ¹

315 2388 415 2417 narn
438 2375 566 2417 etiam
589 2374 631 2416 in
665 2372 953 2432 despiciendis
974 2373 1245 2416 sermonibus
1276 2372 1464 2416 libenter
1489 2372 1670 2431 accipias
1687 2405 1698 2425 ‚
1760 2378 1764 2428 ξ

313 2443 473 2502 quibus
494 2444 672 2488 insitum
695 2443 855 2488 Christi
883 2457 1043 2486 nomen
1059 2476 1070 2497 ‚
1096 2443 1216 2502 quod
1235 2452 1299 2487 est
1315 2457 1444 2502 supra
1466 2457 1596 2487 omne
1618 2457 1701 2487 no·
1762 2429 1764 2435 λ

365 2535 372 2551 ¹
394 2531 528 2561 Carmen
544 2528 679 2560 Licentii
696 2531 899 2568 contentum,
915 2526 1013 2570 Epist.
1035 2537 1123 2559 xxvt.
