1790 3187
301 221 384 260 390
731 233 763 258 s.
802 229 1031 258 Aucus'ruvr
1063 230 1245 257 EPISCOPI

304 315 324 339 «
349 305 399 340 ut
419 310 492 339 sex
513 295 684 340 dierum
716 294 786 339 vel
814 293 920 338 levis
949 309 1067 338 error
1090 292 1243 354 jejunii
1273 308 1450 354 quoque
1484 292 1681 341 fontibus

299 366 505 411 abluatur
525 385 534 411 :
563 384 583 408 »
610 365 717 424 quid
737 363 945 409 faciemus
966 364 1022 409 de
1038 363 1113 409 illo
1130 378 1295 418 errore,
1320 364 1398 424 qui
1418 365 1684 424 subrepserit

298 437 527 483 Dominico
551 436 643 492 die,
669 436 716 479 in
738 451 827 496 quo
848 435 1101 481 scandalum
1123 444 1187 480 est
1203 436 1430 495 jejunare?
1451 438 1541 481 Aut
1557 436 1590 480 si
1611 435 1683 482 die

299 507 393 568 ipso
413 505 562 552 nullus
578 506 832 552 Christianis
852 521 971 551 error
984 506 1172 566 obrepit,
1187 505 1332 553 videat
1344 506 1478 552 homo
1491 506 1569 551 iste
1580 541 1591 562 ,
1605 506 1682 566 qui

297 577 556 622 ventricolas
574 586 785 638 tanquam
806 592 990 637 magnus
1010 578 1230 638 jejunator
1247 586 1441 633 accusat,
1466 585 1682 637 quantum

297 648 475 694 honoris
494 657 538 693 et
551 647 749 693 utilitatis
764 648 988 694 ventribus
1009 648 1197 704 tribuat,
1217 648 1252 693 si
1266 657 1373 694 tunc
1389 663 1479 694 non
1495 656 1680 703 erratur,

296 720 475 780 quando
495 719 751 779 prandetur.
772 721 842 765 An
855 719 970 765 forte
985 720 1030 765 in
1041 718 1210 780 jejunio
1225 719 1393 766 sabbati
1413 728 1587 764 tantum
1604 718 1686 764 bo-

295 806 405 837 num
435 792 687 848 constituit,
719 800 770 837 ut
800 791 985 837 aliorum
1008 806 1081 837 sex
1102 791 1295 848 dierum,
1325 791 1410 836 hoc
1444 798 1527 846 est,
1552 790 1686 848 ipsius

296 862 427 907 etiam
454 862 670 907 Dominici
699 861 768 907 vel
796 861 964 918 levem,
996 862 1108 906 sicut
1136 861 1267 918 dicit,
1300 875 1512 917 errorem,
1543 859 1686 905 solum

293 934 509 995 jejunium
531 933 702 978 sabbati
719 934 852 993 possit
873 933 1070 990 abolere,
1091 943 1136 978 et
1155 934 1247 979 solo
1264 934 1358 994 ipso
1375 933 1444 978 die
1460 948 1551 978 non
1567 946 1687 977 erre-

296 1013 369 1049 tur
387 1039 398 1060 ,
425 1020 514 1064 quo
535 1013 629 1050 toto
648 1006 802 1064 utique
819 1005 1074 1064 jejunatur?
1091 1004 1209 1058 Quid
1226 1013 1289 1050 est
1307 1020 1410 1063 ergo
1429 1003 1549 1064 quod
1569 1003 1687 1047 diem

296 1075 575 1119 Dominicum
606 1075 808 1130 sabbato,
845 1074 966 1119 velut
1003 1075 1249 1121 Christiano
1283 1076 1403 1134 jure,
1441 1073 1687 1134 praeponit?

297 1148 412 1190 Ecce
433 1146 675 1190 secundum
694 1146 836 1205 ipsum
859 1145 951 1190 dies
967 1146 1137 1190 sabbati
1154 1145 1294 1191 multo
1313 1145 1500 1190 sanctior
1516 1144 1689 1190 inveni-

297 1225 371 1261 tur
388 1252 400 1273 ,
422 1217 468 1260 in
497 1232 586 1276 quo
608 1226 651 1261 et
674 1232 764 1260 non
786 1225 953 1261 erratur
970 1251 982 1271 ‚
1008 1231 1108 1261 cum
1134 1217 1225 1276 ejus
1245 1225 1338 1261 toto
1360 1216 1498 1276 spatio
1513 1216 1689 1275 jejuna-

298 1296 396 1342 tur,
421 1296 464 1331 et
482 1288 635 1332 eodem
656 1287 822 1346 jejunio
845 1302 916 1330 sex
939 1296 1196 1331 caeterorum
1219 1286 1385 1330 dierum
1400 1321 1411 1340 ‚
1437 1300 1485 1330 ac
1507 1300 1584 1344 per
1604 1285 1689 1329 hoc

299 1359 432 1418 ipsius
456 1359 669 1402 Dominici
689 1374 807 1402 error
831 1359 1025 1403 abluitur
1047 1378 1056 1403 z
1078 1367 1185 1417 puto
1202 1356 1324 1418 quod
1339 1358 1418 1402 tibi
1438 1372 1527 1403 non
1548 1355 1691 1416 placet
1755 1357 1758 1369 '

298 1430 378 1475 ista
402 1431 700 1489 praesumptio.

359 1503 439 1544 XI.
475 1503 572 1544 Jam
596 1516 698 1544 vero
721 1515 822 1544 cum
844 1515 888 1545 se
909 1500 1131 1545 hominem
1153 1498 1390 1558 spiritalem
1411 1496 1546 1543 videri
1566 1496 1688 1553 velit,

300 1581 343 1617 et
367 1582 577 1632 tanquam
600 1572 791 1616 carnales
807 1606 818 1626 ,
845 1587 1070 1631 pransores
1099 1571 1268 1614 sabbati
1290 1579 1488 1624 accuset,
1515 1570 1693 1613 attende

301 1643 676 1703 quemadmodum
706 1643 920 1688 Dominici
944 1643 1028 1686 diei
1050 1658 1138 1686 non
1161 1657 1291 1701 parco
1313 1640 1497 1700 prandio
1522 1639 1692 1683 reficia-

301 1723 374 1758 tur
390 1748 400 1767 ,
427 1714 501 1757 sed
528 1714 670 1772 alogio
694 1712 949 1758 delectetur.
976 1713 1092 1765 Quid
1115 1721 1179 1757 cst
1201 1721 1346 1756 autem
1379 1710 1517 1768 alogia
1533 1743 1544 1764 ,
1572 1708 1693 1769 quod

301 1784 486 1830 verbum
509 1800 560 1827 ex
584 1785 733 1828 Graeca
757 1784 905 1841 lingua
930 1793 1190 1842 usurpatum
1213 1791 1302 1837 est,
1325 1782 1405 1825 nisi
1428 1797 1529 1825 cum
1554 1780 1695 1840 epulis

301 1855 578 1914 indulgetur,
599 1865 648 1900 ut
670 1872 692 1900 a
715 1856 892 1900 rationis
912 1855 1082 1899 tramite
1105 1854 1326 1898 devietur?
1350 1853 1476 1898 Unde
1493 1851 1696 1897 animalia

303 1930 472 1972 ratione
490 1927 678 1970 carentia
695 1927 902 1970 dicuntur
919 1926 1058 1983 aloga,
1079 1925 1239 1985 quibus
1258 1924 1418 1969 similes
1434 1931 1537 1967 sunt
1552 1922 1695 1967 ventri

304 1997 443 2042 dediti
473 2018 482 2043 ε
521 1986 699 2057 propter
738 1996 880 2056 quod,
923 1996 1259 2040 immoderatum
1292 1994 1563 2047 convivium,
1605 2008 1695 2052 quo

303 2083 425 2113 mens
443 2103 454 2124 ,
486 2068 532 2112 in
563 2084 650 2128 qua
686 2068 792 2111 ratio
821 2068 1072 2112 dominatur
1092 2101 1103 2120 ,
1128 2065 1465 2124 ingurgitatione
1492 2062 1695 2108 vescendi

305 2155 354 2185 ac
385 2138 567 2183 bibendi
601 2137 929 2200 quodammodo
959 2138 1186 2192 obruitur,
1218 2137 1359 2194 alogia
1392 2144 1688 2194 nuncupatur.

306 2214 491 2270 Insuper
513 2211 641 2255 etiam
664 2219 842 2270 propter
863 2210 1011 2254 cibum
1034 2224 1082 2253 ac
1104 2218 1258 2268 potum
1275 2243 1287 2264 ,
1310 2224 1400 2253 non
1422 2207 1599 2262 mentis,
1619 2204 1696 2250 sed

306 2283 468 2329 ventris
491 2283 631 2340 alogia
652 2283 738 2327 diei
761 2282 975 2326 Dominici
997 2281 1104 2326 dicit
1125 2296 1215 2325 esse
1241 2278 1507 2325 cantandum
1531 2298 1539 2323 :
1568 2296 1588 2320 «
1617 2279 1694 2322 Sa—

309 2373 330 2398 »
355 2353 535 2409 turasti,
559 2354 761 2408 Domine,
792 2353 979 2397 animam
1008 2352 1209 2407 inanem,
1241 2360 1285 2395 et
1320 2350 1478 2410 potasti
1504 2348 1694 2393 animam

308 2444 329 2468 »
354 2426 586 2469 sitientem.
612 2441 631 2466 »
657 2425 693 2468 Ο
710 2424 852 2469 virum
875 2421 1133 2482 spiritalem,
1159 2438 1185 2466 o
1208 2420 1446 2466 carnalium
1464 2419 1695 2478 reprehen-

307 2511 471 2551 sorem,
497 2511 523 2540 ο
545 2510 754 2554 magnum
779 2495 1067 2554 jejunatorem
1084 2528 1095 2549 ,
1126 2502 1169 2537 et
1196 2507 1286 2537 non
1307 2487 1688 2537 ventricultorem!

310 2569 424 2612 Ecce
443 2567 519 2626 qui
540 2581 619 2610 nos
637 2566 840 2610 admonet
863 2580 918 2610 ne
947 2565 1042 2622 lege
1062 2563 1222 2610 ventris
1243 2562 1382 2619 legem
1405 2561 1577 2606 Domini
1594 2573 1693 2605 cor-
