1790 3187
351 250 407 290 90
788 258 819 285 s.
861 259 1086 286 AUGUSTINI
1121 260 1296 286 131118001’1

351 323 530 385 quando
568 331 772 382 appareat
811 321 930 382 quod
954 322 1209 381 promissum
1245 331 1334 376 est,
1359 322 1538 382 quando
1575 338 1621 366 re
1642 323 1732 382 ipsa

350 393 627 439 manifestum
652 392 703 436 sit
726 393 846 450 quod
870 407 988 436 nunc
1017 407 1091 450 spe
1111 407 1274 435 sumus.
1303 393 1399 436 Filii
1424 392 1538 436 enim
1563 393 1641 436 Dei
1668 406 1732 437 su·
1757 400 1760 404 ’

350 479 445 507 mus
478 466 491 490 1
515 498 525 517 ‚
554 471 595 505 et
632 461 828 505 nondum
854 462 1053 520 apparuit
1075 461 1178 521 quid
1203 463 1375 505 erimus.
1404 462 1570 506 Scimus
1589 471 1731 506 autem

350 535 555 593 quoniam
578 549 676 577 eum
697 533 967 590 apparuerit,
986 531 1143 576 similes
1165 533 1200 575 ei
1224 533 1382 576 erimus
1400 567 1414 586 ,
1438 532 1643 591 quoniam
1666 533 1733 576 vi·-

350 603 552 648 debimus
575 619 673 646 eum
702 603 827 646 sicuti
859 612 937 646 estv
974 605 1068 661 Ipsa
1103 612 1166 646 est
1186 602 1390 646 revelatio
1412 602 1601 645 filiorum
1631 603 1730 657 Dei,

350 690 478 734 quam
496 690 614 718 nunc
637 682 834 732 expectat
847 674 1088 732 expectatio
1101 680 1310 717 creaturae
1333 693 1341 718 :
1365 689 1451 718 non
1475 673 1595 733 quod
1612 688 1733 718 crea—

352 754 446 788 tura
479 745 787 788 revelationem
817 753 1016 802 expectet
1041 743 1217 788 alterius
1246 752 1428 798 naturae,
1459 759 1558 802 quae
1578 758 1667 787 non
1683 744 1735 789 sit

349 824 545 859 creatura
571 835 582 872 3
608 814 681 858 sed
716 814 802 873 ipsa
828 813 966 873 qualis
991 829 1109 857 nunc
1132 823 1222 867 est,
1253 823 1451 872 expectat
1485 813 1662 873 quando
1683 814 1736 858 sit
1789 854 1790 860 ,

350 885 490 945 qualis
518 884 663 928 futura
686 893 748 928 est
775 904 783 928 :
809 893 1016 942 tanquam
1035 884 1068 927 si
1086 882 1318 938 diceretur,
1337 885 1554 942 Operante
1576 884 1736 943 pictore
1788 905 1790 928 ι

348 955 555 1014 subjectis
578 954 657 998 sibi
673 954 891 998 coloribus
913 963 956 997 et
974 953 1028 997 ad
1051 969 1159 1012 opus
1181 955 1272 1013 ejus
1292 953 1473 1012 paratis,
1498 954 1738 1012 expectatio

349 1025 546 1070 colorum
580 1024 976 1068 manifestationem
1006 1025 1202 1082 imaginis
1239 1033 1434 1083 expectat
1466 1043 1475 1068 :
1514 1038 1604 1067 non
1635 1024 1736 1083 quia

349 1105 453 1139 tunc
476 1105 579 1139 sunt
598 1095 668 1138 alii
689 1130 699 1149 ‚
726 1104 768 1138 et
798 1095 868 1138 alii
897 1103 1048 1148 erunt,
1071 1103 1145 1138 aut
1166 1109 1254 1138 non
1278 1092 1443 1138 colores
1464 1103 1593 1138 erunt
1617 1115 1629 1152 3
1661 1093 1736 1138 sed

351 1175 519 1210 tantum
542 1166 662 1225 quod
683 1165 809 1209 aliam
833 1165 1086 1223 dignitatem
1107 1165 1351 1208 habebunt.

394 1241 454 1278 3⁰.
465 1234 682 1278 «Vanitati
704 1235 837 1286 enim,
849 1235 1007 1293 inquit,
1021 1244 1217 1278 creatura
1232 1235 1425 1293 subjecta
1435 1237 1531 1277 est2.
1543 1236 1662 1278 »Hoc
1675 1244 1738 1280 est

348 1304 457 1349 illud
477 1324 484 1349 :
501 1325 520 1346 «
535 1307 711 1348 Vanitas
733 1305 1041 1358 vanitantium,
1059 1313 1102 1347 et
1124 1304 1268 1348 omnia
1283 1304 1462 1348 vanitas.
1476 1307 1583 1356 Quae
1601 1305 1735 1348 abun-

352 1394 370 1416 »
390 1375 535 1418 dantia
551 1375 794 1419 esthomini
819 1376 863 1418 in
886 1377 1003 1419 omni
1019 1375 1168 1419 labore
1189 1391 1283 1430 suo,
1310 1390 1439 1434 quem
1462 1375 1551 1434 ipse
1567 1374 1736 1419 laborat

353 1467 369 1486 »
391 1446 473 1489 sub
497 1446 586 1489 sole
609 1447 624 1470 3
645 1448 662 1489 P
683 1464 702 1486 »
731 1447 812 1489 Cui
835 1445 1001 1488 dictum
1033 1455 1095 1489 est
1123 1464 1131 1490 :
1167 1464 1185 1487 «
1210 1448 1260 1488 In
1282 1445 1432 1488 labore
1455 1444 1736 1490 manducabis

349 1533 369 1556 »
394 1530 548 1574 panem
571 1525 696 1558 tuum
721 1516 752 1558 ⁴.
782 1515 971 1558 Vanitati
994 1529 1096 1571 ergo
1111 1525 1308 1559 creatura
1331 1515 1526 1573 subjecta
1545 1523 1625 1568 est,
1648 1530 1736 1560 non

351 1605 367 1625 »
393 1593 592 1644 sponte.»
611 1587 728 1628 Bene
748 1583 944 1627 additum
966 1595 1044 1639 est,
1061 1600 1179 1629 «non
1192 1594 1392 1643 sponte.»
1415 1586 1556 1628 Homo
1574 1585 1736 1644 quippe

345 1664 499 1714 sponte
523 1655 742 1713 peccavit,
768 1654 844 1698 sed
868 1671 957 1698 non
974 1665 1128 1713 sponte
1146 1656 1378 1699 damnatus
1397 1665 1476 1699 est.
1505 1658 1734 1699 Peccatum
1766 1679 1770 1697 ι

345 1726 493 1784 itaque
516 1724 599 1768 fuit
614 1734 902 1783 spontaneum
922 1759 932 1779 ,
955 1734 1105 1769 contra
1129 1735 1392 1784 praeceptum
1412 1723 1553 1769 facere
1576 1727 1733 1769 verita-

349 1796 417 1839 tis:
441 1796 605 1853 peccati
629 1804 774 1838 autem
788 1810 933 1854 poena,
956 1795 1105 1854 subjici
1121 1795 1317 1839 fallaciae.
1343 1798 1441 1840 Non
1463 1810 1564 1853 ergo
1584 1805 1735 1854 sponte

345 1875 538 1909 ereatura
571 1866 765 1924 subjecta
809 1875 873 1909 est
916 1867 1093 1909 vanitati
1130 1884 1138 1910 z
1169 1885 1187 1907 «
1227 1866 1299 1910 sed
1324 1876 1500 1925 propter
1535 1881 1635 1909 eum
1660 1866 1734 1926 qui
1762 1884 1764 1903 z

348 1954 366 1975 »
383 1935 568 1994 subjecit
584 1951 676 1978 eam
696 1935 741 1977 in
763 1950 852 1993 spe,
877 1955 894 1976 »
918 1936 962 1978 id
977 1946 1054 1989 est,
1074 1944 1250 1994 propter
1268 1938 1360 1995 ejus
1377 1937 1588 1994 justitiam
1604 1945 1733 1995 atque
1753 1915 1762 1972 l

344 2006 618 2050 clementiam
644 2039 655 2060 ‚
693 2006 768 2064 qui
800 2022 943 2065 neque
973 2007 1239 2065 impunitum
1269 2007 1445 2066 reliquit
1477 2016 1756 2080 peccatum,'

344 2091 486 2135 neque
511 2074 795 2119 insanabilem
819 2075 958 2119 voluit
981 2091 1069 2120 esse
1094 2086 1362 2135 peccantem.
1507 2130 1516 2131 ἶ
1758 2071 1759 2074 “

404 2151 462 2189 40.
490 2165 509 2187 «
538 2147 649 2198 Quia
672 2155 714 2188 et
737 2146 824 2204 ipsa
851 2156 1045 2190 creatura
1069 2183 1079 2201 ‚
1109 2166 1127 2189 »
1154 2147 1199 2191 id
1222 2159 1313 2202 est,
1340 2149 1430 2206 ipse
1450 2148 1606 2202 homo,
1633 2162 1732 2192 cum

338 2218 429 2276 jam
452 2217 882 2273 signaculoimaginis
904 2227 1080 2276 propter
1104 2229 1327 2276 peecatum
1353 2218 1507 2261 amisso
1529 2219 1732 2262 remansit

347 2286 650 2330 tantummodo
675 2296 870 2330 creatura
900 2306 908 2331 :
929 2307 946 2326 «
970 2297 1012 2330 et
1035 2288 1126 2345 ipsa
1145 2289 1293 2347 itaque
1315 2297 1528 2344 creatura,
1544 2306 1562 2328 η
1586 2289 1627 2331 id
1651 2298 1727 2343 est,

343 2357 487 2414 etipsa
509 2372 607 2415 quae
629 2356 827 2400 nondum
850 2367 1031 2401 vocatur
1051 2358 1238 2401 filiorum
1263 2357 1397 2401 forma
1425 2358 1632 2416 perfecta,
1657 2357 1749 2420 sed.

347 2436 514 2470 tantum
537 2437 715 2471 vocatur
738 2430 1007 2481 creatu1·a⁵,«
1027 2428 1282 2472 liberabitur
1301 2444 1324 2472 a
1355 2429 1561 2472 servitute
1588 2421 1748 2483 interi-l

392 2535 398 2549 ¹
426 2540 435 2558 1
465 2530 556 2559 Joan.
584 2539 631 2569 ιιι,
661 2539 690 2561 2.
711 2547 749 2551 --
767 2537 778 2552 ²
799 2532 885 2562 Rom.
912 2542 983 2567 vui.
1003 2538 1057 2562 20.
1075 2549 1112 2553 —
1129 2529 1142 2552 3
1160 2529 1265 2562 Eccle.
1292 2541 1322 2569 ι,
1346 2539 1375 2561 2.
1400 2547 1428 2552 -·
1450 2529 1462 2553 ⁶
1483 2532 1561 2561 Gen.
1593 2541 1641 2568 m,
1677 2516 1746 2575 ¹9·l

344 2600 381 2606 ν-ι
398 2581 411 2604 5
428 2585 518 2614 Rom.
540 2594 610 2624 vni,
632 2592 683 2615 2¹.
1743 2578 1745 2589 Ι
