1790 3187
354 213 435 250 132
784 221 816 246 s.
854 216 1081 245 Aneusnm
1116 218 1294 246 EPISCOPI

347 287 519 331 naristae
544 300 594 328 cx
616 282 855 342 Apollinari
877 282 1067 342 quodam
1090 291 1263 326 auctore
1287 297 1365 327 suo
1387 281 1489 327 dicti
1513 297 1603 327 esse
1624 298 1725 343 per-

345 358 570 410 hibentur,
589 360 824 398 assererent
844 353 1078 396 Dominum
1096 361 1292 396 nostrum
1315 356 1460 397 Jesum
1484 353 1744 410 Christum„

347 428 393 470 in
412 435 626 486 quantum
649 425 780 468 homo
797 422 890 466 fieri
914 422 1140 481 dignatus,
1160 438 1249 467 non
1270 423 1469 467 habuisse
1491 423 1727 468 humanam

349 505 562 550 mentem,
581 495 840 538 inhaerentes
863 493 921 536 eis
945 491 1146 536 nonnulli
1162 502 1222 548 ‚et
1244 508 1316 537 eos
1337 493 1528 537 studiose
1544 493 1728 537 audien-

347 576 432 621 tes,
456 564 659 609 delectati
674 572 776 607 sunt
803 562 979 622 quidem
997 577 1045 607 ea
1063 563 1340 622 perversitate
1356 598 1366 618 ‚
1389 579 1476 623 qua
1496 561 1569 606 ille
1586 558 1730 607 horni-

346 636 508 680 nemin
523 638 611 679 Deo
628 632 880 688 minuebat,
902 631 1048 677 dicens
1069 648 1170 677 eum
1191 648 1282 678 non
1303 633 1503 677 habuisse
1520 640 1727 689 mentem,
1762 660 1765 677 r

344 707 430 750 hoc
450 714 513 749 est
534 704 789 749 rationalem
804 703 991 748 animam
1006 738 1017 759 ‚
1039 719 1123 763 qua
1140 704 1272 748 homo
1290 720 1313 748 a
1327 704 1555 763 pecoribus
1577 718 1731 748 secun-

293 766 297 770 *
346 775 454 820 dum
488 775 682 820 animum
710 774 875 819 differt.
916 773 1001 819 Sed
1035 790 1135 818 cum
1170 789 1316 819 secum
1351 775 1431 834 ipsi
1463 774 1727 832 cogitarent,

345 847 575 892 fatendum
598 862 702 903 esse,
720 847 754 890 si
769 846 828 891 ita
851 855 930 901 est,
944 855 993 890 ut
1015 846 1266 905 unigenitus
1289 846 1367 890 Dei
1385 845 1534 901 Filius,
1555 845 1732 904 Sapien-

346 918 402 962 tia
424 918 675 962 etVerbum
698 917 850 972 Patris,
868 932 946 975 per
961 915 1081 976 quod
1103 915 1214 961 facta
1229 925 1330 960 sunt
1352 916 1513 971 omnia,
1539 914 1729 959 belluam

344 988 579 1048 quamdam
594 1003 694 1031 cum
710 988 844 1045 figura
861 987 1040 1031 humani
1054 987 1245 1046 corporis
1259 987 1492 1045 suscepisse
1506 986 1727 1040 credatur,
1760 1000 1761 1004 ¹

345 1058 661 1117 displicuerunt
682 1057 763 1101 sibi
787 1092 798 1112 ,
824 1072 912 1101 non
934 1066 1080 1101 tamen
1098 1056 1152 1100 ad
1176 1057 1487 1101 correctionem
1506 1090 1516 1110 ‚
1541 1064 1592 1099 ut
1613 1054 1730 1099 redi·
1788 1094 1790 1099 .

344 1137 441 1172 rent
468 1127 523 1172 ad
550 1128 741 1173 veritatis
768 1127 883 1171 viam
904 1162 914 1181 ,
952 1136 1185 1186 totumque
1216 1127 1434 1170 hominem
1462 1141 1487 1169 a
1517 1124 1730 1185 Sapientia

342 1198 421 1241 Dei
445 1206 696 1257 susceptum
719 1212 808 1240 esse
831 1197 1145 1240 confiterentur
1164 1231 1175 1251 ‚
1203 1195 1322 1240 nulla
1340 1195 1631 1240 diminutione
1653 1210 1730 1239 na·
1756 1222 1759 1240 l

343 1276 454 1311 turae
487 1287 496 1311 ε
524 1267 599 1311 sed
631 1266 839 1325 ampliore
873 1267 938 1309 usi
972 1266 1149 1309 audacia
1170 1300 1180 1319 ‚
1213 1268 1348 1325 ipsam
1387 1266 1515 1310 etiam
1545 1264 1729 1309 animam

343 1347 574 1397 totumque
597 1337 704 1381 utile
732 1336 919 1381 hominis
952 1336 1189 1380 alienantes
1212 1337 1266 1380 ab
1287 1351 1338 1381 eo
1356 1371 1366 1391 ,
1392 1335 1526 1380 solam
1557 1349 1729 1380 carnem
1788 1351 1790 1366 ³

341 1408 580 1452 humanam
629 1422 726 1452 eum
766 1407 1004 1465 suscepisse
1040 1407 1243 1450 dixerunt
1261 1441 1272 1461 ,
1310 1407 1565 1451 adhibentes
1601 1406 1729 1450 etiam
1754 1401 1757 1412 ¹
1786 1423 1790 1450 i

344 1478 642 1523 testimonium
673 1492 725 1521 ex
758 1476 996 1534 Evangelio
1033 1498 1043 1533 3
1081 1477 1169 1520 imo
1202 1475 1319 1520 illam
1353 1476 1611 1521 sententiam
1642 1491 1731 1520 non
1788 1499 1790 1520 ε

344 1549 629 1607 intelligendo
652 1566 661 1592 ι
686 1548 875 1607 perversi
904 1547 1140 1605 confligere
1161 1549 1325 1591 audent
1355 1546 1558 1593 adversus
1581 1547 1730 1591 catho-
1752 1576 1754 1611 ἱ
1787 1568 1790 1586 =

342 1618 472 1663 licam
494 1619 719 1663 veritatem
739 1652 750 1672 ‚
774 1618 965 1661 dicentes
985 1617 1193 1676 scriptum
1217 1632 1306 1661 csse
1333 1636 1341 1661 ε
1373 1635 1392 1659 «
1413 1616 1608 1663 Verbum
1633 1631 1729 1662 caro
1788 1659 1790 1662 Α

344 1706 366 1730 »
383 1688 549 1733 factum
569 1698 649 1744 est,
667 1698 710 1732 et
727 1688 941 1733 habitavit
961 1689 1007 1731 in
1024 1688 1148 1732 nobis
1165 1690 1194 1731 ¹.
1215 1706 1234 1729 »
1261 1688 1351 1732 Sub
1369 1688 1433 1732 his
1456 1688 1571 1732 enim
1589 1687 1729 1732 verbis
1750 1685 1753 1743 j
1788 1706 1790 1715 ·

344 1759 404 1802 ita
429 1759 622 1802 Verbum
647 1758 804 1811 volunt
826 1758 945 1802 carni
979 1773 1068 1803 esse
1098 1757 1350 1817 copulatum
1393 1767 1524 1818 atque
1547 1773 1727 1803 conere—
1786 1774 1790 1813 ¹

344 1839 440 1874 tum
456 1831 495 1885 2,
521 1828 695 1873 utnulla
722 1829 782 1873 ibi
811 1845 900 1873 non
928 1829 1069 1874 solum
1091 1845 1214 1874 mens
1232 1864 1244 1885 ‚
1269 1829 1345 1874 sed
1370 1845 1450 1874 nec
1472 1830 1616 1874 anima
1643 1830 1728 1874 hu·
1785 1822 1790 1891 i

343 1915 471 1945 mana
502 1900 751 1944 intersistat.
1787 1896 1790 1939 l

404 1972 466 2014 2⁰.
492 1970 660 2022 Quibus
683 1969 823 2029 primo
845 1969 1199 2028 respondendum
1219 1979 1298 2024 est,
1322 1971 1421 2015 ideo
1435 1971 1494 2015 sic
1516 1985 1606 2015 esse
1621 1967 1728 2014 illud
1747 1981 1750 1999 ³
1785 1948 1790 2022 l

344 2042 389 2085 in
420 2040 660 2099 Evangelio
683 2040 872 2099 positum
893 2075 903 2094 ‚
933 2040 1034 2099 quia
1067 2055 1206 2101 usque
1239 2039 1294 2084 ad
1315 2040 1526 2085 visibilem
1556 2035 1749 2085 carnem‘
1786 2028 1790 2085 Ι

344 2110 580 2170 assumptio
594 2109 669 2155 illa
688 2110 892 2154 humanae
915 2119 1083 2154 naturae
1105 2127 1128 2155 a
1151 2110 1337 2155 Domino
1359 2110 1472 2155 facta
1489 2120 1576 2165 est,
1601 2120 1728 2170 atque
1787 2125 1790 2176 Ι

343 2181 389 2224 in
410 2190 502 2225 tota
521 2180 595 2225 illa
616 2181 782 2225 unitate
805 2181 1086 2239 susceptionis
1109 2180 1405 2239 principaliter
1428 2181 1622 2224 Verbum
1647 2189 1722 2235 est,
1786 2177 1790 2256 l

344 2260 536 2296 extrema
558 2259 703 2295 autem
721 2259 851 2310 atque
873 2250 1026 2294 ultima
1048 2265 1162 2294 caro.
1184 2250 1344 2294 Volens
1361 2251 1506 2310 itaque
1529 2254 1745 2309 Evange-g'
1783 2262 1790 2601 1

1785 2831 1787 2852 l

343 2322 441 2366 lista
462 2321 768 2367 commendare
785 2337 864 2380 pro
886 2321 1012 2365 nobis
1031 2321 1319 2381 dejectionem
1340 2321 1598 2366 humilitatis
1620 2320 1722 2375 Dei,
1742 2317 1744 2336 ³

343 2392 420 2451 qui
437 2407 525 2436 sese
546 2391 841 2436 humiliaverit
866 2426 876 2447 ,
903 2400 945 2436 et
977 2407 1066 2451 quo
1089 2406 1228 2450 usque
1262 2391 1552 2435 humiliaverit
1585 2389 1724 2450 expri-

344 2478 463 2508 mens
491 2498 501 2517 ‚
543 2464 738 2507 Verbum
777 2478 1040 2522 carnemque
1080 2462 1319 2506 nominavit
1344 2496 1355 2516 ‚
1394 2452 1742 2533 praetermittensf

393 2555 399 2569 ¹
427 2549 518 2579 Joan.
542 2558 563 2588 1,
589 2547 637 2587 ¹4·
661 2563 695 2569 -—
713 2553 724 2570 ²
748 2547 830 2579 Vide
848 2547 904 2578 Ιώ.
930 2557 983 2578 xiv
1001 2546 1041 2577 dc
1062 2545 1155 2577 Civit.
1180 2545 1250 2586 Dei,
1268 2555 1341 2588 cap.
1360 2553 1391 2577 2.
