1790 3187
340 229 391 268 58
759 237 791 265 s.
829 237 1056 267 Aneusruw
1091 240 1266 266 EPISCOPl

339 320 522 364 regnum
559 303 786 350 coelorum.
823 305 919 347 Non
953 305 1068 348 enim
1099 312 1195 362 post
1221 304 1436 364 judicium
1476 313 1595 365 patet
1621 317 1719 363 pre.-

339 391 439 421 cum
477 385 552 420 aut
586 375 838 418 meritorum
874 372 1009 418 locus.
1045 393 1065 416 «
1097 375 1333 419 Novissime
1363 385 1506 420 autem
1541 374 1748 419 veniunt⁴

343 465 362 488 »
389 455 431 490 et
454 445 631 505 reliquae
652 444 860 502 virgines,
894 443 1086 488 dicentes
1108 445 1316 489 :Domine
1332 480 1343 500 ‚
1375 446 1578 499 Domine,
1604 444 1721 503 aperi

344 535 363 558 »
393 516 531 560 nobis.
557 533 576 556 »
602 517 701 559 Non
723 513 888 557 dictum
914 522 992 567 est,
1020 514 1137 573 quod
1160 516 1344 559 emerint
1360 514 1503 560 oleum
1527 533 1536 559 :
1561 523 1604 557 et
1624 513 1723 557 ideo

340 584 634 642 intelligendae
657 592 773 636 sunt⁷
800 582 921 625 nullo
938 583 1026 642 jam
1057 593 1306 627 remanente
1328 584 1383 628 de
1405 584 1552 627 alienis
1581 581 1723 626 laudi-

344 656 423 700 bus
440 655 625 713 gaudio,
662 655 704 697 in
728 653 934 711 angustiis
967 663 1010 698 et
1041 654 1207 713 magnis
1241 654 1548 699 afflictionibus
1584 652 1724 697 redire

341 725 396 768 ad
417 723 765 783 implorationem
793 723 882 767 Dei.
918 722 1001 767 Sed
1029 738 1185 782 magna
1208 733 1270 768 est
1292 725 1381 784 ejus
1408 724 1608 769 severitas
1628 731 1725 781 post

335 794 568 855 judicium,
584 795 704 854 cujus
721 802 820 838 ante
836 793 1051 853 judicium
1067 794 1298 838 ineffabilis
1314 793 1603 840 misericordia
1619 808 1725 852 prae-

342 873 491 922 rogata
521 873 598 909 est.
644 867 797 923 Itaque
834 862 1100 922 respondens
1129 864 1216 908 ait:
1240 883 1259 906 «
1296 867 1436 908 Amen
1469 863 1566 908 dico
1601 861 1725 907 vobis

346 954 365 977 »
387 935 508 995 quod
526 936 669 980 nescio
679 951 755 980 vos
780 955 788 980 :
812 953 831 976 »
858 950 908 978 ex
922 934 994 979 illa
1009 934 1171 979 scilicet
1192 935 1357 994 regula,
1378 950 1464 994 qua
1483 949 1573 978 non
1593 933 1727 977 habet

343 1021 409 1050 ars
428 1006 521 1060 Dei,
542 1007 624 1050 hoc
647 1015 725 1060 est,
751 1005 959 1065 sapientia
986 1005 1075 1058 Dei,
1095 1014 1143 1049 ut
1166 1020 1252 1049 non
1279 1006 1442 1050 intrent
1462 1007 1506 1048 in
1520 1003 1725 1061 gaudium

343 1077 456 1135 ejus,
482 1076 556 1135 qui
589 1091 678 1120 non
708 1090 852 1120 coram
883 1078 994 1130 Deo,
1030 1075 1105 1118 sed
1136 1084 1184 1119 ut
1210 1075 1432 1134 placerent
1460 1073 1724 1128 hominibus,

343 1146 422 1190 visi
438 1155 540 1189 sunt
557 1145 722 1205 aliquid
745 1147 982 1190 secundum
1015 1155 1231 1205 praecepta
1258 1148 1349 1206 ejus
1375 1145 1558 1204 operari.
1584 1147 1728 1204 Atque

344 1217 403 1259 ita
432 1215 657 1259 concludit
685 1235 694 1260 ε
719 1235 738 1258 «
760 1217 944 1273 Vigilate
975 1231 1092 1274 ergo,
1119 1217 1220 1275 quia
1254 1216 1425 1260 nescitis
1449 1215 1565 1259 diem
1587 1229 1729 1274 neque

351 1303 368 1325 »
394 1285 562 1328 horam.
593 1303 612 1326 »
639 1287 736 1331 Non
758 1284 889 1328 modo
914 1284 1027 1328 illius
1053 1284 1194 1328 ultimi
1218 1285 1436 1344 temporis,
1462 1300 1550 1344 quo
1571 1292 1730 1329 ventu-

345 1369 417 1398 rus
436 1365 498 1398 est
521 1370 724 1414 sponsus,
750 1354 825 1398 sed
842 1370 931 1398 suae
951 1355 1136 1414 quisque
1153 1354 1270 1398 diem
1298 1354 1571 1399 dormitionis
1585 1363 1629 1398 et
1649 1353 1731 1398 ho-

345 1439 433 1468 ram
456 1426 606 1468 nescit.
633 1425 835 1484 Quisquis
854 1434 997 1468 autem
1018 1433 1191 1483 paratus
1205 1433 1423 1484 estusque
1440 1423 1493 1468 ad
1511 1438 1727 1477 somnum,

343 1494 386 1538 id
410 1504 493 1549 est,
528 1511 667 1555 usque
684 1494 739 1538 ad
767 1503 951 1538 mortem
974 1510 1074 1554 quae
1096 1495 1299 1538 omnibus
1320 1493 1527 1548 debetur,
1554 1502 1728 1553 paratus

343 1568 472 1610 etiam
494 1566 740 1609 invenietur
759 1580 859 1609 cum
878 1563 949 1608 illa
972 1581 1055 1609 vox
1083 1564 1223 1609 media
1253 1574 1381 1609 nocte
1400 1564 1613 1618 sonuerit,
1641 1579 1726 1624 qua

343 1651 492 1680 omnes
510 1634 749 1693 evigilaturi
766 1644 881 1679 sunt.

403 1709 462 1749 40.
490 1706 618 1759 Quod
639 1722 740 1750 vero
769 1721 926 1765 sponso
950 1706 1056 1750 dixit
1078 1706 1248 1750 obviam
1270 1706 1416 1750 venire
1437 1706 1646 1764 virgines,
1666 1706 1727 1751 sic

342 1775 677 1833 intelligendum
698 1786 828 1836 puto,
850 1785 899 1819 ut
916 1792 967 1819 ex
990 1776 1089 1834 ipsis
1110 1776 1348 1834 virginibus
1365 1784 1534 1820 constet
1555 1792 1604 1819 ea
1625 1791 1725 1836 quae

342 1846 502 1890 dicitur
521 1862 672 1905 sponsa
695 1866 703 1890 :
726 1856 933 1905 tanquam
960 1847 994 1890 si
1018 1847 1222 1890 omnibus
1240 1847 1491 1891 Christianis
1512 1847 1556 1890 in
1580 1845 1726 1890 Eccle-
1764 1893 1767 1911 ζ

342 1917 446 1959 siam
471 1917 832 1960 concurrentibus
849 1917 925 1959 filii
948 1916 1002 1959 ad
1028 1925 1206 1960 matrem
1227 1932 1484 1961 concurrere
1505 1915 1722 1972 dicantur,

342 2002 440 2030 cum
466 2003 515 2030 ex
537 1988 635 2046 ipsis
661 1987 758 2030 filiis
779 1988 1049 2046 congregatis
1072 1996 1240 2031 constet
1257 2003 1304 2031 ea
1328 2003 1428 2047 quae
1450 1987 1608 2031 dicitur
1631 2003 1725 2031 ma·

345 2067 421 2100 ter.
447 2060 572 2102 Nunc
600 2059 713 2101 enim
736 2059 992 2117 desponsata
1021 2068 1080 2102 est
1114 2057 1322 2112 Ecclesia,
1358 2068 1400 2101 et
1432 2059 1554 2116 virgo
1576 2067 1639 2102 est
1670 2058 1722 2102 ad

343 2129 513 2185 nuptias
530 2128 820 2186 perducenda,
844 2129 886 2171 id
906 2137 989 2182 est,
1009 2144 1106 2172 cum
1130 2144 1172 2171 se
1190 2129 1385 2172 continet
1402 2144 1424 2172 a
1447 2129 1724 2188 corruptione

341 2197 536 2240 saeculari
562 2217 569 2241 :
596 2197 670 2242 illo
693 2207 835 2241 autem
860 2207 1054 2256 tempore
1083 2200 1240 2253 nubet,
1269 2214 1367 2242 cum
1391 2200 1587 2243 universa
1608 2214 1724 2243 mor·
1763 2245 1765 2255 ,

342 2268 505 2312 talitate
535 2269 580 2311 in
602 2285 649 2311 ea
681 2279 904 2327 pereunte,
939 2269 1171 2313 immortali
1202 2270 1509 2329 conjunctione
1536 2270 1719 2313 fruetur.

345 2358 364 2380 η
396 2340 675 2397 Desponsavi,
703 2340 861 2399 inquit,
886 2355 961 2384 vos
985 2340 1059 2383 uni
1079 2340 1169 2384 viro
1192 2341 1402 2398 virginem
1421 2349 1580 2384 castam
1600 2340 1721 2384 exhi-

345 2428 364 2450 »
387 2410 489 2453 bere
506 2410 719 2454 Christo¹.
739 2428 758 2451 ἰ)
777 2412 878 2464 Vos,
896 2410 1054 2468 inquit,
1072 2410 1281 2468 virginem
1310 2429 1318 2454 ε
1344 2426 1367 2454 a
1391 2409 1546 2469 plurali
1568 2409 1623 2454 ad
1635 2411 1723 2454 sin-

342 2479 533 2536 gularem
568 2480 845 2524 concludens.
891 2480 992 2523 Ideo
1020 2489 1062 2524 et
1098 2481 1283 2537 virgines
1322 2479 1405 2524 dici
1445 2489 1643 2538 possunt,
1680 2490 1721 2524 et

391 2573 397 2586 ¹
427 2576 433 2595 ι
457 2567 530 2596 Cor.
551 2574 665 2605 x111,‘2.

1762 2306 1765 2330 l
