1790 3187
349 182 429 220 126
771 191 803 219 s.
842 191 1069 220 AnGes'rxm
1104 193 1283 219 El‘lscom

343 258 409 301 nis
424 256 649 317 cupiditas,
670 256 938 315 perturbatio
965 275 974 300 :
1000 256 1138 300 omnis
1161 256 1293 315 igitur
1309 255 1540 315 cupiditas,
1565 257 1716 315 passio.

343 330 492 373 Omnis
521 338 664 372 autem
690 327 843 386 passio,
868 342 967 371 cum
996 337 1058 371 est
1084 327 1128 370 in
1151 327 1296 382 nobis,
1325 327 1415 386 ipsa
1433 328 1626 386 passione
1644 343 1720 386 pa—

342 400 496 452 timur,
522 409 564 442 et
586 399 627 443 in
654 406 865 458 quantum
890 399 1028 457 passio
1055 407 1138 454 est,
1176 398 1364 458 patimur
1389 415 1400 441 .·
1426 398 1565 442 omnis
1594 398 1722 456 igitur
1748 407 1752 410 ”

343 470 554 529 cupiditas
572 505 582 524 ,
607 484 707 514 cum
729 478 792 512 est
817 469 859 512 in
892 469 1043 524 nobis,
1066 470 1155 528 ipsa
1186 468 1424 527 cupiditate
1445 471 1660 528 patimur,
1679 477 1724 516 et
1788 488 1790 492 ⁴

342 541 387 584 in
409 550 621 600 quantum
645 539 857 599 cupiditas
886 549 970 595 est,
999 541 1203 599 patimur.
1229 540 1379 583 Omnis
1398 548 1541 583 autem
1561 539 1719 597 passio,

340 611 386 655 in
403 622 615 671 quantum
640 612 727 670 ipsa
750 611 944 670 passione
958 612 1162 670 patimur,
1186 626 1273 654 non
1297 620 1358 654 est
1379 620 1607 670 peccatum
1630 629 1638 654 :
1663 610 1724 656 sio
1788 643 1790 649 .

341 691 384 725 et
415 682 449 725 si
481 683 668 741 patimur
695 682 920 735 timorem,
953 697 1041 725 non
1070 690 1133 725 est
1157 689 1397 739 peccatum.
1435 684 1657 740 Tanquam
1689 681 1724 725 si

340 750 571 805 diceretur,
599 752 641 796 Si
666 752 785 810 bipes
809 760 898 808 est,
929 767 1016 794 non
1046 767 1088 794 es
1114 766 1260 810 pecus.
1301 751 1343 795 Si
1370 766 1470 809 ergo
1497 759 1723 810 propterea

340 822 423 866 hoc
447 839 533 867 non
553 833 616 866 est
633 838 916 882 consequens,
942 823 1043 883 quia
1062 822 1196 866 multa
1220 831 1320 866 sunt
1342 837 1496 881 pecora
1519 821 1689 880 bipedia
1710 839 1720 867 :
1744 861 1748 866 .

339 903 567 952 propterea
598 904 640 938 et
661 893 769 938 illud
801 910 888 938 non
919 904 982 938 est
1014 909 1303 954 consequens,
1329 894 1428 952 quia
1460 892 1596 937 multa
1624 901 1725 941 sunt

337 974 512 1023 peccata
536 982 635 1025 quae
659 967 862 1026 patimur.
892 968 984 1009 Hoc
1010 966 1126 1009 enim
1149 974 1299 1009 contra
1321 964 1497 1018 dicitur,
1527 980 1615 1008 non
1636 979 1724 1008 esse
1786 999 1790 1002 .

339 1050 629 1095 consequens,
665 1046 712 1079 ut.
741 1037 773 1079 si
796 1037 985 1095 patimur
1007 1036 1223 1089 timorem,
1246 1035 1346 1080 ideo
1370 1051 1457 1080 non
1487 1035 1539 1079 sit
1573 1049 1724 1094 pecca-

337 1115 446 1150 tum.
471 1109 535 1151 Tu
558 1117 702 1151 autem
725 1106 831 1151 dicis
854 1123 1122 1167 consequens
1145 1122 1249 1161 esse,
1272 1107 1366 1150 utsi
1387 1107 1575 1166 patimur
1592 1107 1723 1150 timo·
1785 1127 1790 1135 f

338 1192 445 1230 rem,
473 1193 560 1221 non
576 1178 629 1221 sit
652 1188 876 1236 peccatum
903 1197 912 1222 ε
933 1194 1031 1222 cum
1057 1187 1201 1222 tamen
1224 1177 1434 1222 concedas
1463 1177 1612 1237 aliqua,
1633 1191 1722 1221 esse
1784 1195 1790 1198 ·

337 1258 512 1307 peccata
535 1264 634 1306 quae
650 1249 853 1304 patimur.

397 1321 594 1372 Qmfflm
639 1321 880 1362 LXXVIII.
915 1345 968 1350 —
997 1321 1074 1362 Ars
1107 1318 1178 1362 illa
1213 1333 1379 1362 summa
1413 1317 1722 1376 omnipotentis

338 1390 439 1443 Dei,
461 1405 683 1449 perquam
707 1406 756 1433 ex
779 1389 914 1433 nihilo
937 1389 1049 1434 facta
1070 1399 1171 1433 sunt
1193 1390 1351 1445 omnia,
1386 1405 1485 1450 quae
1507 1389 1636 1432 etiam
1654 1404 1721 1432 sa-

337 1461 500 1519 pientia
519 1462 607 1521 ejus
629 1461 809 1515 dicitur,
838 1462 924 1520 ipsa
950 1471 1153 1519 operatur
1178 1462 1306 1504 etiam
1336 1476 1414 1520 per
1443 1461 1647 1514 artifices,
1673 1468 1722 1504 ut

336 1530 466 1590 pulch
476 1547 517 1575 ra
535 1542 665 1591 atquc
679 1532 958 1590 congruentia
982 1531 1371 1591 faciant3quamvis
1390 1547 1477 1576 non
1492 1530 1546 1574 de
1564 1529 1717 1585 nihilo,

336 1604 410 1645 sed
434 1602 488 1645 de
513 1602 654 1662 aliqua
680 1602 855 1645 materia
878 1613 1133 1661 operentur,
1170 1601 1290 1646 velut
1324 1602 1463 1664 ligno,
1502 1610 1576 1645 aut
1604 1616 1718 1644 mar-

334 1687 469 1726 more,
491 1683 565 1717 aut
587 1674 739 1727 ebore,
761 1683 803 1716 et
821 1674 853 1716 si
872 1674 992 1733 quod
1010 1673 1128 1717 aliud
1150 1674 1339 1717 materiae
1362 1689 1498 1732 genus
1517 1672 1718 1716 manibus

336 1743 507 1787 artificis
535 1742 750 1787 subditur.
785 1744 867 1788 Sed
889 1742 988 1788 ideo
1011 1743 1081 1787 isti
1104 1760 1189 1788 non
1210 1755 1388 1803 possunt
1405 1743 1460 1787 de
1484 1742 1619 1787 nihilo
1642 1740 1718 1786 ali-

335 1814 442 1874 quid
466 1815 674 1859 fabricare
691 1850 700 1867 ,
736 1817 836 1874 quia
863 1831 938 1874 per
964 1831 1120 1874 corpus
1151 1825 1384 1875 operantur
1410 1835 1418 1860 :
1443 1830 1542 1859 cum
1571 1824 1716 1858 tamen
1772 1836 1773 1841 =

334 1900 406 1929 eos
433 1901 651 1940 numeros,
676 1895 719 1929 et
736 1885 1097 1929 lineamentorum
1121 1887 1493 1938 convenientiam,
1520 1901 1625 1945 qua}
1639 1899 1716 1943 per
1773 1907 1776 1918 .

333 1970 491 2015 corpus
520 1956 689 2015 corpori
722 1956 1000 2013 imprimunt,
1036 1956 1081 1999 in
1124 1957 1268 2000 animo
1303 1957 1517 2015 accipiant
1553 1955 1608 1998 ab
1641 1953 1714 1998 illa
1768 1983 1782 1994 „

332 2041 500 2070 summa
528 2026 758 2084 sapientia,
802 2042 900 2085 quae
932 2026 1044 2084 ipsos
1079 2042 1281 2071 numeros
1311 2037 1353 2070 et
1389 2027 1524 2085 ipsam
1553 2040 1714 2069 conve-

332 2096 539 2140 nientiam
568 2095 696 2154 longe
723 2096 991 2140 artificiosius
1020 2099 1220 2141 universo
1248 2097 1399 2141 mundi
1425 2097 1593 2156 corpori
1627 2097 1722 2147 im->

330 2167 504 2225 pressit,
530 2166 648 2225 quod
670 2167 723 2209 de
746 2166 880 2210 nihilo
902 2166 1159 2211 fabricatum
1182 2177 1270 2211 est:
1292 2169 1336 2211 in
1359 2183 1445 2227 quo
1467 2176 1567 2211 sunt
1584 2168 1712 2210 etiam

332 2251 511 2296 corpora
535 2236 808 2290 animalium,
840 2254 938 2297 quae
962 2239 1048 2297 jam
1080 2239 1133 2281 de
1155 2238 1322 2299 aliquo,
1358 2239 1401 2282 id
1429 2249 1508 2292 est,
1533 2237 1587 2281 de
1621 2237 1710 2281 ele-

331 2308 487 2351 mentis
516 2307 666 2351 mundi
691 2306 976 2359 fabricantur,
1002 2308 1075 2351 sed
1098 2308 1225 2366 longe
1249 2309 1466 2368 potentius
1491 2307 1710 2352 excellen-

330 2378 520 2438 tiusque,
545 2394 674 2437 quam
698 2394 795 2422 cum
823 2379 1004 2424 artifices
1027 2380 1223 2423 homines
1245 2380 1414 2423 easdem
1440 2381 1597 2438 figuras
1614 2394 1709 2424 cor-

331 2463 487 2509 porum
515 2459 557 2492 et
589 2449 750 2493 formas
778 2450 822 2493 in
850 2451 935 2494 suis
962 2451 1164 2509 operibus
1194 2451 1430 2494 imitantur.
1467 2453 1564 2495 Non
1593 2450 1706 2494 enim

331 2519 470 2565 omnis
486 2519 768 2565 numerositas
791 2520 969 2565 humani
996 2522 1186 2580 corporis
1214 2521 1431 2566 invenitur
1463 2521 1507 2566 in
1534 2529 1703 2566 statua:
