1790 3187
606 223 799 250 EPtSToLA
834 225 947 250 xmv.
1378 213 1461 251 449

96 287 362 331 considerare
371 286 522 330 vellem
530 302 591 330 us.
607 288 768 346 Rogavi
779 290 904 332 etiam
916 298 964 333 ut
978 304 1105 332 manu
1118 303 1208 332 mea
1221 289 1356 333 notari
1370 306 1462 350 per-

95 358 299 412 mitteret,
319 357 470 411 fateor,
492 361 644 403 timens
663 375 716 403 ne
737 360 839 403 mihi
860 361 970 405 forte
987 376 1111 405 causa
1132 361 1341 419 exigente,
1365 377 1465 406 cum

96 430 331 487 petendum
346 439 468 482 esset,
481 445 558 489 pro
570 429 642 474 illo
656 428 772 474 aliud
785 432 1064 490 proferretur,
1078 432 1302 492 nequehoc
1312 431 1462 476 voluit.

153 503 250 545 VII.
288 501 449 546 Deinde
468 502 571 546 mihi
590 503 723 562 coepit
745 503 918 557 instare,
944 514 991 548 ut
1009 503 1062 548 ad
1084 504 1464 563 interrogationem

91 587 211 616 suam
241 572 427 617 breviter
462 574 793 633 responderem,
827 591 1024 634 quaerens
1059 591 1082 619 a
1117 591 1185 619 me
1219 591 1348 635 quem
1379 577 1466 636 jus-

92 652 184 687 tum
223 653 417 702 putarem
433 679 443 698 ,
478 660 576 688 eum
601 646 675 706 qui
695 655 1039 705 persequeretur,
1074 662 1127 689 an
1150 661 1249 690 eum
1269 647 1344 706 qui
1369 662 1465 704 per-

91 713 354 761 secutionem
391 726 624 776 pateretur.
664 717 745 762 Cui
775 717 1106 776 respondebam,
1137 733 1225 761 non
1257 727 1371 762 recte
1408 718 1466 762 ita

92 785 345 846 interrogari
370 808 378 832 :
402 789 495 832 fieri
524 790 635 834 enim
664 805 787 850 posse
818 799 867 834 ut
902 791 1030 834 ambo
1061 789 1198 849 iniqui
1233 789 1338 843 sint,
1374 787 1466 832 fieri

91 858 219 902 etiam
242 873 364 917 posse
399 869 449 904 ut
475 860 732 920 iniquiorem
761 860 915 920 justior
933 869 1227 920 persequatur.
1254 862 1350 904 Non
1369 873 1469 916 ergo

93 944 180 974 esse
213 945 497 992 consequens,
523 942 573 976 ut
604 933 701 976 ideo
730 933 782 975 sit
819 933 1001 990 quisque
1031 933 1205 990 justior,
1242 932 1343 990 quia
1370 945 1470 988 per-

93 1003 358 1045 secutionem
400 1002 591 1061 patitur,
625 1002 820 1061 quamvis
854 1001 898 1045 id
932 1000 1189 1061 plerumque
1229 1000 1467 1059 contingat.

93 1071 258 1116 Deinde
295 1087 394 1117 cum
436 1071 623 1116 viderem
671 1072 715 1115 in
743 1072 827 1116 hoc
866 1087 964 1115 eum
1005 1071 1192 1116 multum
1224 1071 1470 1125 immorari,

93 1152 140 1186 ut
175 1143 387 1201 justitiam
425 1158 513 1186 suae
554 1143 684 1201 partis
714 1157 769 1197 eir
806 1157 856 1185 eo
894 1151 1056 1186 certam
1092 1141 1222 1186 vellet
1264 1141 1469 1200 intelligi,

91 1212 190 1271 quia
214 1213 555 1272 persecutionem
586 1228 706 1271 passa
739 1212 896 1270 fuerit3
925 1213 1104 1273 quaesivi
1133 1213 1187 1257 ab
1215 1228 1288 1266 eo,
1324 1222 1471 1257 utrum

88 1284 255 1343 justum
289 1293 331 1327 et
368 1284 647 1328 christianum
683 1292 857 1343 putaret
888 1284 1138 1343 episcopum
1173 1284 1476 1329 Mediolanen-

90 1355 143 1398 sis
169 1355 359 1399 ecclesiae
381 1355 674 1400 Ambrosium.
709 1355 958 1413 Cogebatur
983 1355 1134 1415 utique
1158 1370 1328 1413 negare,
1353 1355 1474 1414 quod

89 1424 162 1470 ille
194 1427 259 1469 vir
296 1426 563 1471 Christianus
598 1436 706 1470 esset
744 1435 787 1470 et
818 1427 996 1486 justus:
1038 1427 1138 1486 quia
1175 1426 1208 1470 si
1245 1425 1470 1481 fateretur,

91 1491 235 1534 statim
260 1491 542 1552 objiceremus
564 1491 683 1551 quod
708 1507 808 1535 eum
839 1491 1197 1551 rebaptizandum
1216 1507 1304 1535 esse
1326 1505 1474 1535 cense-

92 1570 171 1605 ret.
205 1563 317 1606 Cum
341 1577 443 1621 ergo
465 1577 513 1605 ea
543 1561 665 1621 loqui
696 1570 936 1618 cogeretur,
969 1561 1128 1621 quibus
1156 1560 1229 1605 ille
1258 1576 1347 1605 non
1364 1568 1473 1604 esset

90 1630 315 1675 habendus
341 1632 609 1676 Christianus
643 1641 685 1676 et
712 1634 872 1692 justus,
900 1632 1234 1676 commemoravi
1265 1641 1472 1691 quantam

94 1703 434 1762 persecutionem
458 1701 700 1761 pertulerit,
731 1703 996 1746 circumdata
1017 1704 1145 1746 etiam
1177 1701 1385 1746 militibus
1407 1717 1474 1745 ar-

93 1773 217 1817 matis
232 1772 424 1817 ecclesia.
450 1773 636 1826 Quaesivi
654 1777 781 1816 etiam
807 1784 954 1817 utrum
973 1774 1298 1827 Maximianum,
1322 1774 1398 1833 qui
1419 1773 1473 1816 ab

94 1845 151 1888 eis
169 1843 284 1903 apud
304 1844 610 1903 Carthaginem
637 1844 820 1888 schisma
835 1844 1012 1899 fecerat,
1039 1854 1081 1888 et
1096 1846 1262 1905 justum
1276 1854 1318 1888 et
1335 1845 1472 1889 chris-

94 1915 256 1959 tianum
281 1924 466 1975 putaret.
497 1918 592 1960 Non
616 1925 783 1974 poterat
816 1916 895 1960 nisi
929 1932 1100 1975 negare.
1127 1916 1472 1961 Commemoravi

95 2000 195 2043 ergo
217 1987 344 2029 etiam
363 1986 487 2029 illurn
508 1985 634 2029 talem
658 1987 997 2045 persecutionem
1018 1987 1258 2046 pertulisse,
1272 1998 1320 2030 ut
1338 1986 1474 2031 eccle-

96 2057 153 2100 sia
172 2058 261 2116 ejus
284 2072 421 2116 usque
436 2057 489 2100 ad
512 2056 795 2102 fundamenta
818 2057 1076 2102 dirueretur.
1092 2059 1166 2102 His
1184 2058 1312 2116 igitur
1327 2074 1474 2102 exem-

98 2128 176 2187 plis
196 2130 256 2182 ei,
281 2129 313 2172 si
336 2144 525 2188 possem,
550 2129 809 2188 persuadere
830 2129 1039 2174 moliebar
1054 2165 1064 2185 ,
1089 2139 1138 2173 ut
1152 2130 1241 2190 jam
1264 2129 1477 2174 desineret

97 2197 239 2242 dicere
268 2199 574 2257 persecutionis
596 2201 912 2260 perpessionem
936 2201 1180 2245 christianae
1192 2200 1369 2259 justitiae
1383 2215 1475 2244 cer-

97 2270 308 2314 tissimum
324 2286 414 2315 esse
438 2270 765 2316 documentum.

156 2344 279 2386 VIII.
297 2344 493 2386 Narravit
512 2343 635 2386 etiam
655 2344 701 2386 in
725 2344 814 2402 ipsa
832 2344 1069 2387 schismatis
1092 2344 1282 2387 novitate
1295 2344 1474 2402 majores

99 2428 212 2468 suos,
238 2429 335 2457 cum
350 2414 589 2472 cogitarent
613 2414 783 2473 culpam
809 2415 1045 2467 Caeciliani,
1065 2430 1119 2457 ne
1140 2415 1319 2458 schisma
1335 2415 1472 2469 fieret,

100 2501 276 2545 quoquo
305 2486 435 2530 modo
457 2484 566 2529 velle
585 2485 739 2545 sopire,
766 2485 931 2530 dedisse
954 2485 1185 2545 quemdam
1206 2486 1474 2531 intervento-

102 2571 189 2600 rem
223 2558 317 2615 (35)
355 2556 516 2615 populo
546 2573 634 2601 suae
667 2557 984 2601 communionis
1018 2557 1132 2616 apud
1169 2558 1472 2616 Carthaginem

312 2627 440 2657 chv.
1213 2618 1264 2656 29
