1790 3187
333 192 418 231 336
747 204 780 232 s.
817 203 1049 233 Auctis-rim
1082 206 1264 234 EPISCOPI

344 331 1716 352 mmmmmmmmwmmmmmmmm
1766 344 1767 349 κ
1783 342 1785 351 ι

722 441 1048 489 EPISTULA
1085 443 1277 490 Axvll
1299 434 1331 488 ¹.

329 575 462 606 Domino
483 585 561 606 vere
587 577 695 605 sancto
715 578 748 606 et
770 574 957 613 venerabili,
984 578 1017 608 et
1041 575 1156 607 eximia
1173 574 1204 606 in
1229 574 1352 608 Christo
1378 574 1471 607 laude
1498 575 1718 618 praedicando,

511 629 604 662 fratri
629 629 834 662 PAULINO
858 631 1150 664 AUGUSTINUS
1172 630 1204 662 in
1229 631 1362 665 Domino
1382 630 1530 663 salutem.

327 746 626 809 Augustinus
658 747 900 804 Paulino,
938 748 1233 809 amplectens
1270 748 1395 794 illius
1438 747 1718 794 benevolen—

387 819 506 862 tiam
519 854 533 874 ,
559 828 604 863 et
622 829 836 864 ηῑιιιιιιιιη
857 818 1117 865 declarans
1139 835 1382 865 amorem:
1403 818 1637 864 nonnulla
1659 818 1721 864 de
1765 843 1766 846 ¹
1786 840 1787 847 ¹

386 888 696 934 Romaniano
729 900 774 934 et
795 889 976 950 Alypio
990 926 1001 945 ‚
1026 906 1215 935 necnon
1238 888 1298 935 cle
1320 889 1559 946 Licentio,
1583 889 1719 951 cujus

386 960 523 1004 oetatc‘
530 959 791 1016 metuebat,
808 977 867 1005 ne
882 970 1100 1022 vergeret
1117 960 1257 1006 adea
1275 976 1380 1018 quse
1402 970 1513 1006 sunt
1531 958 1713 1006 mundi.

385 1097 419 1138 I.
456 1096 494 1138 Ο
527 1112 635 1139 nomn
657 1094 722 1138 vir
746 1104 789 1139 et
821 1096 935 1139 bone
957 1095 1090 1139 frater
1106 1130 1118 1149 ‚
1144 1095 1309 1139 latebas
1329 1096 1516 1139 animam
1540 1110 1680 1138 meam
1705 1112 1715 1139 2

325 1173 368 1207 et
396 1164 435 1207 ei
460 1163 560 1208 dico
590 1174 638 1208 ut
666 1164 848 1218 toleret,
873 1164 993 1224 quod
1020 1165 1164 1208 adhuc
1186 1164 1292 1208 lates
1310 1165 1459 1208 oculos
1493 1180 1610 1207 meos
1628 1198 1641 1220 ,
1676 1172 1720 1208 et

324 1235 391 1278 vix
406 1235 510 1277 mihi
527 1235 823 1293 obtemperat3
840 1235 927 1278 imo
942 1250 1028 1277 non
1045 1235 1338 1294 obtemperat:
1355 1251 1409 1279 an
1422 1250 1524 1278 vero
1539 1234 1720 1278 tolerat?

323 1307 412 1350 Cur
427 1321 529 1363 ergo
545 1321 612 1348 me
625 1305 839 1349 excruciat
854 1304 1116 1348 desiderium
1141 1306 1202 1349 tui
1216 1307 1331 1364 apud
1345 1306 1478 1364 ipsam
1496 1306 1614 1348 intus
1632 1304 1718 1347 ani-

323 1391 435 1419 mam
452 1378 588 1420 1³Nam
603 1377 634 1420 si
651 1375 865 1419 molestias
883 1377 1074 1434 eorporis
1090 1386 1275 1434 paterer,
1293 1376 1371 1419 etsi
1388 1392 1475 1419 non
1493 1375 1717 1434 perturba·
1758 1374 1760 1418 ἶ

323 1447 681 1506 rentaequitatem
696 1446 826 1489 animi
845 1447 944 1500 mei,
962 1445 1180 1490 recteiilas
1196 1447 1378 1490 tolerare
1393 1447 1558 1490 dicerer
1583 1465 1592 1490 :
1614 1460 1716 1489 cum

323 1527 467 1561 autem
479 1534 563 1561 non
575 1533 702 1575 aequo
714 1517 858 1559 animo
873 1516 980 1569 fero,
999 1516 1117 1576 quod
1132 1527 1171 1559 te
1181 1532 1268 1559 nou
1281 1518 1426 1570 video,
1444 1516 1717 1561 intolerabile

323 1597 386 1632 est
400 1587 522 1631 istam
539 1586 756 1646 appellare
775 1585 1063 1630 tolerantiam.
1083 1586 1166 1630 Sed
1184 1587 1360 1646 quando
1377 1596 1423 1630 tu
1439 1587 1533 1630 talis
1548 1602 1607 1641 cs,
1624 1600 1714 1630 esse

322 1659 412 1702 sine
438 1668 476 1702 te
503 1658 682 1703 fortasse
705 1657 1019 1701 intolerabilius
1051 1657 1321 1701 toleraretur.
1355 1661 1471 1701 Bene
1494 1668 1557 1701 est
1582 1672 1710 1714 erg0‚

322 1731 422 1788 quia
437 1745 566 1788 aequo
589 1729 732 1772 :inimo
755 1727 867 1771 ferre
888 1744 975 1771 non
998 1743 1172 1786 possum
1188 1763 1199 1783 ,
1219 1728 1340 1788 quod
1362 1729 1395 1772 si
1417 1744 1544 1787 aequo
1566 1729 1712 1772 animo

322 1798 479 1842 ferrem
504 1834 514 1851 .,
549 1815 677 1859 aequo
705 1799 850 1842 animo
886 1798 1092 1841 ferendus
1120 1814 1208 1841 non
1240 1814 1390 1842 essem.
1421 1802 1584 1843 Mirum
1615 1807 1708 1852 est,

320 1871 397 1914 sed
430 1880 576 1914 tamen
603 1886 783 1923 verum,
821 1868 943 1929 quod
977 1869 1083 1912 mihi
1112 1868 1269 1913 accidit
1297 1888 1306 1913 ε
1341 1868 1470 1913 doleo
1511 1868 1629 1928 quod
1669 1877 1715 1912 te

322 1955 410 1984 non
441 1941 592 1994 video,
630 1949 673 1984 et
705 1955 773 1984 me
801 1941 890 1997 ipse
919 1939 1166 1984 consolatur
1195 1939 1335 1983 dolor.
1377 1943 1442 1984 Ita
1479 1941 1584 1983 mihi
1623 1938 1713 1983 dis-

321 2009 452 2069 plicet
487 2009 703 2054 fortitudo
726 2044 737 2063 ‚
783 2026 868 2068 qua
911 2010 1123 2067 patienter
1160 2008 1298 2052 fertur
1334 2009 1527 2052 absentia
1571 2008 1712 2052 bono-

321 2096 416 2123 rum
453 2081 578 2124 sicuti
604 2096 661 2124 es.
702 2083 810 2124 Nam
846 2088 889 2123 et
917 2076 1154 2123 Jerusalem
1187 2080 1380 2123 futuram
1415 2079 1710 2124 desideramus

320 2151 495 2209 utique,
519 2160 561 2194 et
584 2159 749 2209 quanto
770 2150 1064 2207 impatientius
1086 2148 1380 2193 desideramus
1398 2150 1532 2209 ipsam
1549 2184 1562 2203 ,
1588 2158 1710 2194 tanto

320 2221 553 2279 patientius
585 2220 846 2264 sustinemus
870 2220 1012 2263 omnia
1046 2229 1220 2277 propter
1250 2220 1400 2278 ipsam.
1439 2220 1543 2273 Quis
1577 2220 1709 2279 igitur

318 2300 460 2350 potest
488 2307 576 2334 non
613 2290 802 2349 gaudere
835 2299 876 2333 te
907 2290 1025 2341 viso,
1062 2299 1111 2332 ut
1146 2290 1279 2348 possit
1309 2289 1507 2350 quandiu
1541 2301 1583 2334 te
1618 2305 1709 2334 non

317 2362 436 2406 videt
453 2397 463 2415 ‚
487 2377 575 2406 non
598 2362 744 2405 dolere
759 2363 775 2402 ἱ)
793 2364 909 2419 Ergo
930 2374 1135 2404 neutrum
1156 2376 1330 2420 possum
1347 2396 1358 2416 ‚
1384 2370 1427 2405 et
1444 2361 1650 2421 quoniam
1672 2361 1710 2406 si

367 2482 375 2499 ¹
400 2475 482 2508 Alias
499 2486 591 2507 xxxii.
617 2484 687 2516 quae
703 2479 811 2507 autem
834 2484 917 2506 xxvii
935 2478 1025 2514 erat,
1044 2483 1128 2506 nunc
1142 2484 1229 2506 cuv.
1244 2491 1286 2496 ·—
1297 2475 1421 2517 Scripta
1436 2475 1521 2507 circa
1544 2474 1705 2506 ineuntem

317 2541 435 2565 annum
450 2531 526 2575 395.
