1790 3187
3 2588 7 2620 l

323 229 377 258 nn
409 228 597 257 mvnnffls
629 229 785 265 QUAEST.
822 229 971 257 ocroc.
1008 228 1172 256 Tamus.
1387 217 1440 256 25

62 295 460 361 praestantissimum
482 293 592 338 illud
610 303 652 338 et
675 294 850 338 unicum
874 292 1119 353 exemplum
1137 292 1353 337 Dominici
1368 292 1444 338 ho-

61 371 186 415 minis
203 364 537 428 proponendum
559 375 622 408 est
640 399 650 419 ,
672 365 745 424 qui
763 380 863 408 cum
883 380 929 409 se
948 373 1013 409 tot
1034 363 1250 408 miraculis
1275 372 1444 408 tantum

61 456 202 486 rerum
226 446 481 498 potestatem
513 436 674 479 habere
704 445 984 490 monstraret,
1015 444 1058 479 et
1085 450 1133 478 ea
1160 435 1320 493 sprevit
1347 451 1446 494 quae

64 526 216 571 magna
234 511 369 564 bona,
393 517 435 551 et
455 524 502 552 ea
520 507 724 551 sustinuit
741 522 840 567 quae
861 521 1015 566 magna
1031 505 1145 550 mala
1167 506 1354 565 imperiti
1368 521 1447 565 pu-

64 590 155 627 tant
174 601 182 626 z
200 596 307 640 quos
324 594 463 623 mores
479 587 522 623 et
536 577 804 636 disciplinam
818 613 828 633 ,
846 592 900 621 ne
917 586 1036 621 tanto
1053 575 1199 620 minus
1213 577 1445 636 quisquam

61 651 233 712 aggredi
254 652 433 705 audeat,
458 658 623 709 quanto
651 648 762 692 illud
785 649 920 707 magis
943 649 1150 702 honorat,
1175 655 1218 691 et
1235 647 1291 691 de
1314 646 1446 706 polli-

60 722 333 768 citationibus
347 729 477 780 atque
489 719 807 763 hortationibus
819 719 856 778 ej
865 733 928 772 uS,
942 728 984 762 et
995 718 1049 762 de
1062 718 1325 762 imitantium
1335 717 1447 761 mul-

61 793 246 838 titudine
262 791 582 851 Apostolorum,
599 793 861 848 Martyrum,
882 791 1228 848 Sanctorumque
1244 789 1448 832 innume-

62 864 279 918 rabilium,
299 878 429 923 quam
446 877 533 905 non
556 860 725 904 sintilla
738 859 1005 919 desperanda
1028 858 1347 904 ostendendum
1365 868 1444 903 est.

119 936 178 978 30.
215 938 271 978 At
294 934 370 977 ubi
387 933 551 976 fuerint
568 931 808 976 carnalium
838 930 1114 991 voluptatum
1138 929 1355 974 illecebrae
1373 945 1448 974 su-

59 1014 241 1065 peratae,
268 1004 514 1048 cavendum
537 1011 599 1046 est
621 1017 677 1046 ne
703 1002 909 1061 subrepat
937 1011 1067 1061 atque
1092 1001 1296 1045 succedat
1325 1002 1450 1060 cupi-

58 1076 167 1119 ditas
190 1072 391 1134 placendi
423 1072 673 1117 hominibus
702 1081 776 1116 aut
799 1087 875 1131 per
901 1071 1044 1131 aliqua
1068 1070 1182 1115 facta
1205 1070 1417 1115 mirabilia
1436 1107 1446 1126 ,

60 1156 133 1191 aut
166 1161 242 1204 per
270 1144 490 1189 difficilem
514 1144 827 1189 continentiam
856 1144 944 1188 sive
965 1142 1218 1203 patientiam
1237 1177 1248 1197 ,
1276 1150 1350 1186 aut
1374 1157 1451 1201 per

61 1216 248 1275 aliquam
272 1215 560 1274 largitionem,
584 1224 658 1259 aut
676 1215 852 1259 nomine
875 1214 1064 1258 scientiae
1078 1213 1148 1257 vel
1164 1213 1449 1272 eloquentiae3

60 1287 105 1329 in
128 1302 179 1330 eo
198 1301 352 1344 genere
381 1294 443 1329 est
466 1294 508 1329 et
534 1284 747 1343 cupiditas
772 1285 962 1329 honoris.
992 1285 1153 1328 Contra
1182 1299 1283 1342 quae
1305 1283 1451 1326 omnia

62 1355 339 1415 proferantur
357 1372 426 1410 ea,
453 1371 551 1415 quae
565 1356 723 1414 scripta
738 1364 838 1399 sunt
855 1353 909 1398 de
923 1353 1054 1398 laude
1071 1353 1290 1396 charitatis
1303 1387 1314 1408 ,
1338 1361 1381 1396 et
1397 1352 1452 1397 de

63 1427 505 1486 inanitatejactantiae
527 1444 536 1470 z
562 1425 857 1484 doceaturque
880 1440 1008 1484 quam
1034 1424 1086 1468 sit
1111 1423 1369 1483 pudendum
1392 1424 1452 1467 eis

61 1497 229 1557 placere
243 1496 382 1551 velle,
402 1512 511 1556 quos
534 1496 643 1541 nolis
660 1497 832 1541 imitari.
856 1499 945 1540 Aut
960 1496 1076 1539 enirn
1095 1495 1200 1539 boni
1217 1510 1307 1540 non
1329 1504 1449 1550 sunt,

60 1577 102 1612 et
124 1568 232 1611 nihil
249 1582 458 1626 magnum
474 1576 536 1611 est
557 1584 578 1612 a
600 1567 722 1612 malis
744 1568 912 1612 laudari
935 1588 942 1611 :
965 1576 1039 1611 aut
1056 1567 1160 1611 boni
1178 1575 1300 1621 sunt,
1320 1575 1363 1610 et
1380 1581 1453 1611 eos

62 1647 232 1698 oportet
254 1639 427 1683 imitari.
456 1639 540 1684 Sed
562 1640 636 1699 qui
658 1639 761 1683 boni
777 1648 901 1692 sunt,
922 1640 1084 1684 virtute
1102 1639 1207 1682 boni
1223 1646 1325 1682 sunt
1345 1657 1353 1682 :
1370 1638 1455 1682 vir-

62 1719 129 1753 tus
151 1718 295 1754 autem
317 1724 407 1754 non
430 1710 595 1768 appetit
621 1711 741 1770 quod
771 1710 817 1753 in
843 1709 1027 1754 aliorum
1050 1708 1280 1752 hominum
1306 1718 1455 1767 potes-

62 1789 148 1824 tate
170 1789 246 1824 est.
268 1781 353 1834 Qui
370 1795 474 1839 ergo
495 1781 689 1824 imitatur
711 1781 849 1824 bonos
867 1815 877 1835 ,
899 1779 1061 1824 nullius
1078 1779 1266 1823 hominis
1289 1780 1455 1838 appetit

62 1850 237 1895 laudem
265 1870 274 1896 ฮน
299 1851 374 1910 qui
401 1850 558 1905 malos,
585 1866 672 1894 non
695 1852 852 1910 dignus
875 1860 937 1895 est
959 1851 1103 1894 laude.
1134 1851 1176 1894 Si
1200 1859 1346 1894 autem
1367 1850 1455 1908 pla-

63 1936 158 1966 cere
192 1921 442 1966 hominibus
474 1920 573 1965 ideo
601 1922 663 1965 vis
689 1956 699 1975 ,
740 1930 788 1965 ut
819 1922 878 1965 eis
915 1921 1051 1980 prosis
1087 1920 1142 1964 ad
1178 1919 1453 1979 diligendum

66 1996 226 2049 Deum,
250 2006 339 2036 non
354 1992 446 2051 jam
473 1991 577 2047 hoc,
603 1990 679 2035 sed
702 1991 819 2035 aliud
843 1993 981 2052 cupis.
1008 1992 1094 2045 Qui
1117 2000 1262 2035 autem
1284 1991 1456 2050 placere

66 2064 212 2122 cupit,
239 2063 527 2107 necessarium
550 2061 700 2106 *adhuc
729 2063 863 2107 habet
893 2063 1090 2107 timorem
1121 2081 1129 2107 :
1157 2062 1375 2122 primum,
1401 2077 1456 2106 ne

67 2134 236 2178 occulte
252 2134 473 2194 peccando
493 2135 606 2178 inter
629 2135 876 2194 hypocritas
902 2151 924 2179 a
947 2134 1134 2179 Domino
1157 2142 1453 2192 computetur,

0 2214 1 2228 ยน
69 2204 246 2260 deinde,
272 2206 306 2249 si
328 2203 564 2250 benefactis
586 2205 756 2264 placere
784 2206 964 2265 appetit,
996 2221 1051 2250 ne
1074 2206 1186 2249 hanc
1208 2204 1453 2249 mercedem

70 2290 289 2335 aucupans
311 2275 465 2335 perdat
481 2275 602 2336 quod
619 2277 801 2321 daturus
821 2286 883 2321 est
900 2279 1028 2321 Deus.

128 2349 188 2391 40.
227 2346 310 2392 Sed
339 2347 505 2392 devicta
535 2348 613 2392 ista
645 2347 903 2408 cupiditate,
931 2346 1123 2393 cavenda
1151 2346 1352 2406 superbia
1375 2355 1453 2392 est.

2 2476 5 2483 ,
69 2416 253 2460 Difficile
268 2426 331 2462 est
345 2417 460 2461 enim
478 2426 528 2462 ut
542 2416 748 2476 dignetur
765 2418 1003 2464 consociari
1020 2417 1290 2473 hominibus,
1308 2417 1384 2476 qui
1399 2418 1458 2461 eis

70 2487 237 2546 placere
253 2489 342 2548 J'am
359 2504 447 2533 non
470 2488 710 2545 desiderat,
736 2499 777 2534 et
801 2489 975 2549 plenum
997 2504 1040 2532 se
1055 2487 1290 2533 virtutibus
1313 2495 1453 2547 putat.

74 2559 223 2618 Itaque
252 2559 396 2604 adhuc
418 2561 680 2604 necessarius
704 2569 766 2605 est
789 2561 940 2614 timor,
973 2574 1027 2603 ne
1050 2557 1162 2603 illud
1183 2559 1311 2602 etiam
1338 2555 1456 2616 quod
