1790 3187
279 191 363 231 446
717 203 750 228 s.
787 200 1018 229 Auens-nm
1050 200 1230 229 13121300121

275 266 464 321 dicebat,
502 264 736 325 praedicare
764 264 969 324 dignatus
1003 273 1067 310 est
1095 283 1103 310 :
1150 264 1390 324 adjungens
1425 278 1468 308 se
1503 263 1657 309 dixisse

274 339 414 394 vobis,
436 353 514 383 nos
536 338 697 392 omnia,
716 352 816 396 quae
847 336 902 381 de
924 337 1047 382 nobis
1069 336 1359 392 insinuaratiS,
1378 336 1490 379 bene
1515 336 1657 380 facere

276 409 486 469 potuisse,
511 408 604 454 siin
623 407 813 451 Ecclesia
833 406 1088 452 faceremus.
1115 407 1280 452 Deinde
1301 422 1494 467 quaerere
1515 406 1656 466 coepi-

276 493 600 539 mus,quaenam
622 477 697 521 illa
718 486 827 521 esset
848 477 1055 532 Ecclesia,
1074 478 1151 522 ubi
1169 479 1314 523 vivere
1335 479 1395 522 sic
1417 485 1653 537 oporteret,

275 559 423 595 utrum
439 550 511 594 illa
528 564 643 607 quae,
664 548 774 593 sicut
790 557 935 592 sancta
955 557 1078 593 tanto
1096 558 1196 593 ante
1213 549 1433 608 Scriptura
1451 547 1657 607 praedixe-

274 629 356 675 rat,
376 636 419 664 se
440 629 652 665 terrarum
676 619 781 664 orbe
804 618 1089 674 diffunderet,
1115 634 1169 663 an
1192 619 1265 662 illa
1287 633 1421 678 quam
1443 632 1541 677 pars
1576 616 1660 661 exi-

274 706 357 749 gua
369 691 440 736 vel
450 690 657 735 Afrorum
680 689 747 735 vel
760 689 918 734 Africae
939 691 1196 735 contineret.
1219 689 1299 734 Hic
1317 689 1456 748 primo
1471 701 1657 733 asserere

273 772 454 807 conatus
486 771 565 818 est,
598 762 763 822 ubique
785 771 998 806 terrarum
1028 777 1117 806 esse
1138 761 1490 806 communionem
1518 773 1656 803 suam.

273 834 532 887 Quaerebam
553 842 702 877 utrum
723 832 924 892 epistolas
939 832 1363 888 communicatorias,
1381 846 1487 892 quas
1499 829 1662 874 forma-

273 914 337 948 tas
359 904 541 948 dicimus
569 906 674 962 (33),
701 913 844 963 posset
873 919 962 964 quo
983 903 1141 948 vellem
1174 902 1292 958 dare,
1325 911 1368 946 ct
1390 901 1662 946 affirmabam

273 977 393 1035 quod
416 973 696 1020 manifestum
718 984 809 1019 erat
824 975 1043 1030 omnibus,
1062 976 1145 1019 hoc
1162 975 1294 1019 modo
1315 972 1521 1018 facillime
1542 970 1662 1015 illam

274 1047 498 1091 terminari
532 1061 653 1104 posse
682 1047 983 1105 quaestionem.
1014 1047 1223 1090 Parabam
1248 1055 1416 1100 autem,
1438 1053 1488 1089 ut
1505 1043 1540 1088 si
1554 1058 1662 1087 con·

274 1117 472 1170 sentiret,
499 1116 553 1159 ad
584 1115 678 1160 illas
706 1116 904 1160 ecclesias
927 1131 949 1159 a
970 1115 1096 1160 nobis
1120 1115 1225 1160 tales
1259 1115 1416 1159 litterae
1438 1114 1663 1157 mitteren-

274 1196 362 1241 tur,
389 1201 496 1245 quas
523 1187 569 1229 in
601 1185 846 1244 apostolicis
879 1185 1211 1230 auctoritatibus
1241 1184 1401 1245 pariter
1421 1183 1664 1243 legeremus

273 1256 349 1301 illo
365 1258 455 1315 jam
474 1266 668 1316 tempore
682 1255 811 1300 fuisse
834 1255 1053 1300 fundatas.

334 1331 409 1372 IV.
439 1327 522 1373 Sed
540 1328 642 1387 quia
664 1343 728 1371 res
747 1336 894 1385 aperte
914 1326 1023 1372 falsa
1045 1335 1151 1381 erat,
1177 1325 1398 1385 permixtis
1413 1324 1556 1370 verbis
1577 1323 1665 1368 cito

274 1398 378 1442 inde
403 1400 639 1443 discessum
677 1408 755 1454 est,
786 1399 900 1442 inter
921 1415 1020 1458 quae
1053 1398 1187 1443 verba
1215 1396 1506 1456 evangelicam
1545 1395 1664 1439 illam

275 1469 449 1513 Domini
467 1468 810 1514 admonitionem
829 1469 1202 1524 commemoravit,
1218 1484 1303 1528 qua
1324 1468 1432 1512 dixit
1445 1485 1484 1512 2«
1504 1469 1664 1511 Cavete

277 1556 297 1580 »
322 1555 345 1583 a
367 1539 814 1598 pseudo—prophetis,
851 1539 978 1583 multi
1012 1538 1066 1582 ad
1104 1555 1179 1583 vos
1220 1539 1397 1583 venient
1430 1538 1475 1581 in
1507 1536 1665 1581 vestitu

281 1629 298 1650 »
325 1610 502 1663 ovium,
526 1610 643 1653 intus
679 1618 825 1653 autem
858 1617 960 1653 sunt
995 1609 1089 1668 lupi
1119 1623 1292 1667 rapaces
1319 1627 1328 1653 :
1359 1624 1408 1651 ex
1447 1607 1664 1651 fructibus

279 1698 296 1720 »
323 1693 475 1723 eorum
496 1679 761 1736 cognoscetis
786 1694 858 1723 eos
874 1681 1063 1731 1.»Quae
1085 1679 1214 1723 verba
1236 1677 1410 1722 Domini
1427 1691 1527 1721 cum
1550 1676 1666 1720 dice-

274 1764 418 1793 remus
438 1748 591 1793 eadem
613 1748 667 1792 de
696 1748 778 1793 illis
801 1765 823 1793 a
846 1749 970 1793 nobis
991 1763 1114 1808 posse
1146 1748 1338 1803 recitari,
1365 1756 1544 1792 ventum
1561 1746 1664 1790 inde

274 1829 338 1864 est
375 1819 430 1864 ad
467 1821 838 1878 exaggerationem
873 1820 1200 1879 persecutionis,
1238 1834 1370 1879 quam
1400 1834 1514 1878 saepe
1540 1831 1662 1862 suam

276 1899 440 1949 partem
456 1891 681 1949 pertulisse
702 1891 874 1935 dicebat
897 1912 908 1949 3
928 1892 1030 1936 hine
1049 1890 1198 1936 volens
1216 1890 1444 1935 ostendere
1458 1905 1557 1934 suos
1574 1903 1664 1932 esse

274 1961 542 2005 Christianos
560 1995 572 2016 ,
598 1962 698 2020 quia
728 1962 1073 2019 persecutionem
1109 1970 1375 2019 paterentur.
1413 1964 1531 2005 Inter
1563 1973 1663 2018 quae

273 2031 405 2075 verba
434 2046 534 2075 eum
564 2046 666 2088 ergo
698 2046 896 2088 pararem
916 2047 966 2075 ex
990 2031 1226 2089 Evangelio
1249 2030 1533 2090 respondere,
1560 2027 1662 2072 inde

275 2101 520 2160 capitulum
541 2103 897 2146 commemoravit
918 2102 1049 2160 prior,
1075 2102 1155 2145 Ubi
1175 2103 1383 2146 Dominus
1407 2101 1466 2146 ait
1483 2121 1493 2159 3
1509 2100 1661 2144 «Beati

277 2189 297 2213 »
325 2172 400 2232 qui
435 2173 779 2231 persecutionem
803 2173 1031 2230 patiuntur
1061 2181 1238 2231 propter
1263 2172 1474 2232 justitiam
1507 2192 1518 2230 3
1549 2186 1662 2231 quo·

277 2260 297 2284 »
327 2243 444 2286 niam
474 2243 666 2302 ipsorum
686 2251 749 2287 est
770 2258 954 2301 regnum
986 2243 1197 2287 coelorum
1221 2246 1252 2286 ².
1283 2261 1303 2284 »
1332 2245 1429 2296 Quo
1450 2242 1548 2287 loco
1580 2256 1661 2300 ego

277 2313 530 2371 gratulatus,
548 2314 711 2373 subjeci
730 2314 873 2358 statim
892 2313 936 2357 id
952 2329 1052 2371 ergo
1070 2329 1159 2357 esse
1179 2314 1483 2372 quaerendum,
1513 2321 1661 2357 utrum

274 2384 336 2427 illi
360 2385 704 2442 persecutionem
727 2394 904 2444 propter
920 2385 1129 2444 justitiam
1153 2384 1263 2443 passi
1285 2384 1463 2429 fuerint.
1493 2386 1542 2427 In
1574 2397 1661 2443 qua

275 2456 515 2515 quaestione
537 2455 694 2500 discuti
717 2456 961 2515 cupiebam,
987 2456 1107 2516 quod
1131 2455 1310 2516 quidem
1344 2455 1547 2500 omnibus
1566 2453 1658 2498 cla-

324 2546 333 2564 ¹
353 2540 467 2574 Matth.
489 2552 547 2582 vn,
571 2540 621 2574 15.
639 2557 678 2566 -·-
693 2542 773 2574 21d.
798 2552 833 2582 v,
855 2549 904 2574 10.
