1790 3187
566 255 764 286 nmsroLA
798 257 923 286 me.
1356 244 1437 285 431

112 323 215 367 XII.
229 321 313 368 Sed
335 329 481 366 tamen
495 322 581 378 isti,
602 323 678 383 qui
699 322 801 367 licet
821 323 1084 378 absentium,
1104 329 1147 366 et
1161 335 1443 383 nequaquam

46 394 261 454 judicium
283 392 592 449 deserentium,
613 394 714 454 quia
737 409 965 454 nunquam
983 393 1218 438 adsuerunt
1234 428 1244 448 ,
1266 403 1309 438 et
1329 409 1442 438 sem-

51 479 129 526 per
148 465 229 509 sibi
258 480 447 510 cuneum
476 464 603 509 illum
625 474 872 525 suspectum
896 479 987 510 esse
1009 465 1357 520 declaraverunt,
1380 474 1444 508 ta-

50 547 151 580 men
168 536 341 595 cognita
355 536 537 581 crimina
556 551 599 580 se
624 536 852 581 damnasse
874 536 1043 593 dicunt,
1068 548 1218 598 quaeso
1233 551 1326 590 vos,
1350 533 1442 580 fra-

49 606 104 650 tri
127 607 228 662 mei,
253 606 476 667 quomodo
507 610 841 667 cognoverunt?
864 607 1170 668 Respondetis,
1198 606 1439 661 Nescimus,

47 676 406 738 quandoquidem
429 679 519 738 ipsa
554 679 746 738 cognitio
775 679 820 723 in
850 679 934 723 illis
957 679 1097 724 Gestis
1119 678 1330 738 explicata
1353 692 1444 722 non

46 755 125 791 est.
156 748 238 793 Sed
260 763 340 808 ego
359 750 483 794 vobis
505 750 749 806 ostendam,
774 750 999 810 quomodo
1020 759 1336 809 cognoverunt.
1364 752 1445 794 At-

46 817 213 862 tendite
235 833 409 864 causam
432 820 580 865 Felicis
599 821 904 881 Aptungitani,
931 831 974 866 et
996 822 1137 881 primo
1159 821 1290 879 legite
1311 833 1443 880 quam

44 888 393 935 vehementiores
411 891 456 935 in
474 906 574 935 eum
590 889 611 935 f
612 901 784 936 uerunt.
800 892 868 937 Sic
883 907 986 951 ergo
1003 901 1047 936 et
1063 900 1321 935 caeterorum
1336 897 1443 933 cau-

43 973 134 1004 sam
150 971 377 1017 noverant,
399 963 508 1007 sicut
529 964 661 1022 hujus
683 964 758 1022 qui
776 971 924 1022 postea
938 962 1318 1006 innocentissimus
1341 959 1444 1004 dili-

44 1031 163 1089 genti
190 1040 233 1076 et
259 1031 442 1076 terribili
466 1032 749 1093 inquisitione
771 1033 978 1093 probatus
1001 1035 1272 1086 est.Quanto
1293 1033 1444 1091 itaque

36 1101 194 1161 justius
217 1111 261 1147 et
277 1104 413 1148 tutius
436 1112 479 1149 et
499 1104 626 1149 citius
646 1104 904 1149 innocentes
933 1119 1006 1148 eos
1038 1104 1283 1148 existimare
1305 1102 1444 1146 debe-

43 1186 162 1227 mus,
192 1189 382 1234 quorum
419 1176 601 1220 crimina
642 1175 695 1219 ab
728 1175 816 1220 istis
845 1174 985 1220 levius
1015 1184 1213 1220 accusata
1251 1183 1369 1229 sunt,
1401 1180 1445 1217 et

42 1244 238 1301 parciore
268 1246 603 1304 reprehensione
639 1244 845 1290 damnata
865 1281 876 1301 ,
911 1246 1088 1305 quando
1129 1244 1200 1289 ille
1239 1245 1444 1290 inventus

42 1322 106 1359 est
126 1314 351 1372 innocens,
376 1317 422 1361 in
443 1333 574 1377 quem
595 1318 734 1362 multo
757 1318 988 1362 immanius
1011 1317 1260 1361 saevierunt.

100 1387 225 1430 XIII.
253 1389 322 1431 An
354 1386 467 1432 forte
497 1389 607 1433 sicut
642 1387 821 1447 quidam
849 1387 974 1444 dixit,
1000 1386 1120 1448 quod
1143 1386 1319 1446 quidem
1339 1400 1441 1430 cum

41 1454 166 1500 vobis
198 1456 432 1513 diceretur,
457 1457 680 1518 displicuit
701 1479 712 1516 3
748 1458 823 1502 sed
847 1468 993 1502 tamen
1016 1456 1443 1518 praetermittendum

43 1540 131 1570 non
149 1535 239 1573 est:
264 1528 323 1571 ait
345 1529 461 1572 enim
483 1529 680 1588 quidam,
708 1531 805 1575 Non
833 1528 988 1573 debuit
1005 1530 1234 1588 episcopus
1252 1542 1444 1586 procon-

43 1595 175 1641 sulari
195 1596 362 1658 judicio
385 1599 559 1658 purgari
585 1618 594 1643 :
629 1599 753 1658 quasi
769 1613 875 1643 vero
896 1600 987 1658 ipse
1015 1598 1094 1642 sibi
1113 1599 1197 1642 hoc
1215 1611 1443 1656 compara-

43 1666 170 1722 verit,
188 1683 237 1712 ac
254 1682 344 1713 non
362 1671 605 1729 Imperator
621 1670 678 1713 ita
695 1669 832 1729 quaeri
845 1669 1042 1728 jusserit3
1064 1669 1117 1712 ad
1132 1669 1257 1727 cujus
1272 1682 1441 1721 curam,

43 1736 99 1782 de
115 1753 202 1797 qua
220 1741 433 1783 rationem
451 1743 541 1784 Deo
557 1739 808 1784 redditurus
830 1748 956 1794 esset,
977 1754 1042 1782 res
1055 1739 1128 1783 illa
1151 1739 1335 1782 maxime
1352 1752 1445 1796 per-

45 1807 226 1853 tinebat.
254 1809 483 1853 Arbitrum
522 1811 638 1853 enim
662 1818 705 1853 et
723 1809 918 1869 judicem
951 1824 1094 1854 causae
1130 1809 1373 1853 traditionis
1401 1816 1445 1851 et

44 1878 285 1922 schismatis
319 1878 381 1922 illi
419 1895 519 1923 eum
548 1879 760 1934 fecerant,
798 1880 875 1939 qui
898 1878 954 1924 ad
993 1895 1093 1923 eum
1133 1881 1262 1923 etiam
1296 1893 1446 1939 preces

44 1949 266 2004 miserant,
288 1949 342 1993 ad
364 1965 496 2010 quem
520 1959 667 2009 postea
688 1959 984 2009 provocarunt
1009 1970 1020 2007 3
1051 1958 1093 1993 et
1115 1959 1261 1993 tamen
1278 1949 1445 2009 judicio

45 2019 136 2079 ejus
152 2020 427 2080 acquiescere
449 2020 703 2064 noluerunt.
722 2024 878 2081 Itaque
897 2021 931 2064 si
953 2020 1200 2079 culpandus
1214 2030 1294 2073 est,
1314 2033 1445 2079 quem

0 2139 2 2143 y
40 2089 176 2149 judex
192 2100 385 2135 terrenus
399 2091 603 2146 absolvit,
622 2091 829 2150 cumipse
850 2091 931 2135 sibi
947 2091 1032 2135 hoc
1046 2104 1135 2134 non·
1151 2090 1415 2150 poposcisset
1432 2107 1441 2133 :

0 2185 2 2214 ς
45 2170 211 2219 quanto
245 2163 380 2221 magis
414 2161 622 2221 culpandi
651 2171 770 2216 sunt,
810 2161 887 2221 qui
924 2171 1145 2205 terrenum
1175 2175 1319 2218 regem
1354 2175 1443 2203 suae

0 2242 4 2284 ἰ
45 2245 186 2277 causae
201 2233 393 2293 judicem
418 2249 507 2278 esse
527 2233 796 2279 voluerunt?
819 2233 862 2277 Si
886 2241 1033 2276 autem
1056 2232 1246 2276 criminis
1266 2247 1357 2276 non
1379 2239 1444 2274 est

0 2326 5 2356 ς
47 2313 282 2362 provocare
312 2303 367 2348 ad
399 2307 736 2363 Imperatorem,
765 2319 858 2348 non
894 2312 958 2347 est
990 2303 1182 2347 criminis
1209 2301 1349 2346 audiri
1389 2302 1444 2345 ab

0 2390 7 2427 t
48 2375 331 2434 Imperatore.
353 2378 468 2434 Ergo
483 2391 563 2419 nec
585 2376 639 2419 ab
662 2376 755 2431 illo,
776 2376 846 2420 cui
869 2391 1042 2419 causam
1064 2374 1328 2434 delegaverit
1353 2377 1444 2418 Im-

0 2482 7 2490 .
46 2449 233 2502 perator.
258 2445 506 2499 Quemdam
530 2446 660 2490 etiam
689 2461 947 2506 suspensum
970 2444 1121 2490 eculeo
1148 2446 1194 2489 in
1216 2461 1342 2490 causa
1366 2451 1446 2488 Fe-

36 2511 139 2559 ‘licis
166 2516 357 2576 episcopi
384 2517 548 2561 amicus
570 2516 645 2561 ille
673 2516 813 2562 voluit
842 2516 1089 2573 criminari,
1119 2526 1168 2561 ut
1189 2517 1288 2577 quis
1315 2516 1444 2560 etiam

48 2585 225 2645 ungulis
240 2597 482 2633 vexaretur.
501 2587 727 2648 Numquid
743 2595 912 2647 poterat
925 2586 1046 2632 Felix
1059 2587 1371 2642 contradicere,
1390 2600 1445 2631 ne
