1790 3187
617 175 815 205 EPISTOLA
847 178 940 205 xtv.
1385 164 1469 203 283

144 244 219 288 IV.
245 244 339 287 Hoc
352 241 385 286 si
397 239 528 295 dices,
548 240 748 285 veniatin
768 250 958 284 mentem
973 241 1082 284 illud
1095 238 1217 301 quod
1229 239 1471 298 intelligere

76 311 369 372 appellamus,
398 309 574 355 duobus
602 309 741 354 modis
761 310 806 354 in
822 311 948 355 nobis
966 311 1086 367 fieri,
1109 320 1184 355 aut
1211 311 1299 370 ipsa
1323 324 1400 369 per
1426 324 1472 354 se

80 392 215 443 atque
232 382 397 426 ratione
419 380 699 434 intrinsecuS,
719 389 769 425 ut
785 397 885 426 cum
909 380 1189 440 intelligimus
1211 395 1301 425 esse
1326 382 1471 439 ipsum

80 452 354 499 intellectum
385 471 394 498 :
430 461 506 496 aut
539 452 839 497 admonitione
873 468 895 497 a
925 453 1122 497 sensibus
1147 487 1157 506 ,
1192 460 1243 495 ut
1279 451 1325 495 id
1349 451 1469 511 quod

75 526 166 586 jam
189 523 357 568 dictum
380 532 467 577 est,
495 538 594 567 cum
619 522 903 582 intelligimus
926 539 1015 567 esse
1037 537 1208 582 corpus.
1234 525 1285 566 In
1309 521 1470 582 quibus

81 593 256 639 duobus
285 593 516 652 generibus
542 592 654 637 illud
688 594 876 652 primum
907 609 983 653 per
1014 609 1114 648 nos,
1145 591 1190 636 id
1218 600 1298 647 est,
1333 592 1388 636 de
1419 606 1470 635 eo

80 665 202 726 quod
232 665 350 724 apud
379 679 455 709 nos
483 673 546 708 est
564 667 702 708 Deum
724 663 995 709 consulendo
1015 685 1027 723 3
1048 665 1131 708 hoc
1153 668 1296 708 autem
1320 676 1469 707 secun-

81 736 188 781 dum
210 735 266 780 de
293 751 344 780 eo
363 733 520 795 quoda
543 749 724 794 corpore
745 750 961 795 sensuque
982 735 1226 788 nuntiatur,
1243 732 1469 777 nihilomi-

78 822 163 851 nus
178 810 315 851 Deum
334 806 603 850 consulendo
617 804 916 864 intelligimus.
930 808 1039 858 Quae
1056 806 1089 848 si
1106 814 1197 848 rata
1212 813 1329 858 sunt,
1340 817 1469 847 nemo

80 878 136 922 de
158 877 234 921 illo
254 892 434 936 corpore
452 886 598 920 utrum
622 877 677 920 sit
698 876 939 934 intelligere
961 875 1206 935 potest,nisi
1227 875 1298 918 cui
1319 888 1469 918 sensus

77 948 321 1008 quidquam
350 949 405 990 de
437 946 514 991 illo
538 947 764 991 nuntiarit.
793 950 841 989 in
864 961 953 1006 quo
971 946 1260 990 animantium
1284 960 1468 989 numero

75 1019 111 1063 si
132 1018 250 1062 ullus
267 1027 348 1072 est,
364 1032 442 1061 nos
459 1017 667 1076 quoniam
685 1032 774 1062 non
790 1032 881 1061 esse
900 1017 1198 1076 perspicimus,
1216 1015 1327 1060 illud
1338 1016 1467 1059 etiam

74 1087 318 1149 perfectum
357 1097 488 1147 puto,
512 1087 633 1148 quod
670 1103 800 1147 supra
829 1086 972 1132 dicere
1013 1102 1255 1147 coeperam,
1285 1102 1375 1131 non
1412 1085 1468 1130 ad

73 1175 151 1204 nos
173 1161 298 1204 istam
332 1160 550 1219 pertinere
571 1160 873 1219 quaestionem.
902 1161 1006 1203 Haec
1029 1159 1157 1204 etiam
1179 1168 1311 1218 atque
1337 1158 1467 1202 etiam

72 1231 235 1290 cogites
261 1231 391 1277 velim
409 1266 420 1288 ,
455 1240 498 1275 et
532 1232 655 1291 quod
675 1229 912 1290 cogitando
948 1230 1164 1290 genueris,
1194 1239 1244 1275 ut
1272 1229 1468 1274 noverim

0 1319 3 1330 '
70 1316 213 1346 CUI'CS.

70 1457 1466 1476 mmmmmmmmmmmmmmmm„

508 1578 829 1627 EPISTULA
870 1581 934 1626 X}
952 1581 983 1625 ’ἓ
1005 1570 1036 1625 ¹.

490 1728 716 1762 NEBRIDIO
741 1727 1047 1762 AUGUsTmUs.

81 1857 248 1920 Quare
289 1855 366 1902 sol
394 1872 491 1902 non
527 1855 653 1902 idem
676 1866 883 1917 proestat
912 1855 1045 1917 quod
1071 1866 1249 1902 caetera
1283 1855 1463 1901 sidera.

137 1927 339 1973 Veritas
379 1944 570 1973 samma
613 1945 681 1974 an
718 1927 924 1974 hominis
965 1929 1194 1990 cujusque
1228 1929 1468 1973 rationem

131 2007 393 2043 commeat.

134 2134 511 2180 I.RE‹:13NT1ssmis
528 2132 681 2179 litteris
699 2135 781 2178 tuis
798 2134 1059 2193 respondere
1079 2133 1231 2188 malui,
1244 2148 1332 2177 non
1345 2132 1467 2191 quod

76 2206 409 2264 contempserim
432 2205 723 2265 praecedentia
746 2205 927 2265 quaesita
949 2215 1040 2259 tua,
1067 2205 1267 2248 minusve
1294 2218 1363 2246 me
1386 2202 1467 2246 de-

75 2274 356 2333 lectaverint3
380 2276 456 2320 sed
477 2276 599 2337 quod
619 2277 664 2321 in
691 2275 996 2336 respondendo
1029 2277 1191 2335 majora
1212 2290 1345 2334 quam
1369 2276 1467 2335 opi—

76 2347 188 2390 naris
211 2347 381 2392 molior.
407 2351 668 2409 Quanquam
704 2349 821 2392 enim
854 2348 1119 2406 longiorem,
1139 2362 1272 2408 quam
1300 2346 1465 2406 longis-

128 2461 135 2478 ¹
157 2455 239 2487 Alias
251 2466 310 2489 cxv
327 2457 479 2490 secunda.
493 2469 562 2501 quae
576 2462 684 2491 autem
702 2469 755 2490 xiv
770 2461 853 2499 crat,
867 2467 952 2489 nunc
969 2468 1065 2489 Lxxn.
1078 2473 1119 2480 —-
1133 2457 1255 2499 Scripta
1275 2458 1360 2490 circa
1380 2457 1464 2488 idem

14 2528 16 2536 ν
79 2515 214 2553 tempus,
