1790 3187
359 237 414 275 68
793 246 824 270 5.
864 243 947 270 Aoo
956 245 1090 270 issum
1126 244 1302 270 EPISCOt‘l

359 313 622 372 baptismum
640 317 877 367 acceperat.
895 311 1153 367 Quanquam
1175 306 1425 352 Cornelius¹
1441 341 1452 362 ,
1472 315 1516 351 et
1535 306 1611 366 qui
1633 321 1733 351 cum
1786 287 1787 355 i

358 398 410 427 eo
431 397 481 425 ex
500 379 700 440 gentibus
716 376 985 422 crediderant
1002 412 1012 432 ‚
1036 377 1241 437 Spiritum
1261 386 1456 421 sanctum
1475 376 1603 421 etiam
1619 376 1738 436 prius

357 468 488 513 quam
517 450 838 510 baptizarentur
871 448 1113 508 acceperint
1140 467 1147 492 :
1176 463 1261 492 non
1293 457 1437 492 tamen
1467 447 1595 492 video
1623 461 1736 506 quo-

359 522 487 568 modo
499 531 543 566 et
557 519 630 565 ille
646 519 756 564 latro
771 519 862 563 sine
881 518 1041 578 Spiritu
1054 527 1202 562 sancto
1219 517 1360 562 dicere
1377 517 1567 577 potuerit
1586 535 1595 561 ι
1617 535 1636 558 «
1651 519 1738 562 Me·

361 612 381 634 »
406 601 554 637 mento
573 592 655 636 mei
673 626 683 646 ‚
706 590 909 644 Domine,
940 591 1042 633 dum
1076 589 1243 634 veneris
1275 588 1321 632 in
1356 603 1538 647 regnum
1567 589 1735 632 tuum2.

360 683 378 705 »ι
405 666 542 709 Nemo
574 662 689 705 enim
718 661 844 716 dicit,
874 661 1080 705 Dominus
1112 663 1260 713 Jews,
1291 659 1350 703 ait
1374 658 1627 719 Apostolus,
1658 657 1739 702 nisi

360 754 378 775 »
406 735 451 777 in
471 733 634 792 Spiritu
657 741 806 777 sancto
821 733 853 775 ³.
882 750 901 773 υ
925 732 1058 791 Cujus
1079 730 1180 775 fidei
1203 729 1393 774 fructum
1418 731 1509 789 ipse
1533 728 1740 774 Dominus

357 804 611 849 monstravit
634 803 781 848 dicens
807 822 815 847 :
846 821 865 845 «
890 805 1030 847 Amen
1054 801 1151 846 dico
1178 801 1282 855 tibi,
1315 800 1446 845 hodie
1467 815 1638 844 mecum
1660 799 1741 843 eris

361 894 380 917 »
409 875 452 919 in
478 872 691 934 paradiso.
718 892 737 915 »
763 873 995 927 Quomodo
1017 888 1119 931 ergo
1141 871 1352 916 ineffabili
1374 879 1584 930 potestate
1600 869 1741 915 domi·
1778 906 1779 935 3

357 946 500 989 nantis
531 945 605 988 Dei
639 954 770 1004 atque
798 943 964 1003 justitia
995 943 1253 1002 deputatum
1283 951 1346 987 est
1369 942 1499 986 etiam
1526 941 1742 1001 baptisma
1777 938 1779 990 ,5

357 1014 552 1059 credenti
571 1013 752 1068 latroni,
773 1022 815 1057 et
838 1029 915 1072 pro
936 1022 1112 1073 accepto
1129 1013 1327 1057 habitum
1351 1012 1395 1055 in
1416 1012 1560 1056 animo
1582 1010 1737 1065 libero,
1776 1035 1777 1072 ἦ

356 1085 477 1145 quod
501 1085 544 1127 in
567 1099 747 1142 corpore
766 1084 974 1128 crucifixo
1005 1083 1140 1142 accipi
1171 1098 1258 1127 non
1290 1091 1460 1142 poterat
1485 1101 1494 1127 2
1526 1081 1585 1126 sic
1614 1080 1742 1125 etiam
1775 1128 1777 1152 ἰ

359 1156 542 1215 Spiritus
569 1163 741 1198 sanctus
775 1154 960 1198 latenter
992 1154 1177 1198 dabatur
1206 1163 1305 1198 ante
1333 1153 1502 1198 Domini
1531 1152 1742 1197 clarifica·
1774 1194 1775 1199 ,

359 1226 521 1269 tionem
542 1245 553 1282 3
577 1232 674 1283 post
695 1224 1088 1268 manifestationem
1113 1233 1256 1268 autem
1281 1222 1515 1269 divinitatis
1538 1223 1628 1282 ejus
1648 1237 1744 1266 ma-
1774 1210 1775 1258 3

356 1294 554 1340 nifestius
572 1295 699 1338 datus
723 1301 800 1337 est.
837 1295 894 1336 Et
918 1293 1000 1338 hoc
1022 1292 1188 1337 dictum
1219 1302 1311 1337 est:
1344 1312 1363 1334 «
1394 1293 1576 1352 Spiritus
1599 1300 1745 1337 autem
1773 1280 1774 1297 ἶ

362 1385 382 1407 »
409 1364 607 1410 nondum
629 1373 721 1408 erat
738 1364 892 1408 datus⁴
915 1383 924 1409 :
950 1382 967 1405 υ
992 1364 1036 1408 id
1054 1374 1141 1419 est,
1168 1363 1365 1408 nondum
1388 1364 1446 1408 sic
1468 1372 1741 1424 apparuerat,
1771 1381 1773 1427 g

360 1445 410 1480 ut
432 1450 580 1481 omnes
602 1449 701 1479 eum
725 1433 877 1478 datum
901 1449 991 1478 esse
1016 1433 1271 1478 faterentur.
1306 1434 1426 1478 Sicut
1448 1434 1578 1479 etiam
1599 1432 1747 1478 Domi-
1770 1430 1772 1493 j

362 1522 442 1551 nus
464 1504 662 1550 nondum
690 1513 783 1549 erat
816 1503 1076 1548 clarificatus
1104 1503 1216 1548 inter
1245 1504 1466 1558 homines,
1492 1503 1568 1547 sed
1600 1511 1746 1547 tamen
1770 1499 1771 1506 ’

361 1576 610 1621 clarificatio
646 1576 736 1635 ejus
769 1585 930 1620 aeterna
959 1589 1184 1634 nunquam
1220 1589 1309 1618 esse
1340 1574 1519 1618 destitit.
1555 1573 1676 1618 Sicut
1704 1580 1769 1617 et¹

362 1647 575 1693 adventus
597 1648 688 1707 ejus
711 1661 758 1690 ea
775 1647 865 1706 ipsa
892 1645 1051 1691 dicitur
1073 1645 1385 1690 demonstratio
1409 1645 1455 1688 in
1477 1659 1607 1689 carne
1627 1659 1745 1689 mor-

367 1718 456 1763 tali.
478 1721 585 1764 Nam
610 1717 713 1762 illuc
737 1718 876 1773 venit,
902 1718 980 1761 ubi
1002 1726 1093 1762 erat
1114 1736 1123 1762 ε
1143 1718 1243 1777 quia
1272 1736 1291 1758 «
1315 1717 1359 1760 in
1380 1732 1456 1761 sua
1473 1715 1648 1776 propria
1670 1730 1746 1761 Ve-

367 1806 387 1830 »
414 1789 501 1843 nit,
526 1797 569 1832 et
590 1789 635 1832 in
656 1788 739 1832 hoc
758 1789 923 1833 mundo
945 1797 1061 1844 erat,
1083 1798 1126 1832 et
1144 1788 1333 1832 mundus
1356 1803 1431 1847 per
1447 1788 1589 1847 ipsum
1607 1786 1746 1832 factus
1765 1784 1767 1831 J
1788 1808 1790 1814 ·

368 1877 388 1900 »
413 1860 520 1902 est⁵.
547 1876 566 1899 »
589 1858 709 1903 Sicut
726 1873 828 1916 ergo
848 1858 1019 1903 Domini
1038 1859 1249 1903 adventus
1270 1857 1530 1917 intelligitur
1545 1857 1746 1903 demons-
1788 1858 1790 1864 ⁴

366 1929 494 1973 tratio
510 1928 769 1987 corporalis,
799 1937 942 1972 tamen
964 1938 1062 1973 ante
1085 1930 1194 1974 hanc
1209 1929 1632 1974 *demonstrationem
1659 1929 1764 1988 ipse}

365 2000 410 2043 in
432 1999 632 2044 omnibus
659 2000 883 2057 Prophetis
900 2001 1055 2044 sanctis
1079 2009 1283 2060 tanquam
1306 2000 1381 2044 Dei
1396 1999 1587 2044 Verbum
1613 2008 1657 2044 et
1672 1994 1763 2044 Dei'

1784 2036 1790 2137 1

369 2070 585 2129 Sapientia
603 2069 776 2114 loeutus
797 2080 861 2114 est
883 2089 890 2114 :
911 2071 970 2115 sic
989 2079 1031 2115 et
1047 2070 1258 2115 adventus
1278 2070 1460 2129 Spiritus
1482 2070 1618 2115 sancti
1634 2105 1645 2125 ,
1668 2070 1746 2114 de-

369 2138 622 2184 monstratio
654 2140 835 2199 Spiritus
871 2141 1006 2184 sancti
1029 2150 1092 2185 est
1113 2141 1212 2200 ipsis
1241 2141 1369 2185 etiam
1395 2140 1531 2185 oeulis
1556 2135 1761 2196 carneis,{

367 2209 543 2270 quando
558 2209 672 2255 visus
687 2219 750 2254 est
765 2211 874 2270 ignis
890 2211 1049 2255 divisus
1070 2227 1199 2270 super
1216 2227 1287 2256 eos
1300 2247 1310 2267 ,
1329 2222 1371 2256 et
1387 2221 1617 2272 coeperunt
1627 2206 1760 2272 loqui]

366 2279 567 2339 linguis⁶.
599 2277 706 2325 Nam
731 2281 764 2324 si
798 2296 885 2325 non
915 2291 1005 2325 erat
1026 2281 1071 2326 in
1092 2282 1343 2326 hominibus
1370 2282 1555 2341 Spiritus
1576 2285 1759 2326 sanetus*

367 2359 466 2394 ante
498 2349 668 2394 Domini
697 2350 910 2394 visibilem
942 2350 1317 2407 clarificationem,
1350 2352 1575 2412 quomodo
1606 2351 1757 2397 dicere*

370 2422 510 2479 potuit
538 2420 672 2465 David
688 2456 697 2474 ‚
729 2441 748 2462 «
779 2424 832 2465 Et
854 2422 1059 2480 Spiritum
1083 2432 1277 2467 sanctum
1307 2432 1429 2467 tuum
1454 2438 1509 2467 ne
1532 2422 1700 2467 auferas
1723 2437 1756 2471 a1

420 2530 426 2544 ¹
445 2523 513 2551 Act.
535 2530 566 2558 x,
590 2519 638 2559 Μ.
659 2537 696 2543 --
715 2527 724 2542 ²
746 2524 819 2553 Luc.
843 2533 931 2560 xxiii,
948 2522 1000 2563 42.
1019 2540 1055 2545 -
1071 2521 1084 2544 ²¹
1115 2535 1121 2554 ι
1145 2525 1214 2554 Gor.
1239 2534 1293 2561 xii,
1314 2524 1343 2555 3.
1365 2521 1428 2551 -4
1449 2524 1540 2555 Joan.
1563 2532 1619 2563 vn,
1639 2521 1755 2565 39.·‘-=

372 2575 437 2607 ⁵111
473 2586 614 2611 1‚1i.-
633 2574 646 2597 ὗ
666 2580 734 2606 Act.
759 2587 789 2611 ιι,
812 2577 842 2607 3.
