1790 3187
309 215 363 242 niz
395 214 583 242 mvnns1s
616 214 774 250 Qtzfflsr.
811 215 959 243 oc'roo.
997 216 1161 242 Tamis.
1376 206 1427 243 87

47 284 173 329 bonis
200 279 448 340 temporalia
473 280 589 323 hona
616 281 900 338 concupiscit.
930 279 1138 334 Quandiu
1160 280 1276 323 enim
1297 294 1432 340 appe-

48 355 150 400 titus
168 352 262 398 talis
284 352 394 396 inest
415 350 593 404 animae‚
619 350 704 409 legi
726 351 800 393 Dei
823 351 1015 410 subjecta
1035 366 1124 394 esse
1142 365 1231 394 non
1254 360 1395 409 potest
1421 373 1430 397 ι

47 424 91 470 id
111 433 198 478 est,
223 438 310 466 non
334 430 476 481 potest
496 420 677 479 implere
701 436 800 480 quae
822 420 889 464 lex
908 421 1049 481 jubet.
1078 419 1160 465 Sed
1183 436 1281 464 cum
1306 422 1433 480 spiri—

47 495 146 540 talia
172 495 283 538 bona
302 491 544 536 desiderare
560 491 764 549 caeperit,
786 500 828 535 et
848 491 1103 551 temporalia
1127 501 1407 536 contemnere
1421 527 1431 547 ,

47 563 212 608 desinet
246 579 336 607 esse
368 563 508 607 carnis
543 562 799 620 prudentia,
840 572 882 606 et
918 563 1086 621 spiritui
1123 578 1211 606 non
1250 564 1431 607 resistet.

47 634 210 679 Eadem
230 647 417 692 namque
441 633 581 675 anima
605 648 705 676 cum
726 632 928 676 inferiora
949 633 1140 692 appetit,
1157 631 1432 692 prudentiam

47 704 187 749 carnis
216 704 376 748 habere
410 701 595 759 dicitur3
626 716 725 745 cum
756 704 976 762 superiora
996 738 1006 758 ,
1032 703 1311 762 prudentiam
1346 705 1435 763 spi-

47 774 155 819 ritus
179 794 188 819 z
213 789 301 818 non
324 773 425 833 quia
456 772 686 832 prudentia
714 774 854 817 carnis
879 774 1119 817 substantia
1145 782 1234 828 est,
1259 790 1344 832 qua
1369 774 1437 817 in—

47 844 196 889 duitur
220 844 363 888 anima
385 842 453 887 vel
477 843 652 887 exuitur
676 863 684 887 :
709 843 783 887 sed
812 843 944 902 ipsius
968 844 1122 887 animae
1141 843 1316 887 affectio
1338 853 1401 887 est
1422 878 1434 897 ‚

45 931 144 976 quae
168 915 347 959 omnino
370 929 458 958 esse
480 913 669 968 desinet,
695 929 794 957 cum
822 928 866 958 se
889 907 1023 957 totam
1042 912 1095 956 ad
1122 928 1309 972 superna
1331 929 1436 957 con-

46 986 237 1032 verterit.
268 1005 287 1027 «
313 985 398 1038 Qui
421 995 567 1029 autem
590 986 634 1028 in
663 1000 792 1029 carne
815 995 939 1038 sunt,
967 985 1132 1044 inquit,
1158 988 1247 1029 Deo
1269 984 1439 1044 plaeere

47 1076 69 1100 »
93 1072 182 1102 non
199 1065 379 1116 possunt
403 1075 411 1100 ε
435 1075 454 1097 »
479 1055 522 1099 id
543 1065 629 1110 est,
655 1056 732 1115 qui
755 1054 1053 1115 voluptatibus
1074 1055 1215 1099 carnis
1235 1057 1436 1115 aequies-

0 1115 1 1155 3
45 1137 166 1172 cunt.
203 1130 265 1173 Ne
293 1127 390 1186 quis
418 1126 532 1170 enim
562 1127 617 1170 de
645 1128 709 1170 his
744 1127 910 1171 dictum
941 1137 1136 1187 putaret‚
1166 1127 1242 1186 qui
1270 1126 1324 1170 de
1356 1129 1438 1171 hac

45 1199 132 1243 vita
177 1197 375 1242 nondum
413 1207 686 1242 excesserunt
709 1233 719 1251 ,
761 1198 1127 1257 opportunissime
1173 1198 1403 1257 subjunxit
1426 1232 1436 1251 ‚

50 1288 69 1310 «ι
97 1270 184 1313 Vos
201 1278 346 1312 autem
371 1283 459 1312 non
485 1270 584 1311 estis
613 1268 658 1311 in
681 1284 832 1322 carne,
859 1267 933 1312 sed
964 1269 1007 1311 in
1033 1268 1203 1327 spiritu.
1234 1286 1252 1309 υ
1278 1268 1438 1327 Utique

45 1338 190 1384 adhuc
224 1340 267 1382 in
304 1339 385 1383 hac
410 1339 496 1382 vita
530 1339 774 1383 constitutis
813 1338 1022 1398 loquitur.
1059 1342 1109 1381 In
1138 1338 1291 1397 spiritu
1320 1339 1436 1381 enim

45 1418 169 1453 erant
191 1443 202 1464 ,
241 1410 342 1468 quia
377 1409 421 1451 in
454 1408 540 1452 side
574 1417 616 1451 et
645 1424 720 1466 spe
752 1418 794 1451 et
828 1409 1038 1452 charitate
1073 1407 1332 1467 spiritalium
1368 1424 1436 1452 re-

44 1495 139 1525 rum
165 1480 512 1539 acquiescebant.
549 1498 568 1521 «
594 1480 636 1523 Si
661 1488 827 1534 tamen,
854 1479 1023 1538 inquit,
1053 1479 1236 1538 Spiritus
1261 1479 1336 1522 Dei
1359 1481 1438 1524 ha·

48 1569 68 1593 »
94 1551 202 1595 bitat
241 1551 284 1594 in
316 1551 453 1594 vobis.
494 1550 535 1594 Si
571 1551 668 1609 quis
706 1560 848 1594 autem
890 1550 1097 1609 Spiritum
1145 1550 1305 1595 Christi
1348 1567 1436 1595 non

47 1640 66 1662 »
94 1621 252 1676 habet,
280 1621 352 1665 hic
382 1637 469 1664 non
498 1631 562 1664 est
584 1622 689 1680 ejus.
729 1622 768 1665 Si
801 1631 946 1664 autem
980 1621 1178 1665 Christus
1207 1620 1252 1663 in
1285 1621 1434 1676 vobis,

47 1709 68 1733 i»
93 1707 248 1748 corpus
268 1692 447 1751 quidem
474 1700 694 1735 mortuum
712 1702 774 1735 est
795 1702 970 1750 propter
989 1701 1214 1750 peccatum
1233 1727 1244 1746 ,
1264 1692 1439 1750 spiritus

47 1780 67 1803 »
93 1772 238 1807 autem
255 1763 341 1807 vita
367 1772 430 1806 est
448 1764 865 1822 propterjustitiam.
899 1781 916 1801 u
944 1765 1168 1806 Mortuum
1188 1778 1345 1821 corpus
1367 1762 1437 1806 di-

44 1835 128 1886 cit,
160 1833 358 1893 quandiu
386 1833 470 1878 tale
499 1844 589 1889 est,
617 1843 663 1877 ut
694 1834 932 1891 indigentia
964 1849 1109 1877 rerum
1145 1833 1436 1893 corporalium

44 1903 244 1948 molestet
268 1907 482 1958 animam,
516 1915 559 1949 et
592 1905 857 1965 quibusdam
891 1905 1083 1949 motibus
1118 1920 1168 1948 ex
1204 1906 1292 1963 ipsa
1328 1905 1439 1948 indi-

46 1976 189 2034 gentia
207 1976 507 2030 venientibus,
541 1976 594 2019 ad
623 1979 868 2036 appetenda
898 1986 1068 2020 terrena
1087 1975 1303 2019 sollicitet.
1331 1976 1439 2029 Qui-

44 2045 127 2089 bus
152 2055 297 2089 tamen
314 2047 513 2106 quamvis
536 2047 819 2091 existentibus
838 2062 957 2091 mens
989 2047 1044 2090 ad
1067 2045 1215 2090 illicita
1237 2045 1438 2090 facienda

45 2131 134 2160 non
159 2118 402 2172 consentin
436 2119 648 2178 quaejam
684 2120 816 2162 servit
850 2118 935 2177 legi
974 2118 1079 2172 Dei,
1120 2127 1163 2161 et
1195 2118 1276 2161 sub
1304 2118 1437 2175 gratia

43 2188 277 2232 constituta
299 2197 377 2232 est.
397 2189 464 2232 Ad
484 2190 568 2234 hoc
590 2191 704 2234 enim
731 2190 844 2234 valet
864 2190 983 2251 quod
1004 2206 1132 2249 supra
1150 2189 1317 2233 dictum
1336 2198 1399 2232 est
1426 2209 1435 2233 2

48 2274 67 2298 «
93 2260 239 2301 Mente
265 2259 403 2302 servio
427 2258 511 2318 legi
543 2261 638 2315 Dei,
664 2276 793 2305 carne
819 2270 964 2304 autem
983 2260 1068 2319 legi
1089 2262 1254 2319 peccati
1275 2263 1302 2302 ¹.
1334 2278 1352 2300 »
1381 2262 1436 2302 Et

43 2325 117 2370 ille
132 2327 264 2371 homo
286 2344 404 2372 nunc
426 2329 689 2375 describitur
707 2347 797 2375 esse
827 2331 909 2375 sub
938 2332 1095 2389 gratia,
1127 2331 1201 2390 qui
1238 2330 1435 2374 nondum

43 2397 175 2442 habet
207 2400 443 2458 perfectam
471 2417 649 2460 pacem,
681 2419 780 2463 quae
813 2403 1004 2462 corporis
1043 2402 1371 2446 resurrectione.
1395 2410 1436 2443 et

45 2468 344 2516 immutatione
371 2482 434 2516 est
466 2471 629 2517 futura.

97 2562 102 2576 ¹
124 2557 211 2587 Rom.
239 2567 291 2593 vii,
309 2557 363 2589 25.
