<?xml version="1.0" encoding="UTF-8"?>
<!DOCTYPE html PUBLIC "-//W3C//DTD XHTML 1.0 Transitional//EN"
    "http://www.w3.org/TR/xhtml1/DTD/xhtml1-transitional.dtd">
<html xmlns="http://www.w3.org/1999/xhtml" xml:lang="en" lang="en">
 <head>
  <title>
</title>
<meta http-equiv="Content-Type" content="text/html;charset=utf-8" />
  <meta name='ocr-system' content='tesseract 3.04.00' />
  <meta name='ocr-capabilities' content='ocr_page ocr_carea ocr_par ocr_line ocrx_word'/>
</head>
<body>
  <div class='ocr_page' id='page_1' title='image "./operaomniaaccura38auguuoft_0330.png"; bbox 0 0 1790 3187; ppageno 0'>
   <div class='ocr_carea' id='block_1_1' title="bbox 350 196 1289 233">
    <p class='ocr_par' dir='ltr' id='par_1_1' title="bbox 350 196 1289 233">
     <span class='ocr_line' id='line_1_1' title="bbox 350 196 1289 233; baseline -0.004 0"><span class='ocrx_word' id='word_1_1' title='bbox 350 196 432 233; x_wconf 79' lang='lat'>320</span> <span class='ocrx_word' id='word_1_2' title='bbox 781 208 812 231; x_wconf 84' lang='lat' dir='ltr'>s.</span> <span class='ocrx_word' id='word_1_3' title='bbox 851 205 1078 231; x_wconf 50' lang='lat' dir='ltr'>,incusum</span> <span class='ocrx_word' id='word_1_4' title='bbox 1112 204 1289 230; x_wconf 68' lang='lat' dir='ltr'>Et‘tsCOPt</span> 
     </span>
    </p>
   </div>
   <div class='ocr_carea' id='block_1_2' title="bbox 348 267 1734 1103">
    <p class='ocr_par' dir='ltr' id='par_1_2' title="bbox 348 267 1734 1103">
     <span class='ocr_line' id='line_1_2' title="bbox 350 267 1725 330; baseline -0.003 -16"><span class='ocrx_word' id='word_1_5' title='bbox 350 279 636 330; x_wconf 87' lang='lat' dir='ltr'>peccatorem,</span> <span class='ocrx_word' id='word_1_6' title='bbox 665 283 752 312; x_wconf 89' lang='lat' dir='ltr'>non</span> <span class='ocrx_word' id='word_1_7' title='bbox 784 269 842 312; x_wconf 91' lang='lat' dir='ltr'>ita</span> <span class='ocrx_word' id='word_1_8' title='bbox 865 267 965 312; x_wconf 91' lang='lat' dir='ltr'>olim</span> <span class='ocrx_word' id='word_1_9' title='bbox 1001 269 1055 313; x_wconf 89' lang='lat' dir='ltr'>de</span> <span class='ocrx_word' id='word_1_10' title='bbox 1086 269 1297 322; x_wconf 85' lang='lat' dir='ltr'>tenebris,</span> <span class='ocrx_word' id='word_1_11' title='bbox 1322 276 1364 311; x_wconf 88' lang='lat' dir='ltr'>et</span> <span class='ocrx_word' id='word_1_12' title='bbox 1395 268 1548 311; x_wconf 84' lang='lat' dir='ltr'>umbra</span> <span class='ocrx_word' id='word_1_13' title='bbox 1579 267 1725 312; x_wconf 83' lang='lat' dir='ltr'>mortis</span> 
     </span>
     <span class='ocr_line' id='line_1_3' title="bbox 350 337 1725 400; baseline -0.004 -15"><span class='ocrx_word' id='word_1_14' title='bbox 350 341 574 395; x_wconf 81' lang='lat' dir='ltr'>eductum,</span> <span class='ocrx_word' id='word_1_15' title='bbox 600 340 798 400; x_wconf 89' lang='lat' dir='ltr'>spiritum</span> <span class='ocrx_word' id='word_1_16' title='bbox 820 355 934 383; x_wconf 72' lang='lat' dir='ltr'>aurae</span> <span class='ocrx_word' id='word_1_17' title='bbox 957 339 1097 384; x_wconf 89' lang='lat' dir='ltr'>vitalis</span> <span class='ocrx_word' id='word_1_18' title='bbox 1112 340 1318 392; x_wconf 76' lang='lat' dir='ltr'>hausisse,</span> <span class='ocrx_word' id='word_1_19' title='bbox 1338 354 1418 382; x_wconf 89' lang='lat' dir='ltr'>nec</span> <span class='ocrx_word' id='word_1_20' title='bbox 1434 339 1491 381; x_wconf 88' lang='lat' dir='ltr'>ita</span> <span class='ocrx_word' id='word_1_21' title='bbox 1517 337 1619 381; x_wconf 87' lang='lat' dir='ltr'>olim</span> <span class='ocrx_word' id='word_1_22' title='bbox 1646 351 1725 395; x_wconf 88' lang='lat' dir='ltr'>po-</span> 
     </span>
     <span class='ocr_line' id='line_1_4' title="bbox 348 409 1723 466; baseline -0.002 -11"><span class='ocrx_word' id='word_1_23' title='bbox 348 412 480 455; x_wconf 89' lang='lat' dir='ltr'>suisse</span> <span class='ocrx_word' id='word_1_24' title='bbox 511 412 556 455; x_wconf 91' lang='lat' dir='ltr'>in</span> <span class='ocrx_word' id='word_1_25' title='bbox 589 421 730 454; x_wconf 87' lang='lat' dir='ltr'>aratro</span> <span class='ocrx_word' id='word_1_26' title='bbox 764 425 958 466; x_wconf 89' lang='lat' dir='ltr'>manum,</span> <span class='ocrx_word' id='word_1_27' title='bbox 990 422 1034 456; x_wconf 85' lang='lat' dir='ltr'>et</span> <span class='ocrx_word' id='word_1_28' title='bbox 1061 427 1232 456; x_wconf 88' lang='lat' dir='ltr'>crucem</span> <span class='ocrx_word' id='word_1_29' title='bbox 1272 410 1443 456; x_wconf 84' lang='lat' dir='ltr'>Domini</span> <span class='ocrx_word' id='word_1_30' title='bbox 1476 409 1723 465; x_wconf 72' lang='lat' dir='ltr'>sustulisse,</span> 
     </span>
     <span class='ocr_line' id='line_1_5' title="bbox 348 479 1727 542; baseline -0.001 -18"><span class='ocrx_word' id='word_1_31' title='bbox 348 497 479 542; x_wconf 86' lang='lat' dir='ltr'>quarn</span> <span class='ocrx_word' id='word_1_32' title='bbox 517 490 566 524; x_wconf 88' lang='lat' dir='ltr'>ut</span> <span class='ocrx_word' id='word_1_33' title='bbox 596 481 641 523; x_wconf 88' lang='lat' dir='ltr'>in</span> <span class='ocrx_word' id='word_1_34' title='bbox 679 481 811 524; x_wconf 83' lang='lat' dir='ltr'>finem</span> <span class='ocrx_word' id='word_1_35' title='bbox 833 480 1022 540; x_wconf 75' lang='lat' dir='ltr'>perterre</span> <span class='ocrx_word' id='word_1_36' title='bbox 1055 482 1274 526; x_wconf 77' lang='lat' dir='ltr'>valeamus</span> <span class='ocrx_word' id='word_1_37' title='bbox 1293 516 1304 535; x_wconf 86' lang='lat'>,</span> <span class='ocrx_word' id='word_1_38' title='bbox 1335 480 1603 524; x_wconf 85' lang='lat' dir='ltr'>orationibus</span> <span class='ocrx_word' id='word_1_39' title='bbox 1643 479 1727 522; x_wconf 90' lang='lat' dir='ltr'>tuis</span> 
     </span>
     <span class='ocr_line' id='line_1_6' title="bbox 350 549 1729 611; baseline -0.003 -15"><span class='ocrx_word' id='word_1_40' title='bbox 350 551 621 611; x_wconf 87' lang='lat' dir='ltr'>adjuvemur.</span> <span class='ocrx_word' id='word_1_41' title='bbox 649 551 1009 596; x_wconf 80' lang='lat' dir='ltr'>Accumulabitur</span> <span class='ocrx_word' id='word_1_42' title='bbox 1036 553 1129 596; x_wconf 82' lang='lat' dir='ltr'>haec</span> <span class='ocrx_word' id='word_1_43' title='bbox 1156 551 1315 595; x_wconf 89' lang='lat' dir='ltr'>meritis</span> <span class='ocrx_word' id='word_1_44' title='bbox 1352 551 1436 594; x_wconf 87' lang='lat' dir='ltr'>tuis</span> <span class='ocrx_word' id='word_1_45' title='bbox 1468 564 1656 602; x_wconf 80' lang='lat' dir='ltr'><strong>merces,</strong></span> <span class='ocrx_word' id='word_1_46' title='bbox 1695 549 1729 592; x_wconf 92' lang='lat' dir='ltr'>si</span> 
     </span>
     <span class='ocr_line' id='line_1_7' title="bbox 349 619 1729 666; baseline -0.002 -2"><span class='ocrx_word' id='word_1_47' title='bbox 349 621 599 665; x_wconf 86' lang='lat' dir='ltr'>interventu</span> <span class='ocrx_word' id='word_1_48' title='bbox 627 630 704 665; x_wconf 89' lang='lat' dir='ltr'>tuo</span> <span class='ocrx_word' id='word_1_49' title='bbox 731 637 860 666; x_wconf 89' lang='lat' dir='ltr'>onera</span> <span class='ocrx_word' id='word_1_50' title='bbox 902 631 1046 666; x_wconf 85' lang='lat' dir='ltr'>nostra</span> <span class='ocrx_word' id='word_1_51' title='bbox 1083 621 1351 666; x_wconf 82' lang='lat' dir='ltr'>relevaveris.</span> <span class='ocrx_word' id='word_1_52' title='bbox 1399 623 1580 666; x_wconf 89' lang='lat' dir='ltr'>Sanctus</span> <span class='ocrx_word' id='word_1_53' title='bbox 1614 619 1729 662; x_wconf 90' lang='lat' dir='ltr'>enim</span> 
     </span>
     <span class='ocr_line' id='line_1_8' title="bbox 350 689 1731 752; baseline -0.001 -18"><span class='ocrx_word' id='word_1_54' title='bbox 350 689 621 735; x_wconf 78' lang='lat' dir='ltr'>laborantem</span> <span class='ocrx_word' id='word_1_55' title='bbox 651 691 861 751; x_wconf 84' lang='lat' dir='ltr'>adjuvans</span> <span class='ocrx_word' id='word_1_56' title='bbox 879 692 999 752; x_wconf 85' lang='lat' dir='ltr'>(quia</span> <span class='ocrx_word' id='word_1_57' title='bbox 1024 691 1199 736; x_wconf 85' lang='lat' dir='ltr'>fratrem</span> <span class='ocrx_word' id='word_1_58' title='bbox 1224 708 1312 735; x_wconf 88' lang='lat' dir='ltr'>non</span> <span class='ocrx_word' id='word_1_59' title='bbox 1341 690 1550 734; x_wconf 84' lang='lat' dir='ltr'>audemus</span> <span class='ocrx_word' id='word_1_60' title='bbox 1570 689 1731 746; x_wconf 83' lang='lat' dir='ltr'>dicere)</span> 
     </span>
     <span class='ocr_line' id='line_1_9' title="bbox 351 760 1732 822; baseline -0.001 -17"><span class='ocrx_word' id='word_1_61' title='bbox 351 760 612 805; x_wconf 73' lang='lat' dir='ltr'>exaltabitur</span> <span class='ocrx_word' id='word_1_62' title='bbox 628 762 740 805; x_wconf 85' lang='lat' dir='ltr'>sicut</span> <span class='ocrx_word' id='word_1_63' title='bbox 757 762 907 806; x_wconf 86' lang='lat' dir='ltr'>civitas</span> <span class='ocrx_word' id='word_1_64' title='bbox 927 778 1096 821; x_wconf 79' lang='lat' dir='ltr'>magna.</span> <span class='ocrx_word' id='word_1_65' title='bbox 1118 766 1174 807; x_wconf 91' lang='lat' dir='ltr'>Et</span> <span class='ocrx_word' id='word_1_66' title='bbox 1193 772 1238 806; x_wconf 87' lang='lat' dir='ltr'>tu</span> <span class='ocrx_word' id='word_1_67' title='bbox 1262 762 1437 822; x_wconf 83' lang='lat' dir='ltr'>quidem</span> <span class='ocrx_word' id='word_1_68' title='bbox 1457 776 1584 820; x_wconf 88' lang='lat' dir='ltr'>super</span> <span class='ocrx_word' id='word_1_69' title='bbox 1605 775 1732 804; x_wconf 89' lang='lat' dir='ltr'>mon-</span> 
     </span>
     <span class='ocr_line' id='line_1_10' title="bbox 354 831 1731 892; baseline -0.001 -18"><span class='ocrx_word' id='word_1_70' title='bbox 354 841 439 875; x_wconf 90' lang='lat' dir='ltr'>tem</span> <span class='ocrx_word' id='word_1_71' title='bbox 474 832 622 876; x_wconf 86' lang='lat' dir='ltr'>civitas</span> <span class='ocrx_word' id='word_1_72' title='bbox 654 832 863 876; x_wconf 83' lang='lat' dir='ltr'>aedificata</span> <span class='ocrx_word' id='word_1_73' title='bbox 894 849 953 887; x_wconf 88' lang='lat' dir='ltr'>es,</span> <span class='ocrx_word' id='word_1_74' title='bbox 979 833 1047 876; x_wconf 80' lang='lat' dir='ltr'>vel</span> <span class='ocrx_word' id='word_1_75' title='bbox 1069 848 1245 877; x_wconf 81' lang='lat' dir='ltr'>accensa</span> <span class='ocrx_word' id='word_1_76' title='bbox 1270 848 1398 892; x_wconf 87' lang='lat' dir='ltr'>super</span> <span class='ocrx_word' id='word_1_77' title='bbox 1419 831 1731 876; x_wconf 82' lang='lat' dir='ltr'>candelabrum</span> 
     </span>
     <span class='ocr_line' id='line_1_11' title="bbox 351 901 1732 962; baseline 0.001 -17"><span class='ocrx_word' id='word_1_78' title='bbox 351 902 529 946; x_wconf 87' lang='lat' dir='ltr'>lucerna</span> <span class='ocrx_word' id='word_1_79' title='bbox 564 904 609 946; x_wconf 90' lang='lat' dir='ltr'>in</span> <span class='ocrx_word' id='word_1_80' title='bbox 637 903 877 962; x_wconf 73' lang='lat' dir='ltr'>septiformi</span> <span class='ocrx_word' id='word_1_81' title='bbox 900 904 1091 948; x_wconf 82' lang='lat' dir='ltr'>claritate</span> <span class='ocrx_word' id='word_1_82' title='bbox 1125 904 1312 948; x_wconf 83' lang='lat' dir='ltr'>colluces</span> <span class='ocrx_word' id='word_1_83' title='bbox 1334 925 1345 960; x_wconf 80' lang='lat'><em>3</em></span> <span class='ocrx_word' id='word_1_84' title='bbox 1381 919 1459 947; x_wconf 90' lang='lat' dir='ltr'>nos</span> <span class='ocrx_word' id='word_1_85' title='bbox 1483 903 1562 948; x_wconf 89' lang='lat' dir='ltr'>sub</span> <span class='ocrx_word' id='word_1_86' title='bbox 1585 901 1732 946; x_wconf 90' lang='lat' dir='ltr'>modio</span> 
     </span>
     <span class='ocr_line' id='line_1_12' title="bbox 353 972 1734 1032; baseline 0.001 -17"><span class='ocrx_word' id='word_1_87' title='bbox 353 982 629 1032; x_wconf 85' lang='lat' dir='ltr'>peccatorum</span> <span class='ocrx_word' id='word_1_88' title='bbox 653 974 940 1017; x_wconf 80' lang='lat' dir='ltr'>delitescimus</span> <span class='ocrx_word' id='word_1_89' title='bbox 966 992 973 1017; x_wconf 93' lang='lat'>:</span> <span class='ocrx_word' id='word_1_90' title='bbox 1010 975 1132 1018; x_wconf 88' lang='lat' dir='ltr'>visita</span> <span class='ocrx_word' id='word_1_91' title='bbox 1160 974 1313 1018; x_wconf 88' lang='lat' dir='ltr'>litteris</span> <span class='ocrx_word' id='word_1_92' title='bbox 1332 975 1429 1026; x_wconf 87' lang='lat' dir='ltr'>tuis,</span> <span class='ocrx_word' id='word_1_93' title='bbox 1456 983 1498 1016; x_wconf 88' lang='lat' dir='ltr'>ct</span> <span class='ocrx_word' id='word_1_94' title='bbox 1515 972 1659 1031; x_wconf 87' lang='lat' dir='ltr'>profer</span> <span class='ocrx_word' id='word_1_95' title='bbox 1687 972 1734 1016; x_wconf 90' lang='lat' dir='ltr'>in</span> 
     </span>
     <span class='ocr_line' id='line_1_13' title="bbox 351 1041 1734 1103; baseline -0.001 -18"><span class='ocrx_word' id='word_1_96' title='bbox 351 1041 495 1086; x_wconf 86' lang='lat' dir='ltr'>lucem</span> <span class='ocrx_word' id='word_1_97' title='bbox 515 1048 558 1086; x_wconf 78' lang='lat' dir='ltr'>in</span> <span class='ocrx_word' id='word_1_98' title='bbox 574 1059 660 1102; x_wconf 83' lang='lat' dir='ltr'>qua</span> <span class='ocrx_word' id='word_1_99' title='bbox 680 1044 766 1102; x_wconf 87' lang='lat' dir='ltr'>ipse</span> <span class='ocrx_word' id='word_1_100' title='bbox 788 1045 966 1088; x_wconf 87' lang='lat' dir='ltr'>versaris</span> <span class='ocrx_word' id='word_1_101' title='bbox 988 1060 1117 1103; x_wconf 86' lang='lat' dir='ltr'>super</span> <span class='ocrx_word' id='word_1_102' title='bbox 1138 1059 1265 1087; x_wconf 89' lang='lat' dir='ltr'>aurea</span> <span class='ocrx_word' id='word_1_103' title='bbox 1280 1043 1457 1089; x_wconf 83' lang='lat' dir='ltr'>candela</span> <span class='ocrx_word' id='word_1_104' title='bbox 1467 1044 1540 1087; x_wconf 84' lang='lat' dir='ltr'>bra</span> <span class='ocrx_word' id='word_1_105' title='bbox 1563 1042 1734 1100; x_wconf 87' lang='lat' dir='ltr'>conspi-</span> 
     </span>
    </p>
   </div>
   <div class='ocr_carea' id='block_1_3' title="bbox 352 1111 1767 1171">
    <p class='ocr_par' dir='ltr' id='par_1_3' title="bbox 352 1111 1767 1171">
     <span class='ocr_line' id='line_1_14' title="bbox 352 1111 1767 1171; baseline 0 -16"><span class='ocrx_word' id='word_1_106' title='bbox 352 1128 475 1156; x_wconf 88' lang='lat' dir='ltr'>cuus.</span> <span class='ocrx_word' id='word_1_107' title='bbox 510 1112 693 1171; x_wconf 82' lang='lat' dir='ltr'>Eloquia</span> <span class='ocrx_word' id='word_1_108' title='bbox 722 1122 797 1156; x_wconf 86' lang='lat' dir='ltr'>tua</span> <span class='ocrx_word' id='word_1_109' title='bbox 825 1113 974 1157; x_wconf 89' lang='lat' dir='ltr'>lumen</span> <span class='ocrx_word' id='word_1_110' title='bbox 1006 1115 1165 1158; x_wconf 83' lang='lat' dir='ltr'>semitis</span> <span class='ocrx_word' id='word_1_111' title='bbox 1199 1116 1353 1158; x_wconf 87' lang='lat' dir='ltr'>nostris</span> <span class='ocrx_word' id='word_1_112' title='bbox 1385 1123 1534 1165; x_wconf 84' lang='lat' dir='ltr'>erunt,</span> <span class='ocrx_word' id='word_1_113' title='bbox 1560 1122 1604 1156; x_wconf 87' lang='lat' dir='ltr'>et</span> <span class='ocrx_word' id='word_1_114' title='bbox 1638 1111 1734 1156; x_wconf 84' lang='lat' dir='ltr'>oleo</span> <span class='ocrx_word' id='word_1_115' title='bbox 1766 1131 1767 1134; x_wconf 45' lang='lat'>¹</span> 
     </span>
    </p>
   </div>
   <div class='ocr_carea' id='block_1_4' title="bbox 352 1182 1740 1735">
    <p class='ocr_par' dir='ltr' id='par_1_4' title="bbox 352 1182 1735 1381">
     <span class='ocr_line' id='line_1_15' title="bbox 352 1182 1735 1243; baseline -0.001 -18"><span class='ocrx_word' id='word_1_116' title='bbox 352 1182 543 1226; x_wconf 81' lang='lat' dir='ltr'>lucernae</span> <span class='ocrx_word' id='word_1_117' title='bbox 564 1192 651 1226; x_wconf 85' lang='lat' dir='ltr'>tuae</span> <span class='ocrx_word' id='word_1_118' title='bbox 669 1183 1011 1242; x_wconf 82' lang='lat' dir='ltr'>impinguabitur</span> <span class='ocrx_word' id='word_1_119' title='bbox 1032 1194 1164 1243; x_wconf 85' lang='lat' dir='ltr'>caput</span> <span class='ocrx_word' id='word_1_120' title='bbox 1180 1193 1392 1228; x_wconf 88' lang='lat' dir='ltr'>nostrum.</span> <span class='ocrx_word' id='word_1_121' title='bbox 1406 1187 1461 1227; x_wconf 91' lang='lat' dir='ltr'>Et</span> <span class='ocrx_word' id='word_1_122' title='bbox 1475 1182 1735 1227; x_wconf 81' lang='lat' dir='ltr'>accendetur</span> 
     </span>
     <span class='ocr_line' id='line_1_16' title="bbox 353 1253 1735 1312; baseline 0 -17"><span class='ocrx_word' id='word_1_123' title='bbox 353 1253 476 1307; x_wconf 87' lang='lat' dir='ltr'>fides,</span> <span class='ocrx_word' id='word_1_124' title='bbox 502 1269 600 1296; x_wconf 92' lang='lat' dir='ltr'>cum</span> <span class='ocrx_word' id='word_1_125' title='bbox 617 1254 769 1312; x_wconf 85' lang='lat' dir='ltr'>spiritu</span> <span class='ocrx_word' id='word_1_126' title='bbox 791 1255 874 1298; x_wconf 88' lang='lat' dir='ltr'>oris</span> <span class='ocrx_word' id='word_1_127' title='bbox 900 1255 960 1298; x_wconf 89' lang='lat' dir='ltr'>tui</span> <span class='ocrx_word' id='word_1_128' title='bbox 977 1254 1126 1298; x_wconf 87' lang='lat' dir='ltr'>cibum</span> <span class='ocrx_word' id='word_1_129' title='bbox 1148 1255 1303 1299; x_wconf 88' lang='lat' dir='ltr'>mentis</span> <span class='ocrx_word' id='word_1_130' title='bbox 1329 1264 1373 1299; x_wconf 87' lang='lat' dir='ltr'>et</span> <span class='ocrx_word' id='word_1_131' title='bbox 1404 1253 1555 1298; x_wconf 89' lang='lat' dir='ltr'>lumen</span> <span class='ocrx_word' id='word_1_132' title='bbox 1579 1253 1735 1296; x_wconf 82' lang='lat' dir='ltr'>animae</span> 
     </span>
     <span class='ocr_line' id='line_1_17' title="bbox 363 1324 735 1381; baseline -0.003 -15"><span class='ocrx_word' id='word_1_133' title='bbox 363 1324 686 1381; x_wconf 85' lang='lat' dir='ltr'>sumpserimus.</span> <span class='ocrx_word' id='word_1_134' title='bbox 719 1344 735 1365; x_wconf 90' lang='lat'>»</span> 
     </span>
    </p>

    <p class='ocr_par' dir='ltr' id='par_1_5' title="bbox 356 1390 1740 1735">
     <span class='ocr_line' id='line_1_18' title="bbox 414 1390 1738 1453; baseline -0.003 -15"><span class='ocrx_word' id='word_1_135' title='bbox 414 1396 489 1438; x_wconf 87' lang='lat' dir='ltr'>VI.</span> <span class='ocrx_word' id='word_1_136' title='bbox 529 1414 547 1436; x_wconf 94' lang='lat'>«</span> <span class='ocrx_word' id='word_1_137' title='bbox 588 1398 675 1439; x_wconf 82' lang='lat' dir='ltr'>Pax</span> <span class='ocrx_word' id='word_1_138' title='bbox 698 1405 741 1438; x_wconf 88' lang='lat' dir='ltr'>et</span> <span class='ocrx_word' id='word_1_139' title='bbox 769 1395 900 1453; x_wconf 80' lang='lat' dir='ltr'>gratia</span> <span class='ocrx_word' id='word_1_140' title='bbox 925 1396 1002 1439; x_wconf 85' lang='lat' dir='ltr'>Dei</span> <span class='ocrx_word' id='word_1_141' title='bbox 1035 1405 1194 1449; x_wconf 85' lang='lat' dir='ltr'>tecum,</span> <span class='ocrx_word' id='word_1_142' title='bbox 1221 1404 1265 1439; x_wconf 86' lang='lat' dir='ltr'>et</span> <span class='ocrx_word' id='word_1_143' title='bbox 1285 1410 1443 1439; x_wconf 88' lang='lat' dir='ltr'>corona</span> <span class='ocrx_word' id='word_1_144' title='bbox 1459 1393 1637 1453; x_wconf 81' lang='lat' dir='ltr'>justitiae</span> <span class='ocrx_word' id='word_1_145' title='bbox 1659 1390 1738 1435; x_wconf 88' lang='lat' dir='ltr'>tibi</span> 
     </span>
     <span class='ocr_line' id='line_1_19' title="bbox 356 1464 1740 1525; baseline -0.002 -18"><span class='ocrx_word' id='word_1_146' title='bbox 356 1474 528 1508; x_wconf 84' lang='lat' dir='ltr'>maneat</span> <span class='ocrx_word' id='word_1_147' title='bbox 558 1465 602 1508; x_wconf 89' lang='lat' dir='ltr'>in</span> <span class='ocrx_word' id='word_1_148' title='bbox 630 1467 700 1509; x_wconf 90' lang='lat' dir='ltr'>die</span> <span class='ocrx_word' id='word_1_149' title='bbox 735 1466 833 1520; x_wconf 91' lang='lat' dir='ltr'>illo,</span> <span class='ocrx_word' id='word_1_150' title='bbox 862 1467 1043 1510; x_wconf 88' lang='lat' dir='ltr'>Domine</span> <span class='ocrx_word' id='word_1_151' title='bbox 1067 1475 1187 1525; x_wconf 89' lang='lat' dir='ltr'>pater</span> <span class='ocrx_word' id='word_1_152' title='bbox 1208 1466 1362 1509; x_wconf 87' lang='lat' dir='ltr'>merito</span> <span class='ocrx_word' id='word_1_153' title='bbox 1395 1464 1669 1508; x_wconf 85' lang='lat' dir='ltr'>dilectissime</span> <span class='ocrx_word' id='word_1_154' title='bbox 1697 1469 1740 1504; x_wconf 91' lang='lat' dir='ltr'>et</span> 
     </span>
     <span class='ocr_line' id='line_1_20' title="bbox 356 1534 1739 1594; baseline -0.002 -17"><span class='ocrx_word' id='word_1_155' title='bbox 356 1534 611 1578; x_wconf 88' lang='lat' dir='ltr'>venerabilis</span> <span class='ocrx_word' id='word_1_156' title='bbox 639 1543 681 1578; x_wconf 87' lang='lat' dir='ltr'>et</span> <span class='ocrx_word' id='word_1_157' title='bbox 716 1537 1050 1594; x_wconf 77' lang='lat' dir='ltr'>exoptatissime.</span> <span class='ocrx_word' id='word_1_158' title='bbox 1087 1536 1343 1580; x_wconf 79' lang='lat' dir='ltr'>Benedictus</span> <span class='ocrx_word' id='word_1_159' title='bbox 1384 1535 1620 1579; x_wconf 75' lang='lat' dir='ltr'>sanctitatis</span> <span class='ocrx_word' id='word_1_160' title='bbox 1651 1542 1739 1576; x_wconf 84' lang='lat' dir='ltr'>tuae</span> 
     </span>
     <span class='ocr_line' id='line_1_21' title="bbox 356 1603 1740 1662; baseline -0.003 -14"><span class='ocrx_word' id='word_1_161' title='bbox 356 1605 534 1649; x_wconf 86' lang='lat' dir='ltr'>comites</span> <span class='ocrx_word' id='word_1_162' title='bbox 562 1615 606 1649; x_wconf 87' lang='lat' dir='ltr'>et</span> <span class='ocrx_word' id='word_1_163' title='bbox 634 1605 933 1660; x_wconf 69' lang='lat' dir='ltr'>aemulatores,</span> <span class='ocrx_word' id='word_1_164' title='bbox 959 1607 1003 1649; x_wconf 86' lang='lat' dir='ltr'>in</span> <span class='ocrx_word' id='word_1_165' title='bbox 1033 1606 1209 1650; x_wconf 90' lang='lat' dir='ltr'>domino</span> <span class='ocrx_word' id='word_1_166' title='bbox 1232 1607 1383 1649; x_wconf 83' lang='lat' dir='ltr'>fratres</span> <span class='ocrx_word' id='word_1_167' title='bbox 1405 1607 1455 1662; x_wconf 83' lang='lat' dir='ltr'>(si</span> <span class='ocrx_word' id='word_1_168' title='bbox 1485 1603 1740 1662; x_wconf 79' lang='lat' dir='ltr'>dignantur)</span> 
     </span>
     <span class='ocr_line' id='line_1_22' title="bbox 358 1672 1736 1735; baseline -0.002 -18"><span class='ocrx_word' id='word_1_169' title='bbox 358 1683 542 1728; x_wconf 76' lang='lat' dir='ltr'>nostros,</span> <span class='ocrx_word' id='word_1_170' title='bbox 566 1685 650 1718; x_wconf 87' lang='lat' dir='ltr'>tam</span> <span class='ocrx_word' id='word_1_171' title='bbox 670 1676 714 1719; x_wconf 85' lang='lat' dir='ltr'>in</span> <span class='ocrx_word' id='word_1_172' title='bbox 735 1676 922 1719; x_wconf 88' lang='lat' dir='ltr'>ecclesiis</span> <span class='ocrx_word' id='word_1_173' title='bbox 939 1692 1069 1735; x_wconf 87' lang='lat' dir='ltr'>quam</span> <span class='ocrx_word' id='word_1_174' title='bbox 1091 1676 1136 1719; x_wconf 91' lang='lat' dir='ltr'>in</span> <span class='ocrx_word' id='word_1_175' title='bbox 1162 1676 1443 1725; x_wconf 85' lang='lat' dir='ltr'>monasteriis,</span> <span class='ocrx_word' id='word_1_176' title='bbox 1469 1672 1736 1731; x_wconf 80' lang='lat' dir='ltr'>Carthagini,</span> 
     </span>
    </p>
   </div>
   <div class='ocr_carea' id='block_1_5' title="bbox 1778 1543 1790 1646">
    <p class='ocr_par' dir='ltr' id='par_1_6' title="bbox 1778 1543 1790 1646">
     <span class='ocr_line' id='line_1_23' title="bbox 1778 1543 1790 1581; baseline 0 0"><span class='ocrx_word' id='word_1_177' title='bbox 1778 1543 1790 1581; x_wconf 72' lang='lat' dir='ltr'>t</span> 
     </span>
     <span class='ocr_line' id='line_1_24' title="bbox 1785 1618 1790 1646; baseline 0 0"><span class='ocrx_word' id='word_1_178' title='bbox 1785 1618 1790 1646; x_wconf 79' lang='lat' dir='ltr'>i</span> 
     </span>
    </p>
   </div>
   <div class='ocr_carea' id='block_1_6' title="bbox 1782 1690 1785 1713">
    <p class='ocr_par' dir='ltr' id='par_1_7' title="bbox 1782 1690 1785 1713">
     <span class='ocr_line' id='line_1_25' title="bbox 1782 1690 1785 1713; baseline 0 0"><span class='ocrx_word' id='word_1_179' title='bbox 1782 1690 1785 1713; x_wconf 85' lang='lat' dir='ltr'>l</span> 
     </span>
    </p>
   </div>
   <div class='ocr_carea' id='block_1_7' title="bbox 360 1745 1790 1804">
    <p class='ocr_par' dir='ltr' id='par_1_8' title="bbox 360 1745 1790 1804">
     <span class='ocr_line' id='line_1_26' title="bbox 360 1745 1790 1804; baseline 0 -16"><span class='ocrx_word' id='word_1_180' title='bbox 360 1746 608 1803; x_wconf 79' lang='lat' dir='ltr'>Thagastae,</span> <span class='ocrx_word' id='word_1_181' title='bbox 635 1746 1007 1804; x_wconf 81' lang='lat' dir='ltr'>Hippone-regio,</span> <span class='ocrx_word' id='word_1_182' title='bbox 1029 1755 1071 1790; x_wconf 86' lang='lat' dir='ltr'>et</span> <span class='ocrx_word' id='word_1_183' title='bbox 1106 1747 1202 1790; x_wconf 89' lang='lat' dir='ltr'>totis</span> <span class='ocrx_word' id='word_1_184' title='bbox 1238 1746 1450 1804; x_wconf 87' lang='lat' dir='ltr'>parochiis</span> <span class='ocrx_word' id='word_1_185' title='bbox 1488 1745 1572 1789; x_wconf 88' lang='lat' dir='ltr'>tuis</span> <span class='ocrx_word' id='word_1_186' title='bbox 1609 1753 1760 1802; x_wconf 79' lang='lat' dir='ltr'>atque.</span> <span class='ocrx_word' id='word_1_187' title='bbox 1788 1769 1790 1774; x_wconf 90' lang='lat'><em>.</em></span> 
     </span>
    </p>
   </div>
   <div class='ocr_carea' id='block_1_8' title="bbox 360 1886 1760 2366">
    <p class='ocr_par' dir='ltr' id='par_1_9' title="bbox 360 1886 1760 2366">
     <span class='ocr_line' id='line_1_27' title="bbox 360 1886 1736 1947; baseline -0.001 -17"><span class='ocrx_word' id='word_1_188' title='bbox 360 1887 608 1942; x_wconf 85' lang='lat' dir='ltr'>servientes,</span> <span class='ocrx_word' id='word_1_189' title='bbox 642 1887 780 1931; x_wconf 88' lang='lat' dir='ltr'>multo</span> <span class='ocrx_word' id='word_1_190' title='bbox 811 1888 971 1931; x_wconf 84' lang='lat' dir='ltr'>affectu</span> <span class='ocrx_word' id='word_1_191' title='bbox 1007 1897 1049 1931; x_wconf 92' lang='lat' dir='ltr'>et</span> <span class='ocrx_word' id='word_1_192' title='bbox 1077 1888 1287 1947; x_wconf 81' lang='lat' dir='ltr'>obsequio</span> <span class='ocrx_word' id='word_1_193' title='bbox 1317 1886 1491 1931; x_wconf 85' lang='lat' dir='ltr'>salutari</span> <span class='ocrx_word' id='word_1_194' title='bbox 1521 1901 1736 1944; x_wconf 81' lang='lat' dir='ltr'>rogamus.</span> 
     </span>
     <span class='ocr_line' id='line_1_28' title="bbox 364 1956 1741 2015; baseline -0.001 -15"><span class='ocrx_word' id='word_1_195' title='bbox 364 1957 405 2000; x_wconf 90' lang='lat' dir='ltr'>Si</span> <span class='ocrx_word' id='word_1_196' title='bbox 431 1956 565 2015; x_wconf 87' lang='lat' dir='ltr'>ipsam</span> <span class='ocrx_word' id='word_1_197' title='bbox 597 1959 893 2000; x_wconf 80' lang='lat' dir='ltr'>membranam</span> <span class='ocrx_word' id='word_1_198' title='bbox 914 1958 1049 2001; x_wconf 84' lang='lat' dir='ltr'>sancti</span> <span class='ocrx_word' id='word_1_199' title='bbox 1073 1958 1324 2001; x_wconf 86' lang='lat' dir='ltr'>Domnionis</span> <span class='ocrx_word' id='word_1_200' title='bbox 1346 1957 1574 2015; x_wconf 81' lang='lat' dir='ltr'>acceperiS,</span> <span class='ocrx_word' id='word_1_201' title='bbox 1600 1964 1741 1999; x_wconf 86' lang='lat' dir='ltr'>trans-</span> 
     </span>
     <span class='ocr_line' id='line_1_29' title="bbox 362 2025 1760 2084; baseline -0.001 -15"><span class='ocrx_word' id='word_1_202' title='bbox 362 2026 543 2083; x_wconf 84' lang='lat' dir='ltr'>criptam</span> <span class='ocrx_word' id='word_1_203' title='bbox 564 2027 688 2070; x_wconf 85' lang='lat' dir='ltr'>nobis</span> <span class='ocrx_word' id='word_1_204' title='bbox 721 2028 938 2070; x_wconf 86' lang='lat' dir='ltr'>remittere</span> <span class='ocrx_word' id='word_1_205' title='bbox 971 2026 1232 2084; x_wconf 82' lang='lat' dir='ltr'>dignaberis.</span> <span class='ocrx_word' id='word_1_206' title='bbox 1259 2029 1314 2069; x_wconf 90' lang='lat' dir='ltr'>Et</span> <span class='ocrx_word' id='word_1_207' title='bbox 1343 2027 1425 2070; x_wconf 88' lang='lat' dir='ltr'>hoc</span> <span class='ocrx_word' id='word_1_208' title='bbox 1449 2041 1553 2084; x_wconf 84' lang='lat' dir='ltr'>rogo</span> <span class='ocrx_word' id='word_1_209' title='bbox 1583 2025 1760 2075; x_wconf 69' lang='lat' dir='ltr'>scribas!</span> 
     </span>
     <span class='ocr_line' id='line_1_30' title="bbox 364 2096 1744 2155; baseline -0.001 -17"><span class='ocrx_word' id='word_1_210' title='bbox 364 2096 494 2150; x_wconf 91' lang='lat' dir='ltr'>mihi,</span> <span class='ocrx_word' id='word_1_211' title='bbox 521 2112 660 2155; x_wconf 16' lang='lat' dir='ltr'>‘quem</span> <span class='ocrx_word' id='word_1_212' title='bbox 697 2097 911 2154; x_wconf 86' lang='lat' dir='ltr'>hymnum</span> <span class='ocrx_word' id='word_1_213' title='bbox 938 2112 1084 2139; x_wconf 89' lang='lat' dir='ltr'>meum</span> <span class='ocrx_word' id='word_1_214' title='bbox 1123 2096 1390 2153; x_wconf 79' lang='lat' dir='ltr'>cognoveris.</span> <span class='ocrx_word' id='word_1_215' title='bbox 1425 2099 1585 2139; x_wconf 87' lang='lat' dir='ltr'>Panem</span> <span class='ocrx_word' id='word_1_216' title='bbox 1607 2109 1744 2138; x_wconf 91' lang='lat' dir='ltr'>unum</span> 
     </span>
     <span class='ocr_line' id='line_1_31' title="bbox 363 2165 1743 2226; baseline -0.001 -17"><span class='ocrx_word' id='word_1_217' title='bbox 363 2166 577 2209; x_wconf 79' lang='lat' dir='ltr'>sanctitati</span> <span class='ocrx_word' id='word_1_218' title='bbox 608 2176 695 2209; x_wconf 85' lang='lat' dir='ltr'>tuae</span> <span class='ocrx_word' id='word_1_219' title='bbox 716 2167 892 2210; x_wconf 88' lang='lat' dir='ltr'>unitatis</span> <span class='ocrx_word' id='word_1_220' title='bbox 924 2168 1057 2225; x_wconf 82' lang='lat' dir='ltr'>gratia</span> <span class='ocrx_word' id='word_1_221' title='bbox 1083 2167 1292 2221; x_wconf 83' lang='lat' dir='ltr'>misimus,</span> <span class='ocrx_word' id='word_1_222' title='bbox 1317 2167 1361 2209; x_wconf 90' lang='lat' dir='ltr'>in</span> <span class='ocrx_word' id='word_1_223' title='bbox 1385 2182 1472 2226; x_wconf 80' lang='lat' dir='ltr'>quo</span> <span class='ocrx_word' id='word_1_224' title='bbox 1498 2166 1623 2209; x_wconf 84' lang='lat' dir='ltr'>etiam</span> <span class='ocrx_word' id='word_1_225' title='bbox 1650 2165 1743 2209; x_wconf 85' lang='lat' dir='ltr'>Tri-</span> 
     </span>
     <span class='ocr_line' id='line_1_32' title="bbox 365 2225 1757 2296; baseline -0.001 -17"><span class='ocrx_word' id='word_1_226' title='bbox 365 2237 510 2280; x_wconf 81' lang='lat' dir='ltr'>nitatis</span> <span class='ocrx_word' id='word_1_227' title='bbox 524 2238 713 2281; x_wconf 82' lang='lat' dir='ltr'>soliditas</span> <span class='ocrx_word' id='word_1_228' title='bbox 731 2238 995 2282; x_wconf 85' lang='lat' dir='ltr'>continetur.</span> <span class='ocrx_word' id='word_1_229' title='bbox 1022 2241 1148 2282; x_wconf 88' lang='lat' dir='ltr'>Hunc</span> <span class='ocrx_word' id='word_1_230' title='bbox 1177 2253 1332 2296; x_wconf 83' lang='lat' dir='ltr'>panem</span> <span class='ocrx_word' id='word_1_231' title='bbox 1354 2238 1566 2295; x_wconf 88' lang='lat' dir='ltr'>eulogiam</span> <span class='ocrx_word' id='word_1_232' title='bbox 1589 2251 1678 2280; x_wconf 89' lang='lat' dir='ltr'>esse</span> <span class='ocrx_word' id='word_1_233' title='bbox 1701 2225 1757 2288; x_wconf 75' lang='lat' dir='ltr'>tul</span> 
     </span>
     <span class='ocr_line' id='line_1_33' title="bbox 369 2305 1052 2366; baseline -0.001 -17"><span class='ocrx_word' id='word_1_234' title='bbox 369 2305 494 2350; x_wconf 83' lang='lat' dir='ltr'>facies</span> <span class='ocrx_word' id='word_1_235' title='bbox 518 2306 768 2366; x_wconf 80' lang='lat' dir='ltr'>dignatione</span> <span class='ocrx_word' id='word_1_236' title='bbox 789 2308 1003 2352; x_wconf 81' lang='lat' dir='ltr'>sumendi.</span> <span class='ocrx_word' id='word_1_237' title='bbox 1035 2326 1052 2348; x_wconf 87' lang='lat'>»</span> 
     </span>
    </p>
   </div>
   <div class='ocr_carea' id='block_1_9' title="bbox 360 1793 1761 2032">
    <p class='ocr_par' dir='ltr' id='par_1_10' title="bbox 360 1793 1761 2032">
     <span class='ocr_line' id='line_1_34' title="bbox 360 1793 1761 2032; baseline -0.001 -172"><span class='ocrx_word' id='word_1_238' title='bbox 360 1816 563 1860; x_wconf 86' lang='lat' dir='ltr'>omnibus</span> <span class='ocrx_word' id='word_1_239' title='bbox 584 1816 765 1873; x_wconf 77' lang='lat' dir='ltr'>cognitis</span> <span class='ocrx_word' id='word_1_240' title='bbox 782 1816 860 1860; x_wconf 86' lang='lat' dir='ltr'>tibi</span> <span class='ocrx_word' id='word_1_241' title='bbox 880 1833 954 1875; x_wconf 87' lang='lat' dir='ltr'>per</span> <span class='ocrx_word' id='word_1_242' title='bbox 973 1817 1162 1861; x_wconf 88' lang='lat' dir='ltr'>Africam</span> <span class='ocrx_word' id='word_1_243' title='bbox 1185 1816 1306 1873; x_wconf 86' lang='lat' dir='ltr'>locis,</span> <span class='ocrx_word' id='word_1_244' title='bbox 1333 1816 1516 1860; x_wconf 85' lang='lat' dir='ltr'>Domino</span> <span class='ocrx_word' id='word_1_245' title='bbox 1531 1793 1761 2032; x_wconf 58' lang='lat' dir='ltr'>catholice!</span> 
     </span>
    </p>
   </div>
   <div class='ocr_carea' id='block_1_10' title="bbox 1753 2077 1759 2224">
    <p class='ocr_par' dir='ltr' id='par_1_11' title="bbox 1753 2077 1759 2224">
     <span class='ocr_line' id='line_1_35' title="bbox 1753 2077 1759 2224; baseline 0 0"><span class='ocrx_word' id='word_1_246' title='bbox 1753 2077 1759 2224; x_wconf 95' lang='lat' dir='ltr'> </span> 
     </span>
    </p>
   </div>
   <div class='ocr_carea' id='block_1_11' title="bbox 1744 2422 1761 3179">
    <p class='ocr_par' dir='ltr' id='par_1_12' title="bbox 1744 2422 1761 3179">
     <span class='ocr_line' id='line_1_36' title="bbox 1744 2422 1761 3179; baseline 0 0"><span class='ocrx_word' id='word_1_247' title='bbox 1744 2422 1761 3179; x_wconf 95' lang='lat' dir='ltr'> </span> 
     </span>
    </p>
   </div>
  </div>
 </body>
</html>
