1790 3187
342 210 422 250 3451
775 229 805 251 s.
846 227 1067 253 AUGUSTIM
1107 228 1280 254 Erlscovi

341 290 399 332 eis
421 290 538 348 quod
561 291 650 333 vult
673 292 858 350 quisquc
876 291 1020 336 credat
1040 328 1049 346 ‚
1072 291 1190 351 <ruod
1213 306 1299 335 non
1322 292 1416 335 vult
1439 307 1523 335 non
1546 292 1714 346 credat,
1776 287 1790 326 Ν

339 359 374 403 si
408 359 538 403 semel
581 359 708 404 fucrit
745 376 990 419 persuasum
1030 363 1172 423 aliqua
1204 362 1299 406 illos
1330 362 1463 416 viros,
1499 377 1577 421 per
1611 377 1719 423 quos
1776 371 1790 399 a

339 428 463 473 nobis
492 430 583 473 haec
606 431 841 476 ministrata
865 442 966 476 sunt
987 433 1031 476 in
1058 432 1288 491 Scripturis
1317 432 1402 475 suis
1425 432 1614 477 officiose
1636 448 1718 491 po-

336 499 468 544 tuisse
498 501 683 544 mentiri.
728 502 816 546 Nisi
850 501 961 546 sorte
993 503 1161 561 regulas
1191 501 1397 562 quasdam
1432 501 1612 546 daturus
1644 518 1715 557 es,

336 569 496 629 quibus
520 571 790 626 noverimus,
821 572 896 616 ubi
926 582 1123 632 oporteat
1144 574 1338 628 mentiri,
1375 573 1450 616 ubi
1474 587 1561 616 non
1586 588 1717 632 opor-

336 648 439 684 teat.
486 639 614 694 Quod
661 642 693 685 si
738 642 830 686 fieri
867 652 1009 702 potest
1037 679 1048 698 ,
1094 642 1216 687 nullo
1260 642 1390 688 modo
1437 641 1719 687 mendacibus

333 707 566 770 dubiisque
593 713 832 756 rationibus
864 713 907 757 id
936 713 1120 773 explices
1141 748 1151 768 ,
1192 729 1362 773 quaeso3
1403 728 1484 757 nec
1523 728 1591 756 me.
1614 728 1717 757 one-

331 795 477 824 rosum
504 792 579 826 aut
611 783 909 843 impudentem
933 784 1101 845 judices
1122 820 1133 840 ‚
1168 800 1244 844 per
1270 784 1583 828 humanitatem
1618 798 1716 827 vera

330 852 543 896 cissimam
564 855 734 898 Domini
753 856 902 899 nostri.
930 858 1066 910 Nam,
1089 865 1137 899 ut
1162 872 1250 900 non
1273 856 1411 900 dicam
1436 855 1578 909 nulla,
1603 863 1719 899 certe

330 938 419 966 non
450 939 605 983 magna
635 925 763 984 culpa
795 940 915 970 meus
948 942 1066 970 error
1101 927 1269 971 veritati
1300 926 1443 981 favet,
1469 927 1502 970 si
1537 934 1652 970 recte
1673 925 1717 969 in

332 1004 372 1038 te
391 1004 532 1053 potest
553 997 709 1041 veritas
733 995 876 1041 favere
897 996 1141 1042 mendacio.
1749 1003 1752 1086 η
1775 1048 1777 1060 ⁴

389 1069 464 1110 VI.
501 1067 640 1111 Multa
663 1068 745 1111 alia
764 1083 863 1111 cum
887 1069 1172 1112 sincerissimo
1192 1068 1320 1113 corde
1347 1078 1421 1113 tuo
1439 1068 1558 1127 loqui
1580 1081 1715 1126 cupe-
1750 1087 1754 1114 t
1775 1067 1778 1110 l

332 1152 419 1180 rem
433 1172 443 1190 ,
470 1146 512 1180 et
532 1136 587 1180 de
607 1137 851 1182 Christiano
868 1138 1013 1182 studio
1034 1139 1232 1183 conferre
1255 1158 1262 1182 :
1287 1139 1361 1182 sed
1383 1138 1485 1182 huic
1504 1136 1716 1181 desiderio
1750 1119 1754 1180 l
1776 1148 1779 1176 τ

327 1223 426 1251 meo
446 1207 565 1251 nulla
595 1206 775 1267 epistola
799 1209 899 1252 satis
921 1218 999 1252 est.
1028 1209 1210 1253 Uberius
1238 1209 1425 1268 idipsum
1449 1223 1623 1268 possum
1641 1223 1716 1267 per
1779 1230 1781 1238 ·

329 1279 506 1322 fratrem
527 1314 537 1333 ‚
569 1294 700 1338 quem
736 1279 1002 1323 miscendum
1035 1290 1077 1324 et
1112 1279 1316 1324 alendum
1351 1280 1552 1324 dulcibus
1587 1288 1717 1338 atque
1753 1273 1756 1352 l

332 1348 512 1394 utilibus
531 1350 965 1395 sermocinationibus
987 1352 1070 1395 tuis
1089 1352 1250 1396 misisse
1273 1367 1343 1395 me
1362 1352 1545 1410 gaudeo.
1573 1353 1629 1394 Et
1649 1359 1716 1394 ta·
1756 1395 1757 1398 ,

331 1434 429 1463 men
449 1455 460 1475 ‚
485 1429 700 1480 quantum
728 1419 883 1465 vellem
903 1456 914 1475 ‚
950 1437 1028 1464 nec
1055 1422 1145 1480 ipse
1168 1421 1319 1481 (quod
1348 1437 1452 1481 pace
1480 1423 1571 1481 ejus
1595 1420 1715 1464 dixe-

331 1491 442 1548 rim)
461 1490 642 1535 forsitan
661 1491 776 1549 capit
798 1511 805 1534 :
831 1507 1081 1551 quanquam
1102 1492 1237 1536 nihilo
1254 1507 1322 1535 me
1344 1492 1406 1535 illi
1428 1491 1711 1550 praetulerim.

332 1565 424 1620 Ego
442 1562 556 1605 enim
574 1577 642 1605 me
660 1561 798 1605 fateor
818 1562 880 1605 tui
897 1562 1163 1620 capaciorem
1184 1582 1191 1606 :
1218 1562 1292 1606 sed
1315 1563 1454 1621 ipsum
1478 1562 1605 1606 video
1625 1562 1715 1606 fieri

333 1633 567 1692 pleniorem
588 1668 597 1687 ,
625 1648 713 1693 quo
732 1648 800 1676 me
823 1634 914 1676 sine
934 1633 1207 1676 dubitatione
1225 1632 1445 1677 antecellit
1471 1651 1478 1676 :
1506 1643 1548 1676 et
1570 1642 1716 1691 postea

330 1719 460 1763 quam
486 1702 686 1758 redierit,
712 1703 832 1763 quod
865 1704 1049 1748 Domino
1078 1703 1310 1763 adjuvante
1333 1714 1633 1763 prosperatum
1668 1704 1716 1746 iri

332 1789 480 1833 spero,
509 1789 608 1817 cum
629 1774 720 1832 ejus
739 1774 923 1832 pectoris
947 1774 1021 1817 abs
1044 1783 1084 1817 te
1106 1774 1316 1818 cumulati
1341 1775 1546 1833 particeps
1568 1774 1714 1826 fuero,
1759 1761 1762 1778 ²

333 1861 421 1890 non
444 1854 508 1889 est
525 1844 805 1903 impleturus,
826 1844 945 1905 quod
963 1846 1006 1888 in
1030 1860 1098 1889 me
1122 1846 1265 1890 adhuc
1286 1861 1471 1890 vacuum
1490 1845 1569 1888 crit
1587 1855 1718 1905 atque

334 1915 508 1960 avidum
539 1931 741 1959 sensuum
772 1925 962 1959 tuorum.
992 1918 1056 1959 Ita
1091 1917 1165 1959 fiet
1191 1925 1239 1959 ut
1267 1926 1309 1959 et
1341 1931 1418 1973 ego
1451 1916 1578 1959 etiam
1614 1925 1718 1958 tunc

336 1987 531 2045 egentior
548 1987 641 2040 sim,
664 1986 737 2029 ille
754 1986 979 2045 copiosior.
1000 1989 1109 2030 Sane
1128 1986 1241 2029 idem
1260 1985 1391 2029 frater
1405 1985 1547 2045 aliqua
1561 1986 1717 2044 scripta

338 2067 483 2101 nostra
509 2056 592 2100 fert
626 2071 769 2100 secum
804 2075 812 2099 :
843 2056 999 2116 quibus
1026 2056 1240 2114 legendis,
1267 2054 1297 2099 si
1322 2055 1617 2113 dignationem
1639 2054 1717 2099 ad-

338 2128 529 2173 hibueris
547 2163 557 2182 ,
580 2128 706 2171 etiam
728 2128 933 2171 sinceram
954 2137 1084 2185 atque
1101 2125 1332 2170 fraternam
1358 2127 1627 2170 severitatem
1648 2125 1720 2169 ad-

340 2200 487 2243 hibeas
504 2234 514 2252 ,
541 2213 703 2256 quaeso.
730 2200 827 2242 Non
856 2199 972 2241 enim
999 2197 1121 2240 aliter
1143 2196 1337 2254 intelligo
1365 2196 1485 2256 quod
1511 2197 1717 2255 scriptum

339 2279 401 2313 est
427 2289 435 2313 :
466 2289 484 2310 «
512 2268 776 2312 Emendabit
808 2284 876 2311 me
895 2269 1035 2326 justus
1077 2268 1121 2310 in
1153 2267 1467 2321 misericordia,
1499 2276 1541 2310 et
1569 2277 1719 2325 arguet

343 2360 361 2381 n
390 2355 457 2383 me
494 2359 502 2384 :
546 2339 688 2382 oleum
723 2348 867 2382 autem
903 2338 1135 2397 peccatoris
1178 2354 1265 2381 non
1305 2338 1547 2396 impinguet
1588 2348 1718 2396 caput

344 2430 362 2450 »
391 2425 535 2453 meum
556 2412 568 2434 1
603 2429 610 2453 :
646 2429 663 2450 »
701 2409 779 2453 nisi
812 2409 911 2468 quia
948 2409 1077 2466 magis
1110 2418 1219 2451 smat
1253 2408 1507 2467 objurgator
1537 2423 1715 2462 sanans,
1767 2411 1769 2413 ’

339 2496 470 2542 quam
510 2481 710 2525 adulator
740 2496 939 2539 unguens
976 2488 1120 2538 caput.
1163 2482 1253 2536 Ego
1285 2489 1428 2522 autem
1466 2477 1719 2523 difficillime

1777 440 1790 469 Ξ

1778 512 1790 556 Pl

1780 581 1790 609 fs

1752 792 1773 830 'l

1771 962 1775 1000 l
1786 963 1790 993 t

1774 1005 1775 1038 l

395 2566 581 2601 'Psal.cx1.,
604 2566 621 2595 5
