1790 3187
349 218 432 259 422
786 223 819 252 s.
855 222 1086 254 insensum
1118 224 1297 253 Emscol‘l

346 295 468 358 quod
499 293 607 338 duas
628 300 795 337 aestates
809 325 821 347 ‚
845 292 1106 352 easdemque
1126 292 1171 335 in
1192 291 1337 337 Africa
1361 291 1478 336 sitire
1497 295 1727 350 cogamur?
1760 300 1762 305 ’

346 365 461 421 Quid
480 363 665 423 amplius
689 362 860 407 dicam?
887 363 924 406 Ο
946 363 1021 422 qui
1043 378 1108 408 res
1130 372 1287 407 vestras
1309 362 1503 422 quotidie
1525 364 1696 409 donatis
1711 400 1724 420 ‚

346 437 544 482 debitum
565 434 748 478 reddite.
774 436 842 477 An
864 433 977 478 forte
997 433 1118 493 quod
1141 434 1344 479 adversus
1361 434 1667 480 daemonicolas
1683 443 1728 480 te
1761 454 1763 460 ·

344 509 532 553 scribere
554 505 799 560 audieram,
825 513 955 565 atque
979 504 1026 548 id
1047 520 1156 564 opus
1178 505 1458 550 vehementer
1485 504 1728 551 desiderare
1762 526 1763 575 ι

343 594 413 624 me
434 577 706 622 ostenderam
723 577 735 600 ¹
757 609 769 630 ,
791 574 941 620 volens
961 576 1169 635 perficere
1191 591 1240 620 ac
1265 576 1437 620 mittere
1466 584 1589 621 tanto
1613 585 1726 622 tem·
1761 592 1764 626 i

344 663 449 708 pore
466 647 521 692 ad
542 662 620 691 nos
641 645 841 706 epistolas
856 646 1089 691 distulisti?
1107 646 1283 690 Utinam
1304 645 1455 690 saltem
1474 654 1562 690 tam
1582 647 1728 705 opima
1762 646 1764 702 b

344 735 491 763 mensa
515 720 605 778 jam
633 733 847 762 annosum
876 718 931 762 ab
963 718 1077 776 stylo
1105 727 1183 762 tuo
1199 718 1415 778 jejunium
1437 732 1585 761 meum
1611 718 1728 762 exci—
1762 746 1764 774 5

343 790 435 850 pias
456 809 465 835 z
487 806 585 850 quae
599 790 634 834 si
651 789 850 834 nondum
867 798 1017 849 parata
1032 798 1117 845 est,
1136 804 1226 834 non
1239 789 1484 833 desinemus
1500 790 1726 847 conqueri,

343 862 378 905 si
409 877 487 906 nos
520 861 627 906 dum
661 861 772 906 illud
806 861 996 921 perficis»,
1022 876 1112 906 non
1140 861 1312 905 interim
1347 861 1501 905 reficis.
1538 859 1730 905 Salutate
1762 850 1764 904 ι

344 931 518 988 fratres,
542 933 728 976 maxime
745 936 993 977 Romanum
1008 942 1053 976 et
1070 932 1255 991 Agilem.
1280 933 1391 977 Hinc
1408 932 1485 992 qui
1501 931 1731 976 nobiscum
1763 952 1765 974 ι

344 1013 447 1047 sunt
467 1019 543 1048 vos
566 1003 755 1048 salutant
771 1039 784 1061 ,
809 1012 852 1048 et
874 1017 1028 1063 parum
1049 1004 1279 1048 nobiscum
1300 1003 1544 1048 irascuntur
1560 1036 1573 1058 ‚
1597 1003 1631 1046 si
1655 1016 1730 1060 pa-

344 1089 445 1118 rum
462 1073 666 1132 diligunt.

346 1216 1728 1237 MWWWWWWWWWMNWWWWWWWWUMNWWWQWWWWWRNM

754 1326 1081 1374 EPISTOLA
1118 1328 1288 1374 XLIII
1302 1327 1338 1373 ².

347 1475 487 1511 Dominis
513 1475 727 1508 dilectissimis
744 1479 778 1507 et
793 1475 908 1507 merito
927 1473 1136 1517 praedicandis
1154 1474 1306 1507 fratribus
1325 1473 1510 1513 GLORIO,
1527 1473 1734 1515 ELEUSIO,

392 1532 539 1565 FELICI
547 1532 641 1570 BUS‚
669 1531 1002 1574 GRAMMATICO,
1029 1536 1062 1564 et
1079 1531 1204 1564 caeteris
1227 1529 1385 1572 omnibus,
1402 1530 1517 1573 quibus
1536 1530 1597 1563 hoc
1614 1535 1737 1573 gratum

397 1593 459 1626 est,
488 1588 791 1621 AUGUSTINUS.

360 1705 564 1766 Quanta
610 1701 909 1764 impudentia
953 1702 1226 1748 Donatistae
1261 1705 1526 1763 persistant
1564 1705 1614 1749 in
1653 1719 1739 1749 sao

649 1773 909 1820 schismate
933 1771 1210 1837 tot-judiciis
1232 1775 1447 1820 convicti.

414 1913 449 1954 I.
487 1912 611 1954 DIXIT
632 1910 811 1970 quidem
831 1910 1050 1969 apostolus
1074 1910 1253 1967 Paulus3
1282 1928 1302 1952 «
1323 1909 1587 1955 Haereticum
1604 1910 1740 1954 homi-

355 2000 377 2024 »
403 1996 506 2025 nem
526 1990 625 2040 post
646 1996 778 2024 unam
802 1982 1119 2040 correptionem
1148 1980 1291 2024 devita
1309 2014 1320 2035 ‚
1345 1982 1481 2024 sciens
1507 1980 1611 2038 quia
1633 1980 1739 2024 sub·
1764 2006 1765 2012 =

356 2071 379 2093 »
405 2066 551 2095 versus
572 2061 637 2095 est
657 2050 895 2111 ejusmodi,
921 2059 963 2094 et
986 2059 1135 2109 peccat
1150 2085 1160 2104 ,
1180 2059 1224 2093 et
1245 2058 1310 2094 est
1327 2065 1350 2094 a
1366 2050 1595 2109 semetipso
1611 2051 1739 2094 dam-

363 2143 381 2165 »
408 2124 576 2165 natusss.
605 2139 625 2163 »
665 2121 748 2166 Sed
778 2122 853 2181 qui
884 2122 1139 2165 sententiam
1172 2136 1319 2176 suam,
1354 2121 1552 2181 quamvis
1588 2119 1741 2165 falsam

356 2202 488 2252 atque
510 2207 753 2252 perversam
768 2227 779 2247 ‚
805 2192 923 2236 nulla
941 2193 1150 2251 pertinaci
1173 2193 1444 2237 animositate
1467 2190 1737 2247 defendunt,

354 2263 594 2323 praesertim
616 2278 747 2323 quam
771 2278 861 2307 non
884 2263 1060 2307 audacia
1083 2263 1431 2322 praesumptionis
1452 2278 1541 2307 suae
1559 2276 1740 2321 pepere-

355 2343 486 2389 runt,
511 2333 587 2378 sed
618 2349 642 2377 a
674 2334 860 2378 seductis
888 2342 1020 2393 atque
1048 2334 1093 2377 in
1115 2349 1302 2379 errorem
1333 2333 1462 2393 lapsis
1487 2332 1739 2392 parentibus

355 2413 639 2464 acceperunt,
660 2413 865 2464 quaerunt
882 2413 1027 2449 autem
1041 2414 1168 2449 cauta
1187 2404 1478 2450 sollicitudine
1494 2403 1735 2459 veritatem,

407 2520 419 2535 1·
434 2514 468 2544 In
483 2513 582 2554 Epist.
600 2524 687 2545 xxxi.
704 2530 745 2536 —-
759 2519 772 2534 ²
793 2512 876 2546 Alias
891 2523 980 2545 cmm.
998 2523 1067 2555 quae
1079 2516 1188 2545 autem
1202 2524 1280 2545 xmn
1296 2516 1376 2554 erat,
1391 2523 1475 2545 nunc
1491 2511 1738 2553 xv1.·—scripta

358 2568 442 2601 circa
462 2569 554 2600 linem
573 2569 643 2600 anni
664 2569 725 2611 397
747 2573 799 2601 aut
819 2568 940 2601 initium
964 2566 1038 2609 398,
1058 2586 1095 2590 ——
1112 2567 1123 2591 3
1142 2569 1202 2599 Titi
1224 2579 1269 2607 ιιι,
1294 2579 1344 2600 ιο.
