1790 3187
197 175 250 201 οε
282 172 468 201 mvEnsls
500 171 656 209 QUAEsT
694 169 747 198 An
778 166 1221 199 SIMPLICIAN.LIB.1.
1320 159 1396 197 161

0 193 3 290 i
31 251 153 287 utero
168 239 342 284 matris:
366 246 441 282 aut
462 237 520 281 ita
541 244 632 280 erat
649 244 786 279 matei
808 237 986 290 affecta,
1006 250 1107 280 cum
1131 250 1232 279 eum
1253 250 1406 279 conce·

1 307 3 368 1
30 313 107 371 pit.
143 309 277 355 Simul
309 307 423 351 enim
453 307 603 350 ambos
639 321 728 350 uno
764 315 959 365 tempore
985 305 1056 349 ille
1081 306 1219 361 sevit,
1251 305 1406 350 eodem

1 386 5 429 i
31 391 222 440 tempore
238 378 310 422 illa
331 377 544 437 concepit.
569 375 638 420 Ad
659 377 742 420 hoc
763 375 1161 421 commendandum
1184 375 1270 431 ait,
1303 395 1324 418 «
1345 378 1409 420 Ex

3 430 7 514 ἶ
36 470 55 493 »
79 465 167 495 uno
188 448 425 494 concubitu
453 466 462 492 :
495 465 515 489 »
547 455 597 491 ut
626 461 705 491 nec
735 446 957 507 astrologis
988 448 1112 493 daret
1133 447 1280 492 locum
1300 481 1311 502 ,
1340 445 1410 491 vel

4 528 7 556 ¹
34 522 91 566 eis
107 521 248 581 potius
265 534 373 579 quos
390 517 691 562 Genethliacos
709 518 1059 578 appellaverunt,
1085 519 1159 578 qui
1182 518 1236 562 de
1258 516 1410 562 natali-

6 594 110 641 ·bus
132 590 399 634 nascentium
428 603 567 632 mores
590 598 634 632 et
666 597 820 633 eventa
853 590 1116 649 conjectant.
1150 589 1265 642 Quid
1293 589 1411 632 enim

7 662 202 731 ιάἰοειῑιῑ,
235 675 312 703 cur
345 674 432 702 una
466 659 750 717 conceptione
778 660 859 703 sub
893 675 980 704 uno
1010 660 1164 718 utique
1205 659 1412 719 temporis

9 738 12 783 ι
35 741 216 793 puncto,
251 730 402 775 eadem
435 729 713 789 dispositione
739 729 837 774 coeli
860 739 902 774 et
925 730 1141 786 siderum,
1167 740 1217 775 ut
1247 730 1413 776 diversa

36 803 208 862 singulis
229 801 426 846 annotari
450 802 627 846 omniuo
654 817 743 845 non
775 810 973 860 possent
1000 810 1119 845 tanta
1148 804 1192 846 in
1219 802 1303 846 illis
1338 817 1415 860 ge-

36 875 158 919 minis
179 873 401 918 diversitas
423 871 554 916 fuerit
570 907 580 927 ,
606 887 780 931 prorsus
809 888 897 916 non
927 872 1157 916 inveniunt
1182 891 1191 917 z
1217 881 1260 916 et
1288 872 1416 917 facile

36 943 398 998 animadvertunt,
419 943 453 986 si
474 941 654 997 volunt,
677 957 878 1002 responsa
901 941 975 986 illa
996 958 1095 1001 quae
1119 942 1282 986 miseris
1305 957 1413 987 ven-

36 1015 200 1069 ditant,
228 1013 389 1058 nullius
419 1013 520 1058 artis
544 1014 837 1073 expositione,
867 1013 943 1058 sed
970 1012 1151 1058 fortuita
1173 1013 1418 1073 suspicione

34 1085 227 1147 proferri.
260 1084 343 1130 Sed
372 1093 421 1128 ut
449 1083 503 1128 de
536 1100 582 1128 re
611 1100 711 1144 quae
737 1084 880 1144 agitur
901 1085 1044 1144 potius
1070 1083 1329 1145 loquamur,
1363 1085 1418 1129 ad

37 1158 316 1217 frangendam
348 1166 478 1218 atque
501 1157 788 1218 dejiciendam
819 1157 1069 1217 superbiam
1100 1157 1329 1202 hominum
1351 1158 1420 1202 in-

38 1239 253 1290 gratorum
289 1230 435 1288 gratiae
467 1229 571 1284 Dei,
603 1237 646 1272 et
674 1228 929 1273 audentium
964 1228 1137 1287 gloriari
1171 1229 1226 1273 de
1258 1229 1421 1273 meritis

38 1300 120 1345 suis
140 1334 151 1353 ‚
184 1300 261 1344 ista
292 1308 702 1344 commemorantur.
745 1319 764 1340 «
801 1301 913 1344 Cum
947 1300 1063 1342 enim
1096 1299 1296 1344 nondum
1330 1299 1421 1344 nati

40 1390 59 1413 »
84 1371 286 1425 fuissent,
307 1386 450 1431 neque
465 1370 629 1431 aliquid
647 1371 832 1430 egissent
850 1370 1018 1415 bonum
1039 1370 1106 1415 vel
1124 1370 1288 1415 malum
1305 1405 1316 1426 ‚
1332 1386 1422 1416 non

43 1459 61 1482 »
84 1456 134 1486 ex
155 1441 357 1501 operibus
375 1476 386 1495 ,
411 1441 487 1485 sed
510 1457 561 1485 ex
584 1450 767 1486 vocante
789 1441 956 1485 dictum
979 1450 1043 1485 est
1067 1441 1127 1496 ei,
1152 1442 1264 1494 Quia
1287 1447 1424 1498 major

45 1530 64 1553 »
88 1513 241 1557 serviet
258 1511 458 1555 minori1.
484 1530 504 1552 »
526 1513 731 1556 Vocantis
747 1521 812 1555 est
831 1527 933 1570 ergo
956 1512 1091 1570 gratia
1111 1533 1122 1569 3
1145 1512 1423 1572 percipientis

41 1597 140 1627 vero
177 1583 355 1641 gratiam
389 1591 704 1641 consequenter
737 1591 840 1626 sunt
869 1596 1001 1640 opera
1035 1581 1178 1638 bona,
1206 1598 1293 1627 non
1323 1598 1424 1643 quae

44 1653 220 1711 gratiam
243 1652 436 1712 pariant,
463 1652 538 1696 sed
565 1668 664 1712 quae
688 1652 822 1711 gratia
843 1652 1082 1711 pariantur.
1110 1655 1207 1698 Non
1229 1653 1347 1697 enim
1375 1662 1425 1698 ut

42 1723 204 1768 ferveat
237 1722 432 1768 calefacit
465 1722 598 1781 ignis,
632 1722 707 1767 sed
739 1723 841 1782 quia
869 1723 1009 1768 fervet
1035 1739 1043 1764 ε
1074 1739 1155 1768 nec
1178 1723 1276 1768 ideo
1313 1724 1425 1768 bene

42 1796 174 1839 currit
195 1803 289 1839 rota
310 1803 360 1838 ut
378 1794 565 1838 rotunda
585 1794 659 1849 sit,
679 1794 752 1838 sed
771 1794 872 1854 quia
892 1793 1080 1839 rotunda
1098 1804 1162 1839 est
1183 1813 1193 1840 :
1218 1795 1277 1839 sic
1295 1811 1426 1841 nemo

44 1874 269 1925 propterea
287 1865 396 1908 bene
417 1872 618 1921 operatur
639 1874 688 1909 ut
711 1865 892 1923 accipiat
910 1865 1087 1942 gratiam
1100 1900 1111 1920 ‚
1137 1865 1212 1910 sed
1231 1867 1334 1926 quia
1352 1882 1424 1912 ac-

48 1937 173 1996 cepit.
200 1935 430 1989 Quomodo
453 1934 567 1978 enim
587 1944 727 1994 potest
744 1936 858 1995 juste
889 1936 1055 1991 vivere,
1079 1936 1156 1996 qui
1178 1952 1268 1981 non
1295 1937 1430 1982 fuerit

0 2008 324 2068 Justificatus?
346 2005 570 2067 quomodo
591 2015 736 2050 sancte
758 2007 927 2062 vivere,
949 2007 1025 2066 qui
1042 2022 1130 2052 non
1154 2007 1285 2053 fuerit
1303 2025 1428 2054 sanc-

35 2066 256 2159 stificatus?
285 2076 353 2122 vel
381 2076 561 2122 omnino
590 2077 761 2131 viver,e
790 2077 866 2136 qui
888 2092 978 2122 non
1006 2076 1140 2122 fuerit
1161 2078 1431 2129 vivificatus?

0 2172 7 2200 ς
36 2145 262 2193 Justificat
285 2156 427 2192 autem
451 2148 612 2206 gratia,
634 2157 683 2192 ut
695 2147 956 2208 justificatus
980 2149 1113 2208 possit
1133 2150 1277 2195 vivere
1294 2152 1425 2211 juste.

6 2251 7 2256 ,
54 2220 192 2264 Prima
217 2229 281 2264 est
302 2219 433 2278 igitur
462 2219 596 2277 gratia
614 2254 624 2271 ‚
662 2219 853 2263 secunda
883 2235 1013 2279 opera
1039 2221 1153 2265 bona
1170 2255 1181 2276 ‚
1207 2221 1320 2266 sicut
1345 2222 1430 2268 alio

54 2290 146 2336 loco
167 2290 272 2336 dicit
298 2310 306 2334 :
335 2309 355 2333 «
381 2290 432 2334 Ei
451 2299 598 2343 autem
622 2290 695 2350 qui
723 2300 927 2350 operatur
948 2326 958 2345 ,
983 2306 1147 2336 merces
1169 2307 1258 2337 non
1280 2293 1427 2352 impu-

7 2388 11 2415 3
56 2371 211 2407 »tatur
245 2361 484 2406 secundum
516 2362 694 2421 gratiam
715 2397 726 2416 ,
760 2362 835 2406 sed
865 2362 1105 2406 secundum
1135 2362 1375 2408 debitum2.
1404 2385 1423 2407 »

0 2480 14 2496 „
58 2433 171 2478 Sicut
185 2431 258 2477 illa
280 2431 578 2477 immortalitas
596 2441 690 2492 post
708 2448 837 2492 opera
861 2433 997 2488 bona,
1022 2433 1055 2477 si
1078 2442 1223 2479 tamen
1253 2434 1321 2480 vel
1338 2436 1430 2496 ipsa

103 2522 111 2540 ¹
138 2519 226 2550 Rom.
250 2528 294 2558 ix,
315 2528 349 2549 11
372 2521 406 2550 et
423 2527 508 2560 seqq.
523 2535 561 2539 —
576 2523 588 2539 ²
611 2516 722 2558 ld.1v,
747 2516 777 2558 4.

239 2580 366 2611 cnv.
1168 2572 1213 2612 11

45 2589 49 2650 g

47 2659 51 2789 ἵ

51 2854 53 2885 i
