1790 3187
282 228 365 267 440
721 241 752 266 s.
790 238 1021 266 Aussvs'rrm
1055 241 1236 267 Eriscom

280 314 375 349 tum
416 318 574 347 nomen
610 303 714 362 ejus.
755 301 926 346 Tolerat
955 303 1092 347 David
1132 302 1303 349 Saiilem
1344 313 1660 364 persecutorem

279 390 431 430 suum,
463 374 676 419 sceleratis
715 373 907 418 moribus
934 375 1123 419 coelestia
1154 375 1449 431 deserentem,
1486 377 1663 435 magicis

278 447 443 490 artibus
465 444 635 488 inferna
657 455 952 504 quaerentem3
977 445 1166 490 occisum
1198 446 1386 492 vindicat
1406 469 1418 505 3
1441 448 1663 493 Christum

277 517 405 561 etiam
437 515 605 559 Domini
632 524 807 574 propter
830 527 1146 560 sacramentum
1167 517 1427 562 venerandae
1447 518 1664 562 unctionis

278 586 484 646 appellat.
513 584 684 630 Tolerat
709 586 882 630 Samuel
906 587 1114 631 nefandos
1138 588 1247 632 filios
1271 588 1390 642 Heli,
1418 603 1663 647 perversos-

277 672 363 716 que
386 657 496 700 filios
515 671 634 711 suos,
658 672 765 716 quos
785 656 992 716 populus,
1013 658 1113 717 quia
1136 657 1316 702 tolerare
1333 657 1495 713 noluit,
1520 658 1665 703 divina

277 728 458 771 veritate
481 737 726 782 accusatus,
747 727 893 771 divina
911 730 1136 771 severitate
1158 739 1380 788 correptus
1398 738 1474 772 est.
1494 728 1667 772 Tolerat

277 797 466 858 denique
479 798 617 856 ipsum
635 797 844 856 populum
859 798 1094 857 superbum
1111 809 1454 858 contemptorem
1476 799 1562 842 Dei.
1584 800 1666 842 To·

277 870 384 913 lerat
408 869 535 913 Isaias
553 869 596 912 in
616 884 725 929 quos
745 879 832 912 tam
849 870 986 913 multa
1009 885 1104 913 vera
1131 871 1308 914 crimina
1326 869 1557 930 jaculatur.
1582 872 1667 913 To·

275 939 384 983 lerat
412 941 616 983 Jercmias
641 957 661 983 a
696 940 856 999 quibus
885 943 1280 1000 tanta'perpetitur.
1309 942 1480 986 Tolerat
1504 941 1667 985 Zacha-

275 1012 358 1054 rias
380 1012 614 1055 Pharisaeos
639 1021 681 1054 et
702 1012 884 1064 Scribas,
905 1012 1053 1070 quales
1072 1011 1145 1056 illo
1164 1022 1358 1070 tempore
1377 1013 1505 1056 fuisse
1529 1012 1665 1071 Scrip-

276 1090 375 1125 tura
404 1091 599 1125 testatur.
635 1083 731 1125 Scio
764 1097 830 1125 me
859 1081 1020 1127 multos
1045 1084 1391 1141 praetermisisse,
1419 1085 1564 1141 legant
1591 1083 1667 1142 qui

276 1152 462 1206 volunt,
498 1151 646 1211 legant
677 1153 752 1211 qui
781 1162 960 1211 possunt
987 1151 1160 1212 eloquia
1198 1153 1415 1207 eoelestia,
1447 1154 1668 1198 invenient

277 1237 426 1266 omnes
444 1232 612 1267 sanctos
636 1223 712 1266 Dei
733 1237 878 1266 servos
901 1231 943 1266 et
965 1223 1123 1267 amicos
1145 1238 1314 1282 semper
1336 1224 1534 1268 habuisse
1556 1239 1666 1283 quos

277 1294 320 1338 in
347 1310 424 1337 suo
445 1294 609 1354 populo
632 1294 895 1351 tolerarent,
931 1309 1030 1338 cum
1061 1295 1220 1354 quibus
1249 1304 1394 1339 tamen
1415 1295 1531 1340 illius
1558 1304 1670 1339 tem-

277 1366 393 1423 poris
415 1375 683 1409 sacramenta
706 1365 1079 1410 communicantes
1100 1400 1110 1420 ,
1143 1381 1230 1409 non
1253 1365 1393 1410 solum
1416 1381 1505 1410 non
1526 1366 1670 1425 inqui-

278 1437 523 1491 nabantur,
548 1435 620 1480 sed
650 1438 776 1480 etiam
800 1435 1079 1479 laudabiliter
1100 1437 1399 1490 sustinebant,
1430 1455 1450 1478 «
1477 1436 1664 1481 Studen-

280 1522 299 1546 ι)
328 1515 417 1560 tes,
461 1507 571 1550 sicut
610 1508 667 1550 ait
711 1506 943 1566 Apostolus
967 1541 977 1561 ,
1013 1521 1182 1551 servare
1232 1507 1444 1550 unitatem
1494 1507 1669 1566 spiritus

282 1593 300 1616 ι)
327 1576 372 1619 in
406 1574 580 1620 vinculo
605 1576 720 1634 pacis
739 1578 769 1618 ¹.
798 1595 817 1616 »
850 1576 1092 1619 Attendant
1115 1577 1245 1620 etiam
1269 1585 1365 1635 post
1389 1577 1559 1620 Domini
1589 1575 1668 1620 ad-

278 1657 457 1693 ventum
475 1683 485 1699 ,
510 1647 587 1690 ubi
618 1647 757 1691 multo
776 1647 901 1705 plura
922 1647 1050 1706 hujus
1073 1647 1310 1691 tolerantiae
1332 1663 1404 1704 per
1427 1656 1567 1692 totum
1597 1663 1669 1692 οι·-

280 1719 375 1762 bem
417 1718 710 1762 inveniremus
753 1717 982 1776 exempla,
1022 1719 1055 1761 si
1087 1719 1232 1762 omnia
1261 1718 1389 1762 scribi
1417 1727 1460 1762 et
1491 1718 1536 1761 in
1569 1733 1670 1763 auc-

279 1789 498 1833 toritatem
516 1788 650 1847 redigi
668 1790 924 1847 potuissent,
946 1796 1093 1831 tamen
1110 1788 1205 1832 haec
1227 1788 1321 1847 ipsa
1343 1803 1442 1847 quoe
1460 1788 1672 1833 habemus

281 1859 506 1904 advertite.
545 1859 718 1903 Tolerat
743 1860 833 1918 ipse
860 1859 1067 1903 Dominus
1101 1858 1285 1914 Judam,
1317 1857 1567 1914 diabolum,
1601 1857 1672 1903 fu-

281 1946 369 1974 rem
389 1967 399 1984 ,
433 1939 474 1974 et
498 1930 766 1974 venditorem
792 1945 917 1973 suum
944 1948 952 1974 :
990 1930 1090 1972 sinit
1114 1932 1307 1988 accipere
1328 1929 1441 1973 inter
1469 1930 1670 1973 innocen-

280 2011 344 2046 tes
374 2001 629 2059 discipulos,
665 2001 786 2060 quod
814 2000 962 2043 fideles
990 2009 1206 2044 noverunt
1238 2000 1424 2059 pretium
1453 2009 1667 2045 nostrum.

283 2073 486 2116 Tolerant
507 2071 702 2130 Apostoli
724 2070 1133 2130 pseudo-apostolos
1148 2105 1159 2125 ‚
1185 2079 1228 2114 et
1247 2070 1359 2115 inter
1379 2086 1454 2115 sua
1476 2086 1673 2130 quaeren-

282 2152 344 2186 tes
374 2157 463 2185 non
485 2157 584 2201 quae
608 2144 711 2185 Jesu
744 2141 927 2195 Christi,
957 2141 1115 2185 Paulus
1145 2157 1233 2186 non
1262 2157 1337 2185 sua
1369 2157 1569 2201 quaerens
1597 2141 1672 2186 sed

282 2229 381 2272 quae
409 2215 511 2256 Jesu
540 2212 727 2266 Christi,
761 2227 862 2256 cum
896 2211 1197 2270 gloriosissima
1234 2212 1461 2256 tolerantia
1489 2228 1672 2258 conver-

283 2294 415 2327 satur.
449 2286 671 2326 Postremo
701 2281 822 2342 quod
850 2282 979 2341 paulo
1004 2291 1103 2325 ante.
1129 2284 1494 2335 commemoravi,
1524 2282 1671 2326 divina

283 2369 388 2398 voce
417 2353 619 2397 laudatur
650 2354 730 2397 sub
767 2353 920 2410 Angeli
952 2353 1128 2396 nomine
1161 2353 1416 2411 praepositus
1450 2353 1666 2407 ccclesiae,

284 2423 404 2483 quod
426 2439 525 2467 cum
557 2424 715 2467 odisset
743 2422 901 2477 malos,
926 2438 997 2467 eos
1024 2433 1167 2467 tamen
1198 2432 1387 2468 tentatos
1411 2431 1453 2467 et
1476 2423 1671 2467 inventos

286 2508 364 2552 pro
386 2493 561 2536 nomine
581 2494 751 2537 Domini
771 2492 982 2537 toleravit.

337 2585 341 2597 ¹
369 2577 479 2617 Eplws.
502 2588 542 2614 iv,
576 2577 603 2606 ἕξ.
