1790 3187
340 184 423 223 252
557 198 592 223 s.
626 194 857 223 Anausnm
889 195 943 222 DE
975 196 1078 224 oero
1108 197 1297 224 DULcrrn
1330 198 1484 233 QUAEST.

339 260 577 305 secundum
600 261 862 320 superiorem
883 262 1236 321 disputationem,
1263 263 1444 307 remissis
1466 264 1651 323 peccatis
1673 263 1736 311 et'

340 347 430 376 non
453 332 689 391 imputatis,
712 341 888 390 propter
908 333 1042 392 ipsam
1063 349 1238 393 quoque
1260 334 1371 391 piam
1397 335 1714 391 poenitentiam,

342 419 429 448 non
457 404 673 447 immerito
706 403 790 447 dici
824 404 956 463 possit
998 405 1200 448 inventus
1228 404 1467 448 secundum
1501 421 1574 448 cor
1606 405 1716 464 θεὶς

340 484 485 519 tamen
523 490 671 518 ornnes
705 473 948 518 voluntates
987 476 1061 519 Dei
1092 474 1312 534 quomodo
1335 473 1472 519 fecit?
1508 475 1717 528 Quicum

342 545 696 590 excellentissime
713 543 983 600 laudaretur,
1021 545 1196 605 quando
1217 546 1306 606 ejus
1328 556 1584 604 temporaet
1608 544 1720 591 facta

344 619 564 678 Scriptura
588 618 791 671 narravit,
811 627 984 661 notatus
1000 627 1241 670 esttamen,
1267 616 1385 676 quod
1405 632 1491 661 non
1509 613 1721 662 destruxit

342 689 531 742 excelsa,
558 689 634 732 ubi
659 688 927 732 sacrificabat
957 688 1144 747 populus
1177 688 1252 731 Dei
1283 697 1432 731 contra
1455 697 1720 747 pracceptum

345 760 522 820 Dei‚qui
543 758 844 804 tantummodo
866 759 909 802 in
933 759 1211 802 tabernaculo
1234 759 1466 803 testimonii
1493 760 1572 802 sibi
1597 758 1721 802 sacri-

343 832 657 892 ficarijusserat
678 852 689 888 3
714 831 908 890 quamvis
931 840 973 873 et
996 831 1040 873 in
1062 829 1211 874 iisdem
1236 829 1408 874 excelsis
1431 830 1569 873 eidem
1593 831 1723 874 sacri-

344 903 544 946 ficaretur
570 905 656 946 Deo
680 920 688 945 :
722 917 820 960 quoe
854 899 1133 960 postmodum
1165 899 1329 963 excelsa
1364 917 1414 944 ex
1437 900 1569 960 ipsius
1587 900 1723 944 David

343 974 507 1017 semine
538 982 796 1030 propagatus
824 987 897 1015 rex
923 971 1125 1015 Ezechias
1148 986 1245 1014 cum
1273 972 1517 1014 testimonio
1556 985 1723 1029 magnae

343 1059 431 1088 suae
449 1042 588 1086 laudis
609 1043 762 1085 evertit
787 1044 816 1084 ¹.

404 1117 465 1158 4⁰.
504 1114 623 1157 Sicut
649 1113 789 1172 potui,
823 1112 1024 1171 respondi
1056 1111 1411 1171 inquisitionibus
1435 1112 1531 1155 tuis.
1553 1111 1595 1156 Si
1618 1109 1725 1171 quid

344 1184 399 1229 de
431 1184 521 1228 istis
544 1184 672 1230 rebus
705 1184 905 1227 invenisti
940 1182 1128 1240 melius;
1167 1183 1254 1226 sive
1285 1183 1478 1226 invenire
1514 1182 1723 1242 potueris,

346 1255 632 1314 gratissimum
664 1254 937 1308 habebimus,
968 1254 1002 1298 si
1032 1270 1110 1298 nos
1132 1253 1284 1298 feceris
1307 1269 1444 1297 nosse.
1471 1256 1563 1312 Ego
1591 1253 1723 1309 enim,

344 1326 464 1388 quod
487 1336 529 1370 ct.
549 1341 677 1385 supra
702 1326 757 1371 de
779 1341 847 1370 me
874 1326 1234 1381 commemoravi,
1256 1325 1390 1385 magis
1425 1341 1522 1370 amo
1543 1314 1722 1380 discere,

344 1414 476 1461 quarn
497 1398 670 1442 docere.

388 1496 400 1516 ¹
419 1494 438 1536 4
458 1497 535 1536 Reg.
555 1505 632 1535 xvn,
650 1494 681 1535 4.
