1790 3187
587 254 786 284 nrrs‘ron
818 257 906 283 xm.
1358 243 1444 288 419

57 322 317 379 auctoritas3
347 330 450 380 peto
480 335 536 365 ne
571 336 702 380 grave
730 322 784 366 sit
816 319 1026 365 litterario
1051 318 1193 364 labori
1217 327 1317 374 tuo,
1354 334 1445 379 quo

57 409 147 438 non
174 392 453 438 mediocriter
477 407 556 452 per
578 393 749 438 Domini
774 392 853 436 Dei
875 391 1011 437 nostri
1033 390 1215 451 gratiam
1235 390 1280 434 in
1310 390 1445 435 latina

57 464 205 524 lingua
222 473 472 509 sanctorum
488 464 633 509 studia
651 473 695 508 et
711 463 945 508 accendisti
962 472 1006 507 et
1022 461 1245 523 adjuvisti,
1264 461 1310 504 id
1324 460 1448 520 quod

59 535 137 579 tibi
158 550 234 595 per
256 535 545 581 humilitatem
568 550 710 580 meam
727 533 918 579 fraterna
942 533 1128 578 charitas
1144 531 1321 587 indicit,
1342 539 1394 576 ut
1411 530 1447 575 si

55 607 363 666 occupationes
384 616 473 652 tuae
499 606 650 651 sinunt
665 641 677 662 ‚
708 607 904 651 omnium
921 605 1227 650 haereticorum
1245 617 1446 664 perversa

56 677 260 735 dogmata
275 713 286 733 ‚
314 678 389 738 qui
411 678 716 723 rectitudinem
739 677 842 722 fidei
859 678 1104 722 christianae
1129 690 1269 735 usque
1291 674 1344 719 ad
1362 674 1448 720 hoc

56 755 228 807 tempus
239 748 308 793 vel
321 748 608 808 impudentia,
624 748 694 794 vel
707 748 938 808 imperitia,
955 747 1026 794 vel
1039 747 1276 808 pervicacia
1292 744 1448 804 depra-

56 831 156 862 vare
174 819 319 863 conati
331 829 448 875 sunt,
467 836 558 865 uno
568 819 720 865 libello
736 821 926 865 breviter
939 819 1104 879 digesta
1122 821 1247 875 edas,
1269 818 1316 861 in
1330 816 1450 861 noti-

55 888 159 933 tiam
174 905 343 946 eorum,
358 891 521 951 quibus
533 901 712 937 autnon
725 902 849 938 vacat
870 900 1048 951 propter
1065 890 1148 936 alia
1167 889 1358 947 negotia,
1375 894 1453 931 aut

55 974 146 1004 non
157 960 306 1006 valent
326 971 506 1022 propter
522 963 708 1007 alienam
730 963 926 1020 linguam
954 970 1045 1006 tam
1062 959 1202 1004 multa
1218 958 1363 1018 legere
1385 965 1452 1003 at-

54 1044 142 1088 que
163 1046 440 1090 cognoscere.
464 1033 545 1077 Diu
578 1042 618 1078 te
636 1048 859 1092 rogarem,
882 1032 965 1077 nisi
988 1033 1073 1077 hoc
1093 1030 1253 1076 soleret
1270 1044 1360 1074 esse
1382 1028 1453 1072 in-

54 1098 217 1146 dicium
234 1104 380 1148 minus
401 1105 704 1164 praesumentis
721 1104 776 1149 de
793 1105 1020 1149 charitate.
1045 1108 1170 1147 Hunc
1186 1102 1350 1146 interea
1370 1099 1454 1145 fra-

58 1180 170 1217 trem
207 1185 406 1220 nostrum
444 1176 629 1221 Paulum
659 1177 704 1221 in
745 1175 919 1221 Christo
962 1174 1154 1220 multum
1190 1170 1455 1218 commendo

58 1242 318 1304 benignitati
341 1257 429 1292 tuae
443 1283 455 1303 ,
480 1250 604 1309 cujus
625 1249 672 1292 in
693 1249 851 1293 nostris
872 1247 1122 1306 regionibus
1145 1242 1455 1290 existimationi

59 1313 226 1362 bonum
245 1333 393 1364 coram
410 1323 500 1365 Deo
522 1320 820 1365 testimonium
838 1319 1138 1380 perhibemus.

56 1473 91 1490 Μ
95 1470 1455 1496 WWWWWWWNWWWWWMWMVWWWWWWWWWWWWWMM

483 1585 814 1635 EPISTOLA
850 1582 1017 1634 XLI1-

57 1719 190 1753 Domino
207 1720 392 1753 beatissimo
410 1725 443 1753 et
470 1721 699 1754 venerabiliter
719 1719 926 1761 suscipiendo
939 1741 948 1756 ‚
976 1717 1252 1759 sincerissimeque
1269 1713 1454 1747 charissimo

101 1776 195 1809 fratri
219 1783 251 1808 et
272 1776 497 1809 consacerdoti
529 1788 622 1819 papae
648 1774 865 1813 AURELIQ
888 1773 1080 1807 ALYPIL'S
1100 1778 1134 1805 et
1157 1768 1454 1804 AUGUSTINUS

103 1833 134 1864 in
150 1833 286 1866 Domino
307 1833 454 1866 salutem.

59 1950 108 1994 A
112 1948 266 2009 lrpz'us
284 1959 329 1994 et
345 1951 646 2011 Augustinus
663 1945 865 1993 Aurelio
884 1944 1190 2008 gratulantes
1204 1942 1265 1989 de
1282 1958 1457 1988 sermo-

118 2019 258 2064 nibus
281 2035 398 2078 quos
429 2018 702 2079 presbyteri
724 2027 963 2077 proesente
985 2019 1089 2077 ipso
1125 2014 1197 2061 ad
1223 2013 1457 2076 populum

119 2089 302 2136 habere
336 2101 588 2151 coeperant
602 2127 617 2147 ,
663 2091 911 2149 ipsumque
948 2097 1177 2152 rogantes
1217 2096 1268 2132 ut
1306 2084 1460 2147 aliqui

121 2179 285 2209 eorum
305 2179 551 2210 sermones
572 2161 666 2210 sibi
683 2163 957 2208 mittantur.

123 2304 161 2346 Ι.
194 2305 429 2346 IMPLETUM
459 2309 524 2345 est
557 2299 717 2359 gaudio
736 2313 786 2343 os
817 2305 1017 2342 nostrum
1034 2328 1046 2350 ,
1075 2302 1118 2338 et
1141 2292 1292 2352 lingua
1313 2298 1460 2335 nostra

65 2371 359 2427 exultatione,
385 2371 692 2416 nuntiantibus
712 2368 870 2413 litteris
898 2367 984 2411 tuis
1010 2373 1205 2410 sanctam
1234 2360 1462 2421 cogitatio-

64 2458 163 2489 nem
182 2454 304 2490 tuam
322 2444 557 2505 adjuvante
581 2442 767 2487 Domino
785 2441 861 2501 qui
876 2453 970 2484 eam
989 2436 1242 2497 inspiravit,
1263 2434 1320 2479 ad
1336 2433 1463 2477 effec-

113 2559 123 2577 1
143 2554 226 2586 Alias
243 2563 365 2585 mxxvii.
384 2563 453 2595 quae
471 2556 579 2585 autem
595 2560 648 2584 xm
665 2553 748 2589 erat,
765 2548 952 2582 continetur
967 2556 1055 2580 xxvi.
1069 2561 1111 2570 ·—
1122 2544 1248 2587 Scripta
1262 2542 1323 2576 sub
1339 2539 1465 2574 initium

68 2610 272 2653 episcopatus
290 2612 423 2652 August.

1205 2653 1274 2693 27.
