1790 3187
334 201 417 239 250
767 209 799 236 S.
839 212 1065 239 AUGUSTINI
1100 211 1276 238 Erlscom

334 291 414 336 pro
444 275 628 334 peccatis
655 274 740 318 suis
773 274 1029 318 sacrificium
1067 274 1242 319 contriti
1273 274 1447 332 spiritus
1475 274 1709 321 offerenti?
1743 273 1748 277 ’

334 349 515 404 Propter
537 347 630 389 haec
647 344 791 388 omnia
811 345 1027 388 'verissime
1048 344 1214 389 dictum
1236 353 1314 398 est,
1344 362 1364 385 «
1391 345 1542 388 Inveni
1577 344 1710 390 David
1769 342 1771 352 ⁴

335 434 356 457 »
382 415 620 460 seeundum
657 430 731 458 cor
762 430 920 458 meum.
951 435 970 456 »
997 416 1105 468 Quia
1131 415 1233 459 licet
1263 415 1503 459 seeundum
1533 431 1606 459 cor
1637 415 1710 460 Dei
1768 467 1770 477 Ι

331 503 419 531 non
444 496 568 539 esset,
593 485 713 545 quod
742 484 814 529 ille
837 487 1059 545 peccavit:
1088 481 1232 531 ta'men
1262 487 1501 530 secundum
1531 501 1605 530 eor
1637 487 1712 531 Dei

335 558 436 612 fuit,
456 557 573 616 quod
594 572 670 615 pro
691 558 874 615 peccatis
891 558 974 601 suis
996 573 1185 616 congrua
1210 557 1465 616 poenitentia
1487 556 1705 602 satisfecit.
1768 584 1770 597 ι

334 632 425 673 Hoc
447 627 587 673 solum
611 644 712 685 ergo
735 628 779 672 in
798 627 873 672 illo
890 629 1131 672 secundum
1159 643 1232 672 cor
1256 627 1331 672 Dei
1356 643 1444 672 non
1466 628 1566 683 fuit,
1591 628 1711 688 quod
1766 683 1769 692 .,

329 700 390 744 iili
417 703 527 743 Deus
561 716 648 744 non
680 699 924 758 imputavit.
955 703 1044 744 Hoc
1065 700 1212 759 itaque
1241 699 1409 754 ablato,
1435 699 1480 743 id
1502 709 1588 754 est,
1621 715 1711 744 non
1767 702 1769 750 ἕ

331 771 561 828 imputato,
587 770 692 830 quid
718 771 942 825 remansit,
968 771 1048 814 nisi
1078 770 1195 814 unde
1215 770 1432 815 verissime
1458 771 1674 815 diceretur
1698 789 1708 817 :

335 860 354 883 «
373 841 523 885 Inveni
545 841 677 885 David
700 841 939 885 secundum
961 857 1035 885 cor
1060 843 1236 884 meum?
1254 859 1272 882 n
1766 837 1768 846 ²

391 914 450 955 3⁰.
471 912 511 955 Si
535 921 676 955 autem
707 913 790 955 hoc
812 912 1064 971 prophetice
1081 912 1247 956 dictum
1266 911 1320 955 de
1337 911 1509 956 Christo
1530 909 1712 956 velimus

331 982 539 1040 accipere,
565 982 712 1026 nullus
744 983 883 1026 nodus
908 983 1159 1042 quaestionis
1182 992 1406 1040 oecurret3
1428 983 1510 1027 nisi
1533 983 1646 1026 forte
1663 990 1714 1026 ut
1766 999 1767 1011 ³

330 1063 550 1113 quaeratur
567 1069 590 1097 a
623 1053 764 1107 nobis,
791 1054 1013 1111 quomodo
1041 1055 1261 1099 Christum
1285 1063 1400 1098 reete
1433 1054 1514 1098 isto
1536 1052 1713 1097 nomine
1764 1058 1766 1062 ’

330 1139 482 1167 vocare
512 1124 718 1182 potuerit.
747 1124 830 1168 Sed
854 1125 1164 1183 respondemus
1189 1135 1365 1183 propter
1387 1140 1534 1168 semen
1559 1123 1710 1179 David,

329 1208 379 1237 ex
423 1209 512 1252 quo
546 1209 719 1238 earnem
758 1194 954 1238 Christus
988 1195 1231 1254 assumpsit.
1267 1198 1355 1240 Nec
1392 1195 1484 1240 sine
1517 1193 1714 1253 exemplo
1764 1200 1766 1202 ’

330 1263 540 1307 rationem
565 1265 693 1323 hujus
715 1265 756 1307 in
781 1265 953 1309 Christo
984 1265 1171 1309 nominis
1194 1264 1438 1309 reddimus.
1465 1265 1715 1309 Invenimus

329 1335 492 1394 quippe
535 1335 797 1394 apertissime
837 1338 984 1379 Jesum
1030 1336 1248 1380 Christum
1293 1335 1411 1394 apud
1452 1336 1713 1395 prophetam
1762 1340 1772 1387 ζ

331 1405 600 1449 Ezechielem
626 1406 755 1449 David
774 1421 862 1449 esse
880 1406 1162 1465 appellatum,
1190 1407 1264 1450 ubi
1285 1406 1444 1464 legitur
1461 1423 1512 1450 ex
1535 1415 1715 1464 persona
1765 1430 1767 1442 π

331 1478 406 1521 Dei
440 1478 604 1521 Patris:
648 1480 748 1521 «Et
779 1478 994 1521 suscitabo
1030 1494 1159 1537 super
1181 1494 1336 1537 pecora
1372 1493 1464 1522 mea
1499 1487 1715 1536 pastorem

333 1566 352 1589 »
374 1564 528 1603 unum,
550 1549 622 1606 qui
648 1558 791 1607 pascat
814 1565 880 1601 ea,
899 1565 1069 1592 servum
1089 1565 1234 1592 meum
1261 1549 1412 1603 David,
1438 1558 1480 1592 et
1506 1550 1597 1608 ipse
1618 1564 1716 1607 pas-

335 1639 351 1660 »
371 1629 440 1663 cet
461 1629 580 1672 ea‚‚et
599 1619 689 1678 ipse
704 1621 784 1663 erit
806 1621 870 1663 his
894 1620 937 1663 in
961 1630 1175 1679 pastorem
1195 1640 1204 1665 ε
1227 1635 1307 1678 ego
1336 1629 1480 1663 autem
1507 1621 1715 1664 Dominus

332 1708 351 1731 »
370 1706 444 1734 ero
458 1691 516 1733 eis
532 1690 575 1733 in
605 1694 757 1743 Deum,
773 1701 814 1734 et
831 1706 978 1734 servus
1000 1707 1118 1735 meus
1141 1691 1275 1735 David
1295 1691 1549 1750 princepsin
1570 1690 1715 1734 medio

332 1780 351 1801 υ
372 1777 519 1804 eorum
539 1782 549 1817 3
570 1777 648 1818 ego
674 1762 878 1805 Dominus
900 1760 1073 1805 locutus
1097 1778 1189 1805 sum
1213 1764 1242 1805 ².
1272 1781 1291 1802 »
1314 1764 1368 1805 Et
1387 1762 1470 1805 alio
1488 1760 1584 1804 loeo
1599 1779 1637 1804 2«
1658 1763 1713 1805 Et
1770 1786 1774 1800 ·

333 1848 352 1871 »
375 1846 463 1884 rex,
490 1831 648 1890 inquit,
676 1846 787 1874 unus
809 1831 888 1874 erit
910 1831 1113 1874 omnibus
1139 1832 1370 1890 imperans,
1396 1840 1438 1874 et
1461 1847 1549 1874 non
1583 1838 1712 1874 erunt
1757 1846 1769 1859 ·=

333 1920 351 1942 υ
372 1901 482 1944 ultra
503 1901 600 1945 duae
619 1911 781 1959 gentos,
808 1918 887 1946 nee
909 1901 1159 1945 dividentur
1181 1903 1364 1961 amplius
1383 1903 1426 1945 in
1450 1901 1538 1945 duo
1562 1916 1708 1959 regna,

332 1991 351 2012 »
372 1988 513 2031 neque
536 1972 787 2031 pollusmtur
808 1973 918 2016 ultra
940 1974 981 2015 in
1000 1972 1126 2017 idolis
1149 1974 1233 2016 suis
1253 1983 1295 2016 et
1315 1972 1712 2016 abominationibus

333 2044 457 2086 »suis
481 2053 523 2087 et
539 2044 580 2086 in
600 2044 767 2087 cunctis
791 2044 1090 2102 iniquitatibus
1115 2044 1221 2088 suis:
1251 2053 1292 2087 et
1315 2044 1454 2087 salvos
1470 2059 1541 2087 eos
1562 2043 1712 2086 faciam
1773 2071 1780 2090 ‹,

331 2133 350 2155 »
373 2113 426 2156 de
443 2114 648 2157 universis
666 2114 840 2157 sedibus
862 2114 945 2157 suis
963 2114 1006 2157 in
1025 2114 1184 2173 quihus
1205 2123 1506 2172 peecaverunt,
1523 2122 1564 2157 et
1588 2129 1712 2157 mun·
1764 2109 1784 2133 '⁸

332 2204 350 2226 n
369 2184 484 2228 dabo
507 2200 591 2227 eos.
621 2187 674 2228 Et
692 2193 819 2227 erunt
843 2184 945 2227 mihi
971 2184 1156 2242 populus
1175 2220 1187 2238 ,
1209 2193 1251 2227 et
1273 2200 1352 2241 ego
1378 2200 1451 2228 ero
1479 2185 1537 2228 eis
1563 2187 1676 2228 Deus
1697 2205 1708 2242 3

330 2275 348 2296 υ
368 2266 409 2297 et
427 2270 572 2298 servus
595 2270 714 2298 meus
740 2254 871 2298 David
897 2271 967 2297 rex
988 2270 1116 2312 super
1143 2271 1229 2307 eos,
1256 2263 1298 2298 et
1328 2264 1472 2313 pastor
1496 2270 1609 2298 unus
1628 2255 1709 2298 erit

331 2345 349 2366 »
371 2327 567 2369 omnium
592 2342 740 2369 eorum
762 2328 793 2369 2.
824 2344 842 2366 η
870 2327 978 2370 Osee
1006 2342 1183 2385 quoque
1212 2327 1439 2384 propheta,
1474 2341 1572 2370 eum
1599 2341 1711 2384 prae-

327 2398 542 2440 nuntiaret
568 2408 735 2455 tempus
763 2397 1015 2440 Judaeorum
1037 2432 1046 2450 ,
1075 2396 1202 2455 quale
1232 2413 1349 2440 nunc
1379 2398 1543 2440 habent
1563 2431 1573 2449 ‚
1600 2398 1708 2440 etin

327 2467 547 2512 Christum
563 2482 634 2510 eos
658 2477 803 2526 postea
822 2466 1078 2521 credituros,
1104 2466 1306 2510 eumdem
1329 2467 1548 2512 Christum
1574 2466 1707 2511 David

378 2559 382 2572 ¹
409 2550 526 2583 Ezech.
547 2561 659 2592 xxxrv,
678 2551 720 2582 23
735 2555 768 2583 et
786 2551 839 2592 24.
854 2568 895 2574 ·—
913 2557 924 2572 ²
949 2551 996 2583 Id.
1014 2561 1138 2589 xxxvn,
1157 2558 1199 2582 22
1217 2555 1250 2582 et.
1266 2561 1354 2593 seqq.
