1790 3187
340 212 422 252 318
774 225 806 249 s.
842 222 1073 250 Ausus‘nm
1105 222 1287 256 Episcom

337 303 438 332 cum
457 287 720 346 principibus
742 286 892 345 populi
914 288 995 340 sui,
1017 287 1118 331 sede
1139 285 1373 345 apostolica
1396 285 1550 329 merito
1577 283 1715 328 collo-

336 358 448 401 cavit
470 377 478 402 :
505 373 670 417 nosque
685 357 829 410 etiam,
850 373 958 416 quos
976 357 1110 401 erexit
1133 356 1272 410 elisos,
1299 365 1341 399 et
1359 355 1414 398 de
1438 365 1547 399 terra
1565 355 1714 412 inopes
1772 365 1774 375 ’

336 428 570 482 suscitavit,
592 429 634 470 in
654 437 791 470 vestra
810 427 946 471 voluit
964 438 1077 472 sorte
1101 426 1333 470 numerari.
1360 425 1443 470 Sed
1467 425 1598 484 magis
1621 440 1718 484 gra·
1771 429 1774 459 ῖ

335 497 584 541 tularnurin
605 512 655 540 eo
675 497 844 540 Domini
867 512 1059 551 munere,
1077 513 1164 557 quo
1186 513 1263 540 nos
1281 497 1324 539 in
1353 497 1536 555 pectoris
1554 496 1616 538 tui
1641 496 1718 538 ha-
1770 530 1772 544 ζ

335 568 542 612 bitatione
574 568 796 612 constituit
816 589 827 626 3
849 584 1025 628 quoque
1053 569 1110 611 ita
1139 568 1372 612 viscoribus
1398 568 1480 610 tuis
1499 566 1716 609 insinuare
1767 594 1771 625 5

335 638 538 696 dignatus
558 648 641 693 est3
667 647 716 681 ut
740 639 998 696 peculiarem
1018 639 1144 683 nobis
1160 639 1378 683 charitatis
1398 647 1483 681 tuae
1507 637 1713 681 fiduciam
1768 627 1771 693 J

333 709 616 760 vindicemus,
634 709 698 752 his
718 710 868 753 officiis
883 720 1013 769 atque
1037 709 1290 752 muneribus
1316 709 1550 767 provocati,
1567 717 1616 752 ut
1632 721 1711 752 nos
1768 699 1771 732 ³

331 777 578 823 diffidenter
594 790 668 823 aut
682 779 833 823 leviter
854 790 894 823 te
911 795 1055 823 amare
1078 795 1166 823 non
1187 779 1330 822 liceat.
1360 797 1379 819 »

389 852 446 893 ΙΙ.
488 869 506 891 «
544 850 800 908 Accepimus
835 850 949 893 enim
976 850 1142 907 insigne
1171 849 1437 908 praecipuum
1467 847 1714 891 dilectionis

330 927 374 963 et
409 920 708 964 sollicitudinis
746 930 848 975 tuae,
880 936 988 979 opus
1022 921 1158 963 sancti
1182 930 1223 963 et
1252 918 1430 978 perfecti
1459 919 1503 962 in
1530 917 1712 962 Domino

329 990 500 1034 Christo
518 991 612 1044 viri,
634 990 776 1034 fratris
801 992 932 1035 nostri
949 991 1176 1048 Augustini
1191 990 1311 1034 libris
1328 990 1523 1049 quinque
1539 987 1713 1033 confec-

330 1068 440 1114 tum,
458 1062 574 1118 quod
594 1061 651 1104 ita
667 1063 872 1104 miramur
895 1070 1024 1119 atque
1046 1061 1317 1119 suspicimus,
1345 1070 1393 1103 ut
1413 1060 1572 1107 dictata
1597 1059 1711 1103 divi·
1764 1062 1772 1126 ᾗ

329 1130 444 1172 nitus
471 1131 599 1173 verba
630 1130 871 1174 credamus.
900 1134 1051 1189 Itaque
1075 1131 1234 1175 fiducia
1267 1130 1551 1189 suscipiendae
1585 1130 1712 1174 nobis
1764 1142 1770 1166 ‘-

329 1201 625 1244 unanimitatis
647 1211 746 1254 tuae,
776 1210 819 1244 et
840 1201 893 1244 ad
918 1202 1059 1259 ipsum
1083 1202 1270 1245 scribere
1287 1202 1379 1246 ausi
1403 1217 1552 1244 sumus
1569 1235 1580 1254 ‚
1602 1201 1709 1244 dum

329 1285 405 1312 nos
420 1270 480 1312 illi
498 1286 570 1328 per
590 1280 645 1324 te,
664 1281 706 1314 et
720 1271 774 1314 de
792 1271 1004 1330 imperitia
1027 1270 1366 1326 excusandos‚et
1383 1270 1436 1314 ad
1457 1270 1713 1314 charitatem
1764 1306 1767 1310 .

327 1340 696 1385 commendandos
726 1341 1053 1398 praesumimus3
1085 1341 1196 1385 sicut
1225 1351 1268 1385 et
1294 1342 1498 1385 omnibus
1527 1340 1706 1396 sanetis,

327 1427 514 1471 quorum
553 1428 628 1455 nos
653 1422 695 1456 et
721 1413 967 1455 absentium
997 1413 1148 1456 officiis
1178 1414 1381 1472 sospitare
1410 1412 1614 1470 dignatus
1646 1426 1707 1466 es,

327 1481 417 1540 pari
448 1482 599 1540 procul
630 1482 763 1526 dubio
791 1493 1020 1526 curaturus
1052 1483 1233 1537 affectu,
1259 1493 1307 1527 ut
1334 1499 1409 1541 per
1437 1483 1710 1527 sanctitatem

328 1561 444 1595 tuam
466 1587 476 1604 ‚
503 1553 655 1596 nostris
693 1552 877 1595 invicem
915 1552 1157 1596 salutentur
1179 1554 1420 1612 obsequiis,
1445 1562 1488 1596 et
1518 1553 1560 1596 in
1592 1550 1709 1595 clero

325 1623 561 1666 sanctitatis
595 1632 680 1665 tuae
708 1623 902 1674 comites,
924 1632 966 1666 et
987 1623 1031 1665 in
1056 1623 1321 1666 monasteriis
1345 1623 1443 1666 fidei
1466 1638 1514 1666 ac
1540 1622 1708 1665 virtutis

325 1702 412 1737 tuae
441 1691 728 1736 aemulatores.
757 1695 862 1736 Nam
894 1693 971 1735 etsi
998 1693 1044 1736 in
1075 1692 1244 1751 populis
1268 1708 1316 1736 ac
1345 1708 1472 1751 super
1494 1692 1708 1750 populum
1768 1708 1770 1710 ·

325 1778 443 1820 agas,
482 1779 582 1806 oves
614 1779 783 1821 pascuae
820 1762 989 1805 Domini
1026 1778 1175 1819 regens
1203 1763 1394 1806 sollicitis
1427 1762 1527 1819 vigil
1564 1771 1709 1820 pastor

324 1833 528 1886 excubiis,
552 1843 695 1877 tamen
728 1832 1004 1877 abdicatione
1041 1833 1205 1888 saeculi,
1229 1843 1272 1876 et
1296 1832 1462 1892 repulsa
1497 1832 1636 1876 carnis
1659 1846 1708 1876 ac

324 1905 560 1962 sanguinis,
585 1904 803 1948 desertum
829 1904 905 1948 tibi
926 1905 1015 1964 ipse
1027 1903 1379 1957 fecisitseeretus
1399 1920 1422 1948 a
1439 1903 1602 1958 multis,
1627 1918 1707 1948 vo*-

324 1986 444 2019 catus
464 1976 506 2017 in
529 1975 689 2033 paucis.
714 1993 733 2016 »

382 2048 461 2088 ΙΙΙ.
491 2064 510 2086 «
539 2048 648 2089 Sane
670 2045 828 2088 vicario
844 2044 1114 2103 aliquatenus
1129 2060 1325 2096 munero,
1346 2045 1534 2102 licetper
1557 2043 1703 2087 omnia
1759 2070 1764 2072 ν

324 2115 398 2158 tibi
427 2116 563 2173 impar
585 2125 633 2158 ut
659 2117 858 2175 jusseras,
894 2113 1059 2173 providi
1083 2114 1200 2158 illam
1230 2115 1407 2158 Eusebii
1443 2113 1701 2157 venerabilis

322 2187 508 2244 episcopi
533 2184 1001 2244 Constantinopolitani
1026 2187 1035 2209 ¹
1061 2185 1115 2229 dc
1143 2186 1308 2230 cunctis
1329 2185 1594 2245 temporibus
1613 2184 1702 2228 his-

323 2257 492 2300 toriam.
517 2256 600 2300 Sed
623 2257 665 2299 in
689 2256 771 2299 hoc
804 2254 886 2298 fuit
915 2256 1245 2312 obtemperandi
1282 2271 1421 2308 mora,
1456 2254 1575 2315 quod
1612 2255 1701 2298 ins-

322 2335 469 2370 tructu
495 2336 587 2378 tuo,
614 2328 713 2386 quia
735 2326 824 2383 ipse
845 2341 933 2370 non
954 2326 1157 2369 haberem
1180 2327 1298 2370 hunc
1313 2326 1521 2379 codicem,
1548 2328 1700 2369 Romae

322 2398 459 2455 reperi
482 2396 598 2455 apud
635 2405 853 2455 parentem
889 2405 1083 2439 nostrum
1113 2411 1211 2439 vere
1231 2397 1547 2440 sanctissimum
1575 2398 1700 2438 Dom-

322 2466 513 2521 nionem,
538 2466 614 2526 qui
637 2465 785 2525 procul
810 2465 946 2509 dubio
977 2465 1219 2524 promptius
1250 2466 1358 2510 mihi
1386 2465 1529 2526 paruit
1549 2465 1594 2508 in
1617 2463 1700 2507 hoc

370 2556 377 2573 ¹
405 2552 471 2583 lmo
488 2553 522 2584 et
539 2548 677 2593 episcopi
697 2548 902 2585 Caesariensis.
