1790 3187
327 208 411 248 510
758 216 792 244 s.
828 215 1061 245 AUGUSTINI
1093 217 1276 245 Errscom

323 300 415 329 cam
440 283 798 343 significationem
811 282 1058 327 intimatum
1072 282 1168 342 plus
1186 291 1374 337 moveat,
1392 282 1488 341 plus
1502 280 1707 337 delectet,

323 355 422 414 plus
443 355 645 408 honoret,
677 368 808 413 quam
838 353 872 397 si
899 353 1040 398 verbis
1076 353 1257 413 propriis
1287 352 1505 396 diceretur
1532 354 1713 412 apertis-

320 425 442 469 sime.
456 425 598 470 Credo
614 423 735 483 quod
752 424 842 483 ipse
861 424 1014 468 animae
1031 433 1174 468 motus
1192 423 1390 484 quandiu
1414 424 1542 468 rebus
1565 423 1711 468 adhuc

321 499 499 541 terrenis
527 494 791 554 implicatur,
817 495 979 554 pigrius
1000 495 1300 540 inflammatur
1329 513 1338 539 ι
1363 495 1398 540 si
1420 510 1522 540 vero
1543 494 1711 539 feratur

319 566 374 610 ad
395 564 697 610 similitudines
715 564 974 624 corporales,
995 575 1039 610 et
1056 565 1158 609 inde
1180 563 1396 610 referatur
1414 564 1469 609 ad
1482 564 1708 625 spiritalia,

318 653 417 698 quae
449 637 534 681 illis
564 635 920 682 similitudinibus
952 638 1213 697 figurantur,
1247 637 1342 696 ipso
1368 637 1491 697 quasi
1523 636 1710 680 transitu

317 717 560 768 vegetatur,
578 717 622 752 et
639 717 848 768 tanquam
864 708 911 752 in
931 707 1076 753 facula
1099 708 1210 767 ignis
1225 709 1411 767 agitatus
1435 707 1705 764 accenditur,

317 788 360 824 et
384 779 628 825 ardentiore
650 779 884 824 dilectione
909 781 1077 840 rapitur
1099 779 1154 823 ad
1177 781 1386 840 quietem.

376 854 521 895 XXII.
544 851 737 911 Ideoque
754 852 866 895 inter
890 852 1034 896 omnia
1057 850 1130 895 illa
1155 849 1306 895 decem
1329 859 1545 910 praecepta
1567 848 1707 894 solum

316 921 394 976 ibi,
421 921 541 981 quod
574 922 627 966 de
653 922 834 966 sabbato
857 923 1044 980 positum
1068 931 1147 976 est,
1178 921 1361 979 figurate
1386 920 1708 966 observandum

316 992 594 1051 praecipitum
621 1008 752 1052 quam
770 993 954 1050 figuram
981 1008 1058 1036 nos
1086 990 1432 1051 intelligendam,
1457 1007 1546 1036 non
1576 991 1707 1035 etiam

314 1078 390 1122 per
413 1064 550 1107 otium
572 1063 796 1122 corporale
819 1063 1125 1108 celebrandam
1152 1065 1430 1123 suscepimus.
1453 1065 1565 1107 Cum
1589 1063 1705 1106 enim

313 1135 494 1180 sabbato
516 1135 783 1194 significetur
805 1135 1006 1195 spiritalis
1034 1135 1221 1194 requies,
1249 1134 1304 1178 de
1337 1151 1424 1194 qua
1455 1134 1621 1178 dictum
1643 1142 1707 1177 est

312 1207 357 1250 in
374 1206 544 1251 Psalmo
565 1225 576 1252 2
604 1226 624 1248 «
640 1209 799 1250 Vacate
820 1217 862 1251 et
881 1205 1040 1260 videte,
1059 1205 1267 1266 quoniam
1287 1221 1366 1264 ego
1384 1220 1480 1248 sum
1502 1206 1641 1249 Deus¹
1662 1222 1700 1249 z»

312 1286 355 1322 ct
371 1293 460 1338 quo
481 1287 711 1332 vocantur,
731 1278 929 1322 homines
954 1277 1008 1322 ab
1031 1277 1124 1337 ipso
1147 1277 1330 1321 Domino
1352 1277 1526 1320 dicente
1546 1297 1556 1334 3
1581 1295 1600 1318 «
1618 1277 1704 1320 Ve-

314 1367 334 1390 »
362 1349 453 1392 nite
476 1348 531 1393 ad
555 1364 624 1392 me
647 1364 796 1393 onmes
825 1348 900 1408 qui
928 1348 1132 1392 laboratis
1159 1358 1201 1392 et
1224 1348 1390 1392 onerati
1415 1347 1529 1401 estis,
1551 1355 1594 1391 et
1621 1361 1702 1405 ego

313 1437 333 1460 »
359 1435 434 1464 vos
463 1420 652 1463 reficiam
672 1438 680 1464 :
703 1418 842 1463 tollite
865 1420 1022 1478 jugum
1050 1434 1196 1463 meum
1219 1434 1348 1478 super
1370 1434 1460 1473 vos,
1484 1427 1526 1462 et
1547 1417 1700 1462 discite

311 1508 332 1532 »
360 1507 381 1535 a
400 1506 486 1546 me,
512 1492 613 1551 quia
632 1491 746 1535 mitis
771 1506 866 1535 sum
888 1499 931 1535 et
953 1490 1127 1535 humilis
1144 1490 1291 1546 corde,
1318 1500 1361 1535 et
1377 1490 1605 1535 invenietis
1627 1504 1698 1533 re-

313 1580 331 1601 »
357 1562 503 1621 quiem
517 1562 743 1606 animabus
765 1561 914 1605 vestris
931 1565 948 1587 ‘2
974 1581 982 1606 :
1012 1580 1031 1602 »
1060 1571 1216 1606 caetera
1238 1570 1383 1605 tamen
1398 1561 1458 1604 ibi
1481 1569 1698 1620 praecepta

308 1633 482 1692 proprie
503 1634 614 1678 sicut
637 1643 854 1692 praecepta
877 1643 1000 1688 suut,
1031 1634 1124 1677 sine
1145 1632 1234 1677 ulla
1267 1634 1451 1692 figurata
1474 1633 1695 1691 significa-

306 1704 425 1748 tione
442 1705 736 1750 observamus.
763 1708 873 1750 Nam
904 1714 946 1749 et
967 1703 1083 1749 idola
1118 1720 1206 1748 non
1226 1703 1367 1748 colere
1391 1703 1617 1747 manifeste
1632 1703 1695 1747 di-

306 1774 491 1820 dicimus
512 1798 523 1834 3
561 1786 603 1821 et
633 1792 723 1821 non
746 1777 941 1835 accipere
964 1776 1006 1820 in
1029 1791 1191 1819 vanum
1223 1790 1385 1820 nomen
1422 1775 1595 1819 Domini
1621 1775 1694 1818 Dei

305 1848 457 1903 nostri,
483 1858 526 1892 et
556 1849 772 1893 honorare
795 1858 960 1907 patrem
987 1857 1030 1892 et
1052 1857 1250 1903 matrem,
1277 1857 1320 1892 et
1343 1863 1432 1892 non
1462 1846 1688 1903 moechari,

304 1934 394 1963 non
412 1920 623 1974 occidere,
637 1936 724 1963 non
747 1918 899 1974 furari,
925 1935 1014 1963 non
1035 1918 1192 1963 falsum
1212 1918 1507 1963 testimonium
1529 1918 1689 1972 dicere,

304 2005 393 2033 non
406 1991 711 2049 concupiscere
725 2005 905 2034 uxorem
925 1991 1122 2048 proximi,
1135 2006 1224 2034 non
1236 1989 1541 2048 concupiscere
1558 1988 1692 2032 ullam

304 2075 395 2105 rem
414 2062 599 2121 proximi
614 2063 646 2116 3,
670 2077 759 2106 non
777 2062 959 2119 figurate
981 2061 1100 2105 aliud
1123 2061 1424 2120 praetendunt,
1449 2070 1491 2105 et
1509 2062 1692 2119 mystice

304 2130 422 2175 aliud
444 2132 716 2191 significant,
740 2131 815 2176 sed
837 2133 896 2176 sic
926 2132 1211 2176 observantur
1241 2142 1291 2176 ut
1324 2141 1494 2176 sonant.
1527 2132 1690 2176 Obser-

303 2216 402 2245 vare
424 2211 568 2246 tamen
584 2202 699 2247 diem
722 2202 889 2247 sabbati
911 2218 1000 2246 non
1023 2202 1077 2246 ad
1092 2202 1280 2246 litteram
1292 2203 1517 2262 jubemur,
1534 2218 1690 2247 secun-

303 2270 408 2316 dum
426 2273 565 2317 otium
583 2273 638 2317 ab
661 2289 790 2333 opere
811 2272 1039 2332 corporali,
1067 2273 1178 2317 sicut
1196 2274 1429 2317 observant
1447 2275 1470 2317 J
1477 2273 1589 2317 udaei
1616 2292 1624 2318 :
1647 2282 1690 2317 et

301 2342 392 2402 ipsa
422 2359 574 2388 corum
597 2345 858 2400 observatio,
883 2360 982 2404 quae
1018 2344 1076 2387 ita
1103 2354 1319 2404 praecepta
1342 2355 1420 2401 est,
1449 2345 1529 2388 nisi
1560 2344 1688 2388 aliam

301 2414 535 2473 quamdam
547 2416 784 2476 spiritalem
800 2417 992 2475 requiem
1013 2416 1239 2474 significet,
1256 2416 1684 2476 ridendajudicatur.

302 2485 427 2530 Unde
439 2503 529 2532 non
542 2487 898 2534 inconvenienter
914 2485 1197 2546 intelligimus
1215 2487 1270 2532 ad
1289 2504 1479 2533 amorem
1501 2489 1687 2533 excitan—v

351 2575 361 2594 ¹
387 2573 466 2607 Psal.
487 2585 561 2616 xcv,
584 2585 634 2607 11.
649 2591 690 2598 ——
707 2581 719 2598 ²
737 2573 851 2609 Matth.
872 2584 916 2615 xi,
937 2574 991 2606 28.
1010 2589 1051 2596 -
1070 2571 1084 2597 3
1103 2574 1202 2608 Exod.
1223 2586 1276 2613 xx,
1294 2575 1327 2618 3,
1347 2579 1381 2608 et
1397 2578 1492 2610 Deut.
1512 2585 1544 2617 v,
1564 2586 1595 2616 7.
