1790 3187
0 2548 14 2577 Le

624 219 893 246 ΑΝΝΟΤΑΤιοΝ
903 219 959 244 Es.
1409 209 1491 245 529

105 298 194 326 rem
213 291 463 327 sanctorum
485 285 730 340 Martyrum
748 283 903 328 diebus
924 283 1042 328 festis
1058 282 1252 336 indulsit,
1275 292 1323 326 ut
1336 298 1426 328 sese
1448 285 1492 327 in

102 352 152 396 iis
174 351 322 396 fideles
343 352 645 397 exhilararent.
670 353 836 398 Eodem
859 353 1038 397 consilio
1060 351 1276 396 adductus
1297 362 1361 397 est
1380 355 1489 397 Gre-

101 423 248 481 gorius
267 427 301 467 1.
322 427 437 483 Papa
452 433 500 468 ut
521 424 614 468 haec
635 424 680 468 in
695 424 774 468 lib.
803 443 864 479 ix,
890 425 1012 484 epist.
1041 429 1112 467 71.
1138 422 1306 470 Mellito
1326 424 1490 468 Abbati

101 494 368 538 Britanniam
387 496 585 554 pergenti
598 496 947 540 commendaret:
967 494 1039 539 Et
1056 496 1171 553 quia
1189 493 1328 540 boves
1340 493 1494 538 solent

102 565 151 608 in
184 564 424 626 sacrificio
458 564 730 610 daemonum
759 564 931 610 multos
964 564 1210 621 occidere,
1253 563 1394 609 debet
1428 565 1496 609 eis

102 635 250 679 etiam
284 635 379 680 lzac
399 634 458 680 cle
481 652 531 681 re
559 636 729 695 aliqua
750 636 1030 682 solemnitas
1052 637 1316 692 immutarij
1341 645 1391 680 ut
1418 634 1494 680 (lie

102 703 424 750 dedicationis
446 705 524 751 vel
552 706 789 752 natalitiis
809 718 1084 753 sanctorum
1117 708 1395 767 [Martyrum
1403 741 1489 750 .....

101 775 342 837 religiosis
353 778 576 822 conviviis
593 778 945 824 solemnitatem
962 778 1205 824 celebrent
1210 812 1296 823 .....
1313 787 1363 822 ut
1382 776 1496 821 dum

102 848 169 891 eis
193 845 360 906 aliqua
390 849 600 894 exterius
625 848 813 912 gaudia
832 859 1154 906 reservantur,
1174 848 1245 894 act
1263 850 1497 894 interiora

98 915 287 977 gaudia
308 920 577 964 consentire
579 919 792 981 facilius
808 920 1024 966 valeant.

483 1079 741 1121 ΑΝΝοΤΑΤΙο
760 1078 855 1134 (13)
877 1091 976 1135 pag.
1005 1081 1105 1120 352.

158 1220 440 1264 Ambrosium
458 1219 609 1265 laudat
636 1221 680 1264 in
697 1220 776 1265 lib.
800 1239 860 1275 vi,
885 1220 1082 1266 Confess.
1099 1235 1138 1264 c.
1156 1228 1199 1275 2,
1230 1220 1306 1279 qui
1323 1219 1494 1265 Medio-

98 1288 187 1333 lani
210 1291 329 1335 cibos
353 1291 407 1334 ad
429 1300 678 1336 sanctorum
701 1293 930 1336 Memorias
954 1291 1100 1335 afferri
1126 1291 1329 1346 vetuerit,
1362 1299 1411 1334 ut
1436 1305 1496 1334 ne

98 1357 199 1402 ulla
222 1360 415 1405 occasio
437 1376 487 1405 se
510 1359 850 1423 ingurgitandi
863 1359 1065 1405 claretur
1081 1359 1296 1416 ebriosis,
1314 1370 1358 1404 et
1381 1359 1497 1419 quia

100 1428 187 1473 illa
222 1432 367 1490 quasi
399 1431 685 1491 parentalia
725 1433 1052 1491 superstitioni
1086 1430 1350 1477 Gentilium
1395 1446 1496 1475 esse

94 1498 355 1560 facillima.

541 1653 799 1694 ΑΝΝοΤΑΤιο
817 1652 911 1707 (14)
931 1647 1046 1694 ibid.

157 1795 446 1839 Paumachius
462 1796 506 1838 in
525 1795 667 1839 uxoris
688 1809 778 1839 suae
795 1794 990 1839 Paulinae
1012 1792 1169 1837 funere
1185 1807 1302 1837 anno
1323 1791 1493 1836 circiter

100 1871 184 1910 397
205 1865 470 1925 profusiores
485 1864 634 1924 epulas
648 1864 916 1925 pauperibus
934 1864 981 1907 in
1005 1865 1047 1908 S.
1077 1862 1195 1907 Petri
1213 1861 1389 1907 basilica
1412 1877 1491 1921 ap-

97 1937 290 1997 posuisse
304 1935 508 1981 laudatur
522 1952 544 1980 a
564 1935 748 1980 Paulino
765 1935 812 1979 in
834 1935 958 1995 epist.
981 1933 1036 1979 ad
1059 1949 1161 1979 eum
1183 1933 1358 1994 scripta,
1374 1931 1492 1993 apud

100 2006 270 2052 Paulin.
300 2006 502 2052 illustrat.
529 2022 629 2066 pag.
653 2013 708 2050 29
730 2014 774 2051 et
797 2011 868 2050 30.

484 2173 738 2215 ΑΝΝΟΤΑΤιο
761 2171 857 2227 (15)
878 2182 976 2227 pag.
1005 2174 1104 2212 353.

161 2320 212 2360 In
233 2331 466 2361 sermonev
479 2315 534 2360 de
556 2316 739 2360 Diversis
759 2331 797 2360 c.
823 2320 860 2358 4.
884 2314 917 2358 I
918 2331 949 2357 n
972 2313 1083 2368 ista,
1103 2314 1259 2372 inquit,
1278 2314 1487 2371 civitate,

85 2387 282 2448 fratres
305 2388 416 2442 mei,
441 2401 600 2430 nonne
628 2386 817 2444 experti
839 2400 1016 2439 sumus,
1058 2382 1190 2442 quocl
1208 2382 1495 2430 recordatur

103 2457 351 2503 nobiscum
368 2459 605 2503 sanctitas
622 2466 800 2513 vestra,
821 2465 1003 2514 (siccento
1017 2453 1235 2515 periculo
1253 2465 1416 2501 nostro
1435 2456 1494 2502 cle

107 2530 201 2574 ista
226 2528 428 2574 basilica
447 2528 747 2574 ebriositates
770 2526 1004 2587 expulerit
1027 2526 1161 2572 Deus
1178 2523 1205 2570 P
1225 2525 1405 2572 Nonne
1426 2545 1496 2573 se·

291 2612 422 2642 cxrv.
1256 2599 1304 2638 3'1
