1790 3187
607 267 806 297 Eris-rom
838 271 963 298 XLIII.
1395 258 1479 300 439

90 336 350 396 phemetur‚
380 349 461 395 pro
493 335 610 380 bono
639 335 816 380 unitatis
848 336 1060 392 tolerant,
1098 336 1218 397 quod
1250 351 1330 396 pro
1363 338 1480 382 bono

89 407 305 467 aequitatis
328 405 535 451 oderunt.

147 479 291 521 XXII.
329 478 372 523 Si
402 478 568 522 habent
598 491 750 533 aures,
788 478 969 523 audiant
1003 477 1112 539 quid
1146 478 1330 538 Spiritus
1363 477 1481 523 dicat

87 548 288 593 ecclesiis.
316 549 384 594 Sic
415 550 533 593 enim
565 549 610 592 in
634 549 899 609 Apocalypsi
921 550 1100 594 Joannis
1120 549 1308 609 legitur3
1346 568 1366 592 «
1391 553 1481 595 An-

89 638 110 662 »
135 620 248 680 gelo,
273 621 433 681 inquit,
455 620 646 666 ecclesiae
669 621 828 681 Ephesi
851 623 992 666 scribe
1021 640 1031 667 ε
1059 624 1162 666 Haec
1185 621 1291 666 dicit
1312 624 1386 681 qui
1412 630 1480 666 te-

88 709 109 733 »
133 701 209 736 net
225 701 391 751 septem
408 691 552 738 stellas
569 693 615 736 in
633 692 810 738 dextera
827 709 924 749 sua,
950 694 1028 754 qui
1050 691 1246 738 ambulat
1268 694 1315 736 in
1336 692 1482 739 medio

88 771 301 821 »septem
335 762 700 808 candelabrorum
733 779 965 808 aureorum
995 783 1004 809 z
1033 764 1129 809 Scio
1163 779 1294 823 opera
1330 772 1404 808 tua
1439 772 1483 808 et

90 852 108 874 >›
133 832 327 878 laborem
346 843 389 878 et
406 835 659 893 patientiam
674 843 819 890 tuam,
839 844 882 879 et
901 835 1003 895 quia
1023 850 1113 880 non
1130 843 1253 893 potes
1271 835 1483 879 sustinere

88 922 107 946 »
133 905 269 950 malos
299 915 342 950 et
371 907 547 950 tentasti
569 922 642 951 eos
657 941 668 961 ,
700 907 777 966 qui
799 921 843 950 se
874 906 1029 950 dicunt
1050 905 1268 964 apostolos
1287 920 1377 948 esse
1393 939 1404 960 ‚
1438 915 1482 950 et

87 993 108 1017 »
133 991 224 1021 non
245 986 348 1021 sunt
369 985 411 1020 et
430 977 635 1021 invenisti
657 991 729 1020 eos
748 976 978 1020 mendaces
995 984 1038 1019 et
1055 975 1309 1035 patientiam
1327 975 1480 1031 habes,

85 1065 105 1088 »
133 1055 176 1090 et
199 1047 444 1092 sustinuisti
474 1062 546 1092 eos
568 1056 749 1107 propter
779 1062 941 1092 nomen
964 1061 1111 1090 meum
1130 1081 1141 1102 ‚
1173 1055 1218 1091 et
1238 1061 1327 1091 non
1356 1045 1482 1090 defe-

85 1135 105 1159 »
131 1117 271 1162 cisti¹.
300 1136 320 1159 n
351 1118 481 1170 Quod
510 1117 545 1162 si
568 1117 623 1161 de
654 1116 824 1176 Angelo
854 1118 1129 1176 superiorum
1163 1116 1376 1162 coelorum
1395 1151 1406 1172 ,
1441 1125 1484 1160 et

83 1202 172 1232 uon
201 1187 258 1232 de
287 1188 531 1248 praepositis
563 1188 769 1233 Ecclesiae
802 1187 932 1233 vellet
955 1188 1167 1247 intelligi,
1205 1203 1296 1232 non
1327 1202 1482 1231 conse-

84 1268 271 1318 quenter
294 1259 460 1303 diceret
484 1277 495 1304 :
524 1277 542 1299 «
572 1258 656 1304 Sed
678 1259 821 1303 habeo
844 1258 1075 1303 adversum
1097 1267 1168 1313 te,
1195 1257 1316 1318 quod
1339 1258 1482 1302 chari-

84 1348 104 1372 »
130 1338 265 1373 tatem
284 1338 406 1374 tuam
430 1331 615 1390 primam
639 1329 867 1390 reliquisti.
889 1333 1059 1375 Memor
1080 1338 1172 1374 esto
1190 1329 1339 1389 itaque
1361 1328 1482 1373 unde

83 1418 103 1442 υ
130 1399 359 1456 excideris,
382 1410 426 1445 et
447 1416 525 1459 age
548 1401 880 1460 poenitentiam,
907 1409 949 1445 et
967 1401 1108 1460 prima
1130 1414 1261 1459 opera
1283 1399 1352 1444 fac
1376 1417 1384 1444 :
1412 1399 1478 1443 sin

83 1490 102 1513 »
129 1481 301 1528 autem,
336 1471 464 1517 venio
491 1472 595 1527 tibi,
631 1481 674 1516 et
703 1472 891 1517 movebo
918 1471 1232 1517 candelabrum
1266 1480 1390 1515 tuum
1425 1470 1481 1514 de

83 1561 103 1585 »
129 1544 228 1588 loco
257 1559 336 1588 suo
363 1544 445 1588 nisi
476 1544 780 1603 poenitentiam
812 1545 962 1602 egeris.
998 1562 1018 1585 n
1059 1546 1152 1587 Hoc
1185 1542 1482 1602 superioribus

79 1614 257 1673 Angelis
279 1614 364 1658 dici
386 1629 476 1658 non
498 1623 641 1674 potest
657 1649 668 1669 ,
696 1614 772 1674 qui
796 1623 1052 1674 perpetuam
1075 1614 1266 1658 retinent
1289 1613 1479 1658 charita-

79 1694 183 1741 tem,
206 1685 325 1730 unde
342 1686 417 1746 qui
440 1685 697 1730 defecerunt
721 1695 764 1730 et
781 1685 890 1745 lapsi
911 1695 1013 1730 sunt
1036 1684 1238 1729 diabolus
1256 1693 1319 1728 est
1337 1693 1380 1728 et
1397 1700 1478 1728 an-

79 1756 163 1816 geli
191 1758 297 1816 ejus.
330 1760 444 1815 Ergo
468 1757 653 1816 primam
684 1757 940 1801 charitatem
971 1756 1108 1811 dicit,
1139 1756 1241 1816 quia
1272 1756 1478 1799 sustinuit

79 1827 482 1888 pseudo-apostolos
511 1837 688 1887 propter
716 1842 877 1872 nomen
905 1827 1093 1881 Christi,
1120 1842 1252 1886 quarn
1275 1827 1406 1887 jubet
1429 1835 1478 1870 ut

79 1907 273 1957 repetat,
298 1907 342 1942 et
358 1898 490 1942 faciat
510 1898 657 1957 priora
678 1913 808 1957 opera
836 1913 929 1942 sua.
955 1900 1013 1942 Et
1046 1897 1316 1957 objiciuntur
1348 1896 1476 1941 nobis

79 1970 260 2014 crimina
305 1968 520 2014 malorum
562 1970 793 2014 hominum
838 1985 928 2014 non
972 1978 1118 2014 nostra
1136 2004 1147 2023 ,
1185 1968 1261 2014 sed
1304 1968 1443 2013 aliena
1464 1989 1475 2027 3

78 2049 121 2084 et
143 2041 234 2099 ipsa
256 2040 414 2099 partim
434 2040 653 2098 incognita
679 2059 687 2084 :
714 2055 813 2100 quae
836 2041 870 2084 si
901 2040 1031 2084 etiarn
1061 2055 1160 2084 vera
1183 2049 1227 2084 et
1247 2040 1477 2099 praesentia

79 2111 355 2166 videremus,
388 2120 431 2155 et
457 2110 629 2155 zizaniis
656 2119 835 2170 propter
867 2110 1089 2156 frumenta
1117 2119 1363 2171 parcentes,
1398 2126 1477 2170 pro

79 2182 248 2226 unitate
270 2182 554 2227 toleraremus
569 2217 580 2238 ‚
604 2198 694 2228 non
711 2183 853 2228 solum
873 2183 993 2227 nulla
1017 2183 1377 2243 reprehensione,
1401 2182 1476 2226 sed

80 2253 209 2297 etiam
243 2268 333 2297 non
364 2268 497 2312 parva
524 2252 654 2297 laude
686 2269 764 2298 nos
795 2252 950 2311 dignos
982 2253 1173 2309 diceret,
1206 2253 1477 2314 quicumque

82 2325 325 2383 Scripturas
343 2333 511 2369 sanctas
534 2340 623 2369 non
641 2326 771 2369 corde
789 2326 947 2369 surdus
971 2323 1155 2368 audiret.

139 2398 303 2440 XXIII.
333 2397 504 2440 Tolerat
521 2399 665 2440 Aaron
687 2395 1015 2440 multitudinem
1040 2395 1207 2440 idolum
1232 2395 1474 2452 exigentem

81 2475 124 2509 et
158 2465 445 2510 fabricantem
483 2475 525 2509 et
560 2467 829 2510 adorantem.
865 2464 1035 2509 Tolerat
1068 2469 1239 2523 Moyses
1270 2464 1473 2508 adversus

84 2539 219 2579 Deum
241 2546 305 2581 tot
328 2536 460 2580 millia
487 2537 797 2580 murmurantia
813 2571 823 2591 ‚
845 2546 886 2579 et
910 2537 1035 2579 toties
1057 2535 1326 2579 offendentia
1351 2550 1475 2578 sanc-

132 2629 141 2642 ¹
163 2624 263 2662 Apoc.
284 2632 317 2661 ιι,
347 2633 373 2651 1.
