1790 3187
293 211 344 237 niz
378 210 564 237 mvmsis
596 210 752 246 QtAEST.
786 210 934 237 OCTOG.
970 211 1131 237 Tamis.
1354 200 1410 238 63

29 292 113 337 qua
133 277 247 321 tribu
274 289 402 319 nemo
430 274 618 318 intendit
650 275 788 319 altari.
816 275 920 319 Ideo
946 284 989 319 et
1021 274 1135 318 filius
1158 275 1294 319 David
1315 290 1409 319 ma-

28 349 139 392 xime
171 346 329 390 dicitur
361 344 603 389 secundum
637 361 837 400 carnem,
871 347 972 406 quia
1007 355 1048 389 et
1090 349 1228 389 Lucas
1259 361 1409 390 ascen·

27 417 146 472 dens,
166 425 209 460 et
228 415 460 461 Matthaeus
483 415 766 469 descendens,
791 416 837 459 in
862 414 997 460 David
1018 415 1098 459 sibi
1116 416 1288 459 obviam
1308 416 1410 459 facti

26 495 141 531 sunt.
166 486 405 545 Oportebat
433 485 549 529 enim
580 494 628 528 ut
658 495 943 530 evacuaturus
966 486 1168 530 sacrificia
1186 520 1197 539 ,
1223 501 1323 545 quae
1340 501 1409 529 se·-

26 556 218 602 cundum
252 556 450 601 ordinem
479 560 624 600 Aaron
660 556 705 599 in
737 558 928 602 Levitico
950 556 1190 601 sacerdotio
1225 556 1406 611 fiebant,

27 644 112 673 non
135 637 243 673 esset
265 629 456 672 detribu
479 628 597 682 Levi,
621 643 676 671 ne
690 627 742 672 ad
766 629 1082 687 ipsamzribum
1099 663 1108 681 ,
1135 637 1178 671 et
1195 627 1249 671 ad
1267 630 1408 686 ipsum

23 699 307 744 sacerdotium
331 700 452 759 quod
475 698 770 758 temporaliter
803 700 957 744 umbra
985 710 1075 743 erat
1099 700 1253 749 futuri,
1275 699 1412 758 perti-

24 785 125 814 nere
160 769 379 814 videretur
421 768 649 814 inundatio
682 779 958 828 peccatorum
975 805 985 824 ,
1026 785 1157 830 quam
1201 771 1412 814 Dominus

23 839 242 884 oblatione
266 840 503 885 holocausti
527 840 619 893 sui,
642 842 761 900 quod
784 842 827 884 in
846 841 977 885 veteri
993 840 1232 885 sacerdotio
1249 842 1412 897 figura—

27 913 166 964 batur,
193 911 414 969 implevit:
443 920 485 954 et
508 910 749 955 holocausti
778 912 868 971 ejus
900 912 1135 969 imaginem
1163 912 1216 954 ad
1242 925 1410 955 memo-

24 972 126 1025 riam
146 981 349 1039 passionis
370 996 457 1024 suae
475 981 519 1024 in
539 980 726 1024 Ecclesia
749 981 1052 1025 celebrandam
1079 981 1217 1036 dedit,
1237 991 1286 1025 ut
1300 990 1411 1026 esset

21 1051 215 1095 sacerdos
239 1053 280 1094 in
297 1060 525 1104 aeternum,
550 1067 639 1095 non
662 1053 901 1096 secundum
921 1052 1117 1096 ordinem
1140 1055 1283 1096 Aaron
1307 1053 1410 1098 :sed

20 1123 255 1165 secundum
281 1121 478 1165 ordinem
494 1122 786 1167 Melchisedeh
801 1126 829 1166 ¹.
856 1125 992 1183 Cujus
1007 1123 1067 1166 rei
1088 1133 1408 1167 sacramentum

20 1191 266 1251 diligentius
299 1192 442 1237 adhuc
472 1194 733 1238 considerari
766 1203 924 1253 potest.
962 1194 1046 1239 Sed
1080 1203 1258 1253 propter
1298 1195 1408 1239 duos

19 1262 168 1319 pisces,
196 1263 239 1306 in
259 1263 420 1322 quibus
442 1263 550 1307 duas
578 1279 780 1321 personas
800 1298 810 1317 ,
841 1266 1000 1322 regiam
1032 1274 1074 1308 et
1096 1263 1405 1308 sacerdotalem

19 1332 223 1391 figuratas
244 1349 334 1378 esse
347 1333 532 1378 diximus
547 1368 557 1388 ,
584 1334 792 1378 hactenus
817 1335 918 1378 hinc
942 1343 1176 1379 tractatum
1201 1349 1292 1378 esse
1313 1334 1408 1378 suf—

19 1402 148 1447 ficiat.

77 1475 138 1516 30.
160 1472 285 1526 Quod
303 1482 445 1517 autem
459 1488 586 1531 super
600 1472 772 1517 foenum
790 1473 916 1517 turba
933 1472 1003 1518 illa
1021 1472 1262 1527 discubuit,
1282 1475 1407 1533 signi-

18 1543 115 1587 ficat
137 1559 208 1587 eos
223 1545 297 1603 qui
319 1547 641 1587 Testamentum
662 1547 796 1588 Vetus
811 1554 1084 1603 acceperant,
1105 1545 1208 1605 quia
1224 1558 1405 1603 regnum

18 1613 76 1657 eis
99 1614 337 1674 temporale
367 1624 409 1658 et
430 1614 670 1658 Jerusalem
707 1616 955 1674 temporalis
983 1616 1336 1675 promittebatur,
1362 1617 1406 1660 in

17 1699 91 1743 spe
106 1685 266 1730 carnali
283 1685 515 1730 collocatos
532 1685 676 1730 fuisse.
709 1706 729 1729 «
762 1688 915 1731 Omnis
940 1688 1056 1730 enim
1080 1702 1180 1731 caro
1202 1688 1373 1731 foenum
1392 1722 1402 1742 ,

21 1773 41 1796 »
66 1765 108 1800 et
121 1756 290 1800 claritas
311 1757 498 1801 hominis
519 1766 568 1801 ut
586 1758 665 1801 flos
683 1756 830 1801 foeni2.
860 1779 875 1798 »
902 1758 1030 1811 Quod
1056 1767 1201 1802 autem
1231 1758 1286 1802 de
1309 1757 1407 1802 reli-

17 1827 127 1887 quiis
138 1826 478 1886 fragmentorum
495 1827 726 1872 duodecim
744 1829 922 1888 cophini
938 1828 1232 1873 buccellarum
1251 1828 1406 1889 repleti

17 1907 140 1953 sunt,
170 1899 440 1956 significabat
465 1898 520 1942 de
542 1900 673 1958 ipsius
698 1899 801 1957 legis
833 1900 1113 1958 adapertione
1135 1909 1178 1944 et
1207 1901 1406 1959 disputa-

16 1969 147 2025 tione,
180 1985 310 2029 quam
342 1969 483 2014 Judaei
515 1970 781 2030 reliquerant
811 1980 854 2014 et
887 1971 1183 2026 deseruerant,
1218 1971 1405 2031 repletos

14 2039 140 2085 fuisse
160 2040 400 2101 Discipulos
422 2041 612 2095 Domini,
634 2042 678 2085 in
696 2042 856 2101 quibus
870 2041 1168 2086 duodenarius
1190 2058 1404 2087 numerus

18 2111 303 2170 principatum
323 2121 454 2155 tenet.
472 2111 679 2157 Nondum
698 2113 812 2156 enim
832 2122 922 2157 erat
940 2115 1161 2172 Scriptura
1176 2114 1287 2159 Novi
1308 2117 1406 2157 Tes-

18 2182 211 2236 tamenti,
239 2182 415 2241 quando
434 2182 658 2237 Dominus,
685 2184 808 2243 quasi
828 2183 1071 2243 frangendo
1099 2193 1142 2228 et
1170 2184 1405 2243 aperiendo

0 2253 134 2312 1quod
155 2251 316 2296 durum
337 2261 379 2296 et
400 2253 596 2297 clausum
619 2264 711 2299 erat
726 2255 771 2298 in
789 2254 901 2314 lege,
923 2255 1167 2314 Discipulos
1180 2255 1402 2314 implevit,

18 2336 116 2366 cum
146 2321 206 2365 eis
230 2332 326 2381 post
360 2324 716 2368 resurrectionem
750 2326 918 2384 aperuit
949 2325 1192 2384 Scripturas
1216 2335 1401 2380 veteres,

20 2391 226 2452 incipiens
258 2409 280 2437 a
320 2396 470 2452 Moyse
505 2403 547 2438 et
586 2395 786 2439 omnibus
820 2395 1064 2455 Prophetis,
1113 2395 1404 2455 interpretans

22 2460 100 2507 illis
131 2462 175 2507 in
210 2464 412 2508 omnibus
449 2466 678 2524 Scripturis
713 2482 813 2525 quie
849 2465 904 2509 de
937 2466 1031 2524 ipso
1062 2476 1205 2511 erant.
1250 2485 1264 2505 «
1295 2469 1401 2511 Nam

69 2552 79 2566 ¹
107 2548 190 2577 Helu·
223 2559 263 2578 Ἣ,
285 2557 338 2581 Ἤ»,
361 2552 388 2577 vl
412 2549 487 2579 t’sal.
506 2559 568 2581 clx,
596 2550 620 2587 'q-
640 2566 677 2571 -——-
694 2557 703 2571 ²
726 2551 795 2580 lsai.
819 2560 867 2581 :1¹
888 2552 909 2577 ’ἦ
