1790 3187
289 223 370 262 538
811 229 1148 258 annominemus.

287 298 453 344 Deinde
474 295 765 344 Alexander
784 311 873 341 non
896 304 991 355 post
1012 294 1310 349 Evarc'stam,
1335 302 1384 342 ut
1405 294 1452 343 in
1473 294 1599 339 editis
1628 303 1671 343 et

288 367 406 427 apud
429 369 666 428 Optatam,
696 366 742 409 in
777 365 854 409 lib.
893 384 942 408 11.
979 363 1062 410 Sed
1092 373 1189 423 post
1219 362 1463 418 Soterem,
1501 363 1671 409 sublato

285 455 462 501 prorsus
483 436 755 483 Eleatlzerz'z'
773 435 948 481 nomine
963 470 974 491 ‚
1005 436 1064 481 sic
1085 444 1332 482 recensetur
1362 435 1408 480 in
1439 433 1672 484 duodecim

285 512 411 557 MSS.
437 510 482 553 in
505 509 662 569 quibus
682 517 785 552 sunt
810 506 1008 560 Vaticani
1031 520 1234 566 quatuor,
1265 504 1428 553 Soteri
1449 503 1673 554 Alexan-

286 580 389 636 der,
418 576 710 624 Alexandro
747 576 936 624 Victor.
971 578 1168 638 Denique
1195 578 1242 623 in
1269 577 1422 627 iisdem
1448 576 1672 627 codicibus

285 649 555 695 desideratur
576 647 688 694 inira
708 645 1039 693 lVIareellc'nus.

656 797 914 840 ΑΝΝΟΤΑΤῙΟ
945 795 1040 853 (41)
1071 807 1168 853 pag.
1205 797 1305 838 482.

345 930 469 974 Hanc
490 927 828 987 appellationem
849 926 990 971 sortiti
1011 935 1112 971 sunt
1129 925 1384 982 Donatistae,
1403 940 1456 975 ex
1478 940 1530 975 eo
1554 924 1676 985 quod

286 999 509 1044 ecclesiam
529 1001 682 1042 Romae
699 998 883 1057 primam
900 999 945 1041 in
964 1006 1113 1041 monte
1125 996 1288 1041 habere
1304 996 1535 1056 coeperint,
1554 997 1678 1056 juxta

288 1070 608 1127 Hieronymum
636 1068 682 1111 in
706 1068 870 1113 Chron.
898 1066 953 1110 ad
972 1082 1138 1111 annum
1164 1073 1265 1122 360,
1288 1067 1377 1111 sive
1397 1067 1463 1111 uti
1494 1067 1680 1125 Optatus

286 1141 333 1185 in
356 1140 434 1184 lib.
466 1158 499 1183 11
535 1137 688 1192 refert,
714 1153 737 1181 a
773 1135 1002 1196 spelunca,
1037 1151 1171 1196 quam
1197 1136 1287 1181 illic
1314 1145 1432 1180 extra
1459 1137 1678 1181 civitatem

287 1210 507 1269 gradibus,
534 1212 630 1268 (seu
651 1206 882 1263 cratibus,
913 1208 991 1251 ubi
1015 1207 1173 1265 legitur
1194 1208 1240 1251 in
1262 1208 1543 1251 Germanensi
1563 1209 1680 1266 MS.)

286 1290 529 1340 sepserant,
555 1279 633 1322 ubi
660 1278 941 1323 celebrabant
972 1276 1278 1321 conventicula
1299 1292 1376 1321 sua
1404 1295 1413 1321 :
1438 1292 1538 1337 quae
1558 1276 1679 1321 haud

287 1352 421 1396 dubie
443 1349 650 1411 spelunca
673 1350 718 1393 in
735 1349 917 1393 editiore
933 1347 1031 1392 loco
1051 1347 1285 1408 adjacebat.
1309 1348 1421 1392 Hinc
1439 1346 1552 1392 forte
1573 1362 1678 1407 pro-

287 1423 452 1467 fectum
487 1422 616 1466 etiam
651 1435 812 1464 nomen
846 1419 1235 1479 Cutzupz'tarum,
1260 1418 1382 1479 quod
1409 1417 1587 1479 quidem
1618 1419 1678 1464 sic

286 1493 447 1552 legitur
474 1493 519 1537 in
553 1491 771 1552 plerisque
792 1493 916 1536 MSS.
954 1494 1010 1536 At
1037 1491 1082 1534 in
1112 1491 1237 1535 editis
1260 1489 1433 1535 sublato
1458 1499 1491 1545 t,
1522 1489 1677 1534 Caza-

283 1564 516 1622 pitaram,
543 1572 585 1606 et
609 1563 652 1605 in
675 1561 846 1606 duobus
869 1562 1066 1605 vatican.
1088 1563 1213 1606 MSS.
1247 1560 1673 1620 Catrampz'tarum.

285 1637 353 1678 An
376 1648 478 1677 vero
501 1630 738 1690 legendum
758 1632 828 1676 hic
850 1630 1286 1690 Scotocopz'tarnm,
1315 1631 1504 1676 deducta
1525 1646 1631 1675 voce
1653 1646 1678 1675 a

288 1712 403 1753 σκότος,
429 1701 653 1757 tenebrae,
687 1711 730 1746 et
751 1709 855 1749 τόπος,
878 1700 1037 1756 loeus,
1058 1717 1147 1761 quo
1175 1710 1301 1760 pacto
1324 1703 1377 1745 V.
1404 1702 1455 1747 G.
1489 1703 1678 1746 Joannes

287 1777 412 1834 Bapt.
438 1774 681 1819 Cotelerius
701 1772 788 1832 legi
817 1772 912 1818 vult
934 1772 1051 1832 apud
1072 1772 1225 1817 Isidor.
1250 1772 1297 1816 in
1318 1772 1438 1831 Orig.
1464 1771 1542 1817 lib.
1569 1790 1676 1832 vn13

287 1846 364 1904 qui
384 1845 431 1888 in
448 1844 573 1888 editis
591 1853 634 1888 et
655 1844 701 1887 in
721 1843 856 1888 veteri
879 1842 1029 1887 codice
1046 1843 1299 1888 Corbeiensi
1321 1843 1455 1888 habet
1487 1842 1679 1902 Cotopz'-

289 1925 388 1971 tas;
410 1916 516 1959 etin
539 1914 622 1960 alio
644 1915 778 1960 Corb.
798 1916 892 1960 MS.
920 1914 1206 1974 Contopitczs
1223 1930 1279 1958 an
1300 1914 1444 1973 potius
1465 1915 1679 1973 castigan-

287 1985 368 2030 dus
397 1986 469 2030 hic
490 1985 612 2030 locus
641 2001 690 2028 ex
707 1985 978 2043 Hieronymo
1000 1985 1204 2029 adversus
1228 1983 1575 2040 Luciferianum,
1601 1984 1679 2028 ubi

288 2056 393 2100 editi
416 2055 575 2116 aliqui,
606 2055 888 2115 Campitas,
926 2055 997 2099 alii
1028 2056 1194 2100 habent
1233 2054 1524 2115 Campates,
1557 2053 1677 2099 haud

292 2124 416 2169 facile
433 2126 683 2170 dixerimus.
705 2128 834 2170 Certe
856 2125 900 2169 in
915 2124 993 2169 lib.
1017 2124 1072 2169 de
1089 2126 1261 2170 Unitate
1279 2125 1499 2181 Ecclesiae,
1519 2139 1614 2184 cap.
1632 2131 1674 2179 3,

297 2195 606 2255 Cutzupitani
626 2194 916 2255 appellantur,

659 2344 914 2386 ANNOTATlo
946 2342 1040 2399 (42)
1070 2355 1171 2400 pag.
1209 2343 1308 2385 485.

351 2476 561 2534 Optatus,
586 2475 657 2519 cui
679 2474 942 2519 Gildoniano
966 2488 1209 2532 cognomen
1227 2508 1238 2528 ‚
1273 2488 1323 2517 ex
1353 2488 1404 2517 eo
1426 2474 1546 2533 quod
1577 2487 1676 2520 cum

292 2545 478 2591 Gildone
495 2546 654 2592 comite
670 2545 945 2603 tyrannidem
965 2546 1010 2591 in
1028 2544 1173 2590 Africa
1191 2553 1423 2600 exerceret,
1449 2545 1676 2604 episcopus
