1790 3187
303 242 388 285 394
733 255 766 282 s.
803 252 1036 282 ,incussum
1066 253 1251 282 nnsoom

302 337 326 366 a
347 319 516 365 sabbati
535 316 718 378 prandio
735 317 1001 377 prohiberet.
1025 317 1217 363 Sabbato
1233 325 1378 361 autem
1394 315 1506 363 illud
1517 317 1684 365 factum

302 405 413 446 esse,
439 390 519 434 iste
540 404 630 434 non
646 388 825 448 probat⁷
848 387 923 432 sed
939 395 988 432 ut
1004 386 1180 432 libitum
1201 395 1266 431 est
1281 387 1536 446 suspicatur.
1564 390 1685 436 Sicut

301 471 446 507 autem
468 461 561 505 fieri
581 467 723 519 potest
739 467 788 503 ut
807 459 1052 518 jejunetur,
1073 467 1234 502 etcum
1249 457 1464 517 jejunium
1484 458 1682 517 solvitur,

301 535 336 577 si
362 532 459 592 quis
490 531 683 575 ebriosus
711 538 800 585 est,
825 538 932 574 tunc
955 529 1196 573 inebrietur
1219 547 1229 575 ε
1260 529 1320 573 ita
1342 528 1436 573 fieri
1465 540 1607 589 potest
1635 540 1686 576 ut

300 618 390 648 non
405 603 463 662 jej
472 610 650 656 unetur,
675 609 719 646 et
739 600 774 645 si
795 608 1086 660 temperantes
1104 608 1207 644 sunt
1219 599 1440 656 homines,
1463 601 1685 646 modestis-

300 675 406 718 sime
427 672 706 732 prandeatur.
732 671 849 726 Quid
870 681 934 717 est
960 685 1061 730 ergo
1089 672 1210 731 quod
1229 672 1399 716 sabbati
1417 673 1566 717 volens
1583 688 1685 733 per—

299 744 482 791 suadere
505 744 721 805 jejunium
736 779 748 800 ‚
776 742 956 789 adhibet
978 742 1237 803 Apostolum
1258 752 1411 788 testem
1433 744 1653 789 dicentem
1673 763 1683 791 :

304 835 325 860 «
348 816 492 863 Nolite
524 817 730 861 inebriari
762 815 866 861 vino
880 849 892 872 ‚
928 815 975 859 in
1005 830 1094 875 quo
1127 824 1192 860 est
1223 817 1363 862 omnis
1399 815 1572 861 luxuria
1586 817 1630 875 ²3
1662 833 1683 859 »

299 888 420 948 quasi
441 887 621 932 diceret.
641 887 785 933 Nolite
807 886 1022 947 prandere
1037 886 1221 931 sabbato
1234 919 1247 942 ‚
1270 886 1373 946 quia
1388 886 1450 930 ibi
1470 895 1534 932 est
1548 887 1689 932 omnis

299 959 483 1003 luxuria.
508 958 629 1003 Sicut
647 966 794 1002 autem
815 958 899 1001 hoc
913 965 1183 1016 praeceptum
1200 955 1509 1015 apostolicum,
1529 972 1584 1002 ne
1600 959 1688 1002 ine-

298 1029 500 1073 brientur
531 1029 660 1083 vino,
700 1028 747 1071 in
772 1042 862 1086 quo
891 1035 955 1071 est
982 1026 1122 1071 omnis
1155 1026 1351 1082 luxuria,
1378 1027 1633 1072 observatur
1664 1043 1690 1072 a

298 1099 552 1144 Christianis
577 1100 717 1141 Deum
740 1096 1017 1152 timentibus,
1044 1090 1223 1156 quando
1246 1098 1487 1156 prandetur
1505 1099 1576 1143 die
1598 1101 1688 1143 Do-

298 1169 459 1213 minico
472 1202 483 1224 ,
507 1169 565 1213 ita
580 1167 836 1212 observatur
853 1166 1031 1227 quando
1049 1167 1289 1227 prandetur
1307 1176 1352 1211 et
1370 1168 1567 1213 sabbato.

356 1241 478 1284 XVI.
519 1257 539 1281 «
565 1241 622 1283 Ut
641 1239 895 1298 expressius,
917 1238 1062 1299 inquit
1076 1273 1087 1293 ,
1103 1238 1348 1282 errantibus
1370 1237 1682 1294 contradicam,

297 1324 427 1354 nemo
443 1310 614 1370 jejunio
636 1313 793 1366 Deum,
815 1311 893 1355 etsi
914 1325 1003 1355 non
1016 1319 1306 1370 promeretur,
1327 1309 1536 1368 offendit3
1556 1324 1686 1369 porro

296 1390 340 1424 et
357 1396 447 1425 non
468 1382 692 1426 ostendere
705 1381 943 1441 promereri
958 1390 1034 1425 est.
1057 1398 1078 1423 υ
1099 1381 1205 1435 Quis
1222 1381 1308 1426 hoc
1324 1380 1503 1436 diceret,
1520 1381 1599 1424 nisi
1611 1379 1686 1440 qui

295 1452 433 1496 nollet
446 1453 719 1497 considerare
739 1451 847 1513 quid
864 1453 1054 1497 diceret?
1070 1455 1185 1512 Ergo
1198 1452 1353 1513 pagani
1376 1451 1553 1514 quando
1566 1452 1685 1512 jeju-

295 1532 419 1577 nant,
434 1524 631 1568 nonideo
645 1524 779 1582 magis
794 1523 1028 1568 offendunt
1042 1524 1248 1568 Deum‘?A
1258 1531 1306 1567 ut
1318 1523 1353 1567 si
1365 1522 1422 1567 de
1434 1522 1687 1568 Christianis

293 1591 434 1637 voluit
465 1593 586 1653 quod
623 1592 731 1637 dixit
764 1592 970 1652 intelligi,
1000 1594 1096 1653 quis
1120 1610 1209 1638 non
1234 1596 1375 1638 Deum
1407 1591 1627 1648 offendet,
1652 1592 1688 1636 si

295 1663 398 1708 velit
422 1679 523 1708 cum
552 1664 758 1709 scandalo
781 1665 937 1719 totius,
962 1680 1061 1724 quae
1082 1665 1249 1725 ubique
1270 1664 1479 1709 dilatatur
1494 1698 1505 1719 ‚
1531 1661 1686 1708 Eccle-

292 1734 380 1789 siae,
408 1734 478 1778 die
498 1735 725 1779 Dominico
739 1735 962 1794 jejunare?
984 1733 1150 1779 Deinde
1170 1736 1341 1795 subjicit
1363 1736 1609 1779 testimonia
1630 1733 1686 1778 de

296 1805 527 1864 Scripturis
541 1806 596 1849 ad
610 1821 800 1861 causam,
818 1821 950 1868 quam
965 1807 1170 1865 suscepit,
1189 1806 1297 1850 nihil
1309 1805 1512 1850 valentia.
1533 1823 1553 1847 «
1569 1806 1685 1865 Jeju-

292 1876 388 1932 nio,
409 1877 552 1937 inquit
567 1912 578 1933 ⁷
601 1876 716 1921 Elias
740 1876 938 1936 paradiso
958 1878 1145 1923 donatus
1166 1878 1213 1921 in
1238 1892 1419 1937 corpore
1440 1885 1594 1936 regnat
1619 1894 1628 1921 :
1659 1893 1681 1918 »

292 1948 413 2006 quasi
426 1948 643 2008 jejunium
656 1952 743 1992 n0n
756 1948 995 2008 praedicent
1007 1950 1081 2008 qui
1095 1949 1278 1993 sabbato
1293 1949 1606 2007 nonjejunant·‚
1627 1946 1685 1990 si-

291 2018 589 2076 cutjejunium
606 2018 868 2077 praedicant,
888 2020 962 2079 qui
978 2029 1122 2063 tamon
1142 2019 1210 2062 die
1226 2018 1453 2063 Dominico
1468 2032 1556 2061 non
1568 2017 1684 2076 jeju-

291 2097 424 2132 nant:
443 2089 635 2133 autElias
666 2104 717 2134 eo
738 2098 934 2149 tempore
949 2092 965 2114 2
981 2089 1257 2149 jejunaverit,
1281 2103 1370 2149 quo
1392 2087 1582 2147 populus
1607 2087 1682 2131 Dei

288 2160 417 2203 etiam
435 2161 616 2205 sabbato
624 2161 864 2221 jejunabat.
885 2161 1015 2214 Quod
1029 2170 1173 2205 autem
1188 2159 1490 2220 respondimus
1503 2160 1558 2203 de
1570 2174 1681 2218 qua-

288 2230 486 2288 draginta
503 2230 656 2276 diebus
663 2233 817 2293 jejunii
833 2233 1010 2290 Moysis⁹
1026 2233 1109 2277 hoc
1124 2233 1285 2292 deputa
1300 2247 1390 2276 esse
1407 2244 1676 2290 responsum,

289 2310 331 2344 et
353 2300 407 2344 de
424 2300 711 2361 quadraginta
734 2303 889 2347 diebus
911 2303 1033 2348 Eliae.
1065 2322 1084 2345 «
1110 2304 1282 2364 chnnio
1297 2338 1307 2358 ‚
1333 2303 1501 2362 inquit,
1528 2300 1680 2345 Daniel

287 2371 465 2416 leonum
484 2373 639 2418 siccam
660 2374 823 2419 rabiem
843 2374 999 2419 illaesus
1021 2375 1176 2430 evasit,
1206 2393 1226 2417 »
1250 2375 1370 2434 quasi
1390 2373 1541 2432 legerit
1558 2372 1679 2432 quod

288 2443 470 2488 sabbato
487 2446 772 2505 jejunaverit,
798 2455 873 2490 aut
890 2447 1018 2491 etiam
1037 2461 1137 2490 cum
1157 2446 1258 2506 ipsis
1277 2445 1478 2490 leonibus
1497 2444 1678 2488 sabbato

286 2512 418 2557 fuerit
444 2530 455 2557 :
482 2515 558 2558 ubi
581 2524 728 2559 tamen
748 2515 932 2575 legimus
955 2515 1076 2577 quod
1099 2526 1143 2561 et
1168 2516 1406 2576 pranderit.
1437 2533 1456 2557 «
1478 2513 1672 2573 Jejunio,

342 2605 350 2618 ¹
373 2598 490 2639 Ephes.
514 2609 545 2639 v,
565 2599 619 2632 28.
633 2616 674 2624 »-
691 2606 703 2621 ²
723 2600 827 2632 Forte
848 2611 919 2633 non.
