1790 3187
594 268 792 295 nris-rom
826 269 948 295 xxm.
1380 259 1457 296 327

137 331 344 377 Disseruit
361 345 532 385 canere,
550 340 593 375 et
609 331 766 390 pariles
793 332 955 390 agitare
972 333 1165 386 choreas,

137 402 488 461 Implicuitvaria
510 411 708 446 nostrum
731 401 917 460 ealigine
931 412 1107 462 pectus,

138 473 403 533 Induxitque
425 473 569 517 animo
592 487 736 516 rerum
751 471 957 517 violentia
981 474 1162 517 nubem.

139 544 247 588 Inde
271 544 506 601 figurarum
534 543 692 602 positas
715 544 806 587 sine
828 543 1005 601 pulvere
1028 544 1190 588 formas

139 618 274 660 Posco
301 629 464 669 amens,
492 613 684 674 aliasque
707 629 855 673 graves
877 613 1286 659 ossendotenebras,

137 685 205 731 Ad
222 701 453 740 summam,
479 696 690 730 astrorum
707 701 856 730 causas
873 685 1101 746 clarosque
1121 694 1306 741 meatus,

137 757 355 801 Obscuros
375 772 561 816 quorum
586 756 659 800 ille
680 758 785 800 situs
810 771 886 816 per
907 756 1057 801 nubila
1081 766 1308 802 monstrat.

141 829 209 873 Sic
230 828 342 886 jacui
365 836 539 881 nutans,
567 837 616 871 ut
638 827 768 871 talem
791 828 971 872 omnino
992 828 1180 882 ruinam,

137 900 224 943 Nec
245 898 321 958 qui
338 913 416 941 nos
434 898 636 956 probibet
657 897 844 941 latebras
861 912 1095 956 agnoscere
1111 897 1230 951 coeli,

137 971 225 1013 Nec
248 983 429 1026 persona
447 968 569 1011 daret
586 966 839 1011 functorum
859 966 968 1011 freta
989 967 1196 1012 cavernis.

139 1042 292 1083 Protea
312 1053 501 1097 namque
524 1037 672 1081 ferunt
693 1046 888 1081 veterum
904 1047 1151 1082 commenta
1167 1037 1409 1098 Pelasgum,

139 1108 224 1162 Qui
240 1109 345 1152 dum
369 1108 563 1152 sollicitis
581 1123 670 1152 non
693 1107 788 1152 vult
805 1109 972 1167 aperire
990 1107 1155 1163 sutura,

141 1182 324 1238 Spumat
342 1195 461 1237 aper,
488 1180 586 1222 ssuit
605 1179 738 1234 unda,
762 1178 906 1223 fremit
927 1179 1019 1234 leo,
1033 1179 1175 1224 sibilat
1194 1181 1362 1238 anguis,

138 1252 327 1311 Captum
344 1249 583 1309 aliquando
608 1259 753 1293 tamen
768 1249 812 1292 in
828 1264 1009 1293 munera
1032 1265 1165 1310 parva
1188 1251 1432 1296 volucrum.

133 1325 190 1366 At
213 1322 334 1375 milii,
352 1322 427 1381 qui
451 1321 637 1364 nimium
660 1321 774 1365 curis
801 1321 1070 1379 gravioribus
1089 1336 1242 1380 angor,

140 1391 290 1436 Dulcia
309 1406 498 1451 quaeque
515 1391 688 1445 animae,
715 1390 947 1435 subdulcia
973 1391 1133 1450 pabula
1155 1406 1323 1451 quaero,

140 1464 344 1507 Varronis
362 1477 563 1522 responsa
583 1461 736 1506 latent.
764 1462 894 1515 Quod
912 1462 1108 1521 supplice
1131 1471 1265 1506 cantu

142 1534 396 1579 Praesidium
422 1534 720 1593 nymphamve
743 1548 889 1592 rogem
909 1542 953 1577 et
972 1534 1153 1578 flumina
1180 1548 1370 1594 poscam,

140 1610 208 1651 An
232 1616 274 1650 te
291 1621 396 1650 voce
413 1621 582 1660 vocem,
598 1605 701 1650 clari
720 1621 851 1666 quem
872 1616 1013 1650 rector
1029 1606 1208 1667 Olympi

140 1679 354 1722 Fontibus
371 1677 589 1722 infantum
618 1677 831 1737 praefecit,
851 1690 894 1721 et
916 1677 1063 1721 abdita
1083 1677 1209 1737 jussit

142 1750 349 1793 Ubertate
364 1749 494 1792 animi
516 1749 645 1806 longe
665 1757 836 1792 ructare
859 1749 1060 1792 fluenta?

141 1823 272 1864 Fcrto
296 1820 498 1878 magister
515 1834 661 1878 opem,
686 1835 734 1863 ac
759 1828 806 1863 tu
822 1828 868 1863 tu
887 1835 941 1862 ne
955 1819 1104 1863 desere
1126 1820 1236 1864 vires

143 1890 377 1944 Invalidas,
400 1905 663 1950 mecumque
677 1905 817 1934 sacras
838 1891 1091 1934 subvertere
1109 1889 1257 1949 glebas

144 1962 292 2020 Incipe
313 1980 321 2005 ε
344 1970 516 2020 tempus
543 1961 677 2018 enim,
704 1961 782 2004 nisi
805 1976 875 2004 me
896 1961 1092 2005 mortalia
1116 1960 1292 2018 fallunt,

142 2032 338 2086 Labitur,
360 2032 403 2074 in
423 2031 680 2089 seniumque
698 2031 844 2074 trahit.
868 2031 964 2075 Tibi
982 2041 1128 2075 noster
1141 2029 1299 2090 Apollo

141 2102 284 2147 Corda
305 2101 458 2160 replet,
476 2110 733 2161 patremque
754 2117 880 2145 suum
904 2111 1160 2162 patremque
1182 2102 1367 2146 deorum

141 2172 372 2227 Conciliat,
396 2171 626 2232 legemque
650 2173 827 2226 bonam,
853 2188 1095 2233 pacemque
1109 2182 1336 2218 cruentam

140 2247 356 2289 Monstrat
375 2252 418 2286 et
440 2242 632 2287 abducto
645 2242 862 2288 velamine
879 2243 1049 2302 singula
1071 2243 1239 2302 pandit.

143 2315 306 2373 Viginti
327 2329 528 2358 emensus
543 2329 643 2358 nam
662 2313 815 2372 longos
838 2312 1019 2358 forsitan
1036 2314 1165 2357 orbes

145 2386 253 2433 Solis
270 2401 384 2441 craS,
410 2401 511 2430 cum
534 2394 577 2430 te
598 2386 707 2429 ratio
729 2385 1023 2445 pulcherrima
1051 2382 1223 2440 mundi,

145 2459 281 2502 Ditior
302 2457 508 2516 imperiis,
529 2466 572 2500 et
591 2466 766 2501 nectare
782 2455 953 2500 dulcior
980 2455 1101 2499 omni

145 2528 384 2587 Corripuit,
401 2527 638 2587 statuitque
652 2541 828 2585 vagum,
844 2526 1078 2587 medioque
1091 2526 1266 2582 locavit,

144 2599 358 2643 Omnibus
381 2599 499 2643 unde
521 2599 656 2643 aciem
678 2611 821 2656 posses
842 2595 1069 2641 intendere
1092 2596 1236 2641 rebus.
