1790 3187
309 214 360 240 oz
393 214 580 240 mvssnsts
612 213 768 249 QUAEs'r.
805 215 954 241 oc'roc.
992 215 1155 241 Tmnts.
1344 202 1423 240 143

44 267 158 312 fideli
180 266 354 321 dixisse,
380 276 423 310 et
444 266 598 310 marito
613 275 656 310 et
680 281 833 319 uxore,
866 276 913 310 ut
929 267 961 311 si
990 267 1118 310 ambo
1141 266 1290 310 fideles
1314 267 1422 320 sint,

44 337 183 381 neutri
205 335 330 380 liceat
359 335 541 379 alterurn
564 335 825 394 relinquere,
850 337 928 380 nisi
950 351 1076 380 causa
1097 335 1392 380 fornicationis
1412 356 1422 392 3

44 407 119 451 ubi
136 422 223 450 non
243 415 381 465 potest
403 406 677 464 paganismus
703 406 904 464 intelligi,
940 408 1041 466 quia
1075 415 1258 466 uterque
1287 405 1425 450 fidelis

4 478 7 528 l
43 486 119 522 est.
143 477 208 522 Sic
230 477 344 520 enim
369 485 411 520 et
433 475 665 535 Apostolus
687 476 859 520 videtur
892 477 1180 535 distinguere,
1206 492 1306 521 cum
1332 477 1392 520 ait
1413 495 1422 520 :

46 566 66 589 «
92 548 165 591 His
198 556 339 589 autem
368 546 443 605 qui
474 546 517 588 in
546 546 752 606 conjugio
792 555 892 590 sunt
924 547 1148 605 praecipio,
1186 561 1273 590 non
1321 560 1421 602 ego,

46 634 65 656 »
90 613 163 659 sed
187 615 407 669 Dominus,
429 630 606 659 uxorem
635 631 656 658 a
680 615 772 659 viro
795 631 882 659 non
908 616 1145 669 discedere,
1170 614 1290 675 quod
1307 616 1340 659 si
1359 630 1425 658 re-

45 705 64 728 »
84 686 254 731 cesserit
270 702 441 730 manere
462 686 714 745 innuptam,
744 696 818 730 aut
841 687 933 731 viro
961 703 1039 731 suo
1068 687 1377 730 reconciliari¹.
1403 704 1421 726 »

46 756 123 800 Ubi
152 756 277 799 etiam
301 756 571 814 intelligitur,
607 755 726 816 quod
755 757 788 799 si
818 772 902 799 una
938 756 1011 799 illa
1039 772 1190 809 causa,
1229 773 1313 815 qua
1337 754 1422 798 sola

42 826 203 870 relictio
220 827 410 886 conjugii
433 827 718 886 permittitur,
746 827 902 870 mulier
934 842 954 869 a
979 827 1071 870 viro
1096 827 1331 880 recesserit,
1356 827 1424 868 in-

41 906 174 956 nupta
194 912 462 954 perseverare
485 897 617 940 debet
637 916 645 941 ;
668 906 743 940 aut
766 897 799 940 si
814 913 858 940 se
880 912 968 940 non
990 897 1183 940 continet
1198 932 1207 949 ,
1233 897 1326 941 viro
1345 912 1425 955 po-

41 968 121 1010 tius
153 967 416 1010 reconciliari
447 966 514 1010 vel
544 976 737 1010 correcto
767 966 834 1009 vel
865 976 980 1009 certe
1007 966 1233 1010 tolerando
1252 1001 1262 1020 ,
1293 982 1425 1026 quam

40 1036 159 1081 alteri
180 1039 359 1080 nubere.
388 1038 591 1096 Sequitur
609 1046 777 1092 autem,
811 1046 854 1080 et
882 1036 1003 1090 dicit,
1035 1056 1053 1079 «
1083 1039 1137 1081 Et
1159 1038 1224 1081 vir
1247 1052 1424 1081 uxorem

45 1125 64 1148 »
89 1124 175 1151 non
197 1107 414 1152 dimittat'2
436 1127 443 1152 :
476 1127 495 1148 »
524 1108 711 1152 breviter
733 1107 931 1152 eamdem
951 1107 1134 1152 formam
1154 1108 1358 1152 intimans
1380 1108 1425 1151 in

39 1178 130 1222 viro
151 1171 281 1238 quam
311 1179 591 1238 praecipiebat
616 1179 660 1222 in
690 1177 886 1222 foemina.
922 1178 1092 1231 Quibus
1120 1193 1170 1221 ex
1206 1188 1426 1238 praecepto

40 1249 209 1292 Domini
227 1249 451 1293 insinuatis
470 1250 527 1293 ita
551 1250 747 1309 sequitur
768 1268 776 1294 :
803 1268 822 1291 «
846 1249 1023 1294 Caeteris
1041 1258 1185 1293 autem
1211 1265 1291 1307 ego
1309 1250 1422 1303 dico,

44 1338 62 1361 η
92 1335 177 1364 non
197 1322 424 1365 Dominus.
459 1322 501 1366 Si
524 1322 620 1381 quis
645 1321 776 1364 frater
810 1320 941 1364 habet
970 1336 1146 1364 uxorem
1173 1319 1394 1362 infidelem
1412 1354 1423 1374 ,

44 1406 64 1429 »
87 1398 129 1433 et
150 1390 241 1434 haec
263 1392 477 1434 consentit
498 1392 694 1434 habitare
712 1406 810 1434 cum
832 1389 923 1444 illo,
951 1405 1038 1434 non
1058 1390 1249 1433 dimittat
1274 1388 1393 1432 illam
1413 1408 1423 1433 ;

45 1477 63 1500 »
89 1469 129 1504 et
148 1460 300 1504 mulier
323 1462 355 1504 si
374 1462 507 1505 habet
531 1462 672 1505 virum
700 1459 938 1514 infidelem,
960 1469 1014 1519 et,
1032 1459 1101 1503 hic
1119 1460 1333 1503 consentit
1348 1460 1426 1502 ha-

44 1549 62 1572 »
86 1531 221 1575 bitare
238 1548 337 1576 cum
356 1531 445 1587 illa,
467 1548 554 1577 non
572 1532 762 1576 dimittat
783 1533 966 1576 virumss.
996 1550 1014 1572 »
1043 1531 1127 1576 Ubi
1150 1530 1225 1574 dat
1241 1530 1426 1588 intelligi

42 1601 268 1645 Dominum
295 1602 348 1645 de
369 1603 432 1646 his
450 1603 663 1657 locutum,
690 1611 740 1645 ut
760 1612 913 1645 neuter
940 1601 1124 1645 alterum
1161 1601 1422 1655 dimitteret,

40 1670 73 1714 si
95 1670 243 1716 fideles
261 1673 390 1717 ambo
407 1682 562 1717 essent.

89 1774 96 1789 ¹
123 1779 134 1799 1
156 1769 228 1801 Cor.
253 1779 309 1805 vn,
333 1779 381 1799 11.
404 1786 445 1792 —
464 1766 764 1803 21bid.—-3lbid.
789 1777 828 1799 ι’).
846 1772 879 1799 et
904 1768 952 1798 13.
