1790 3187
312 224 367 263 32
735 240 768 263 s.
804 232 1035 265 Auens‘rim
1067 234 1248 265 Emscom

307 299 360 344 iri·
385 302 531 346 omnia
555 301 721 346 ratione
744 302 828 345 sint
851 301 1039 346 condita.
1063 304 1150 348 Nec
1172 301 1322 347 eadem
1348 302 1514 347 ratione
1537 303 1685 355 homo,

306 387 392 432 qua
407 387 544 432 equus
561 373 666 418 :hoc
680 374 794 416 enim
811 372 1047 417 absurdum
1066 382 1128 418 est
1140 373 1395 418 existimare.
1416 372 1593 431 Singula
1607 373 1690 431 igi·
1742 386 1744 388 ·

307 451 377 487 tur
393 444 578 502 propriis
598 452 699 488 sunt
714 451 857 488 creata
870 443 1124 488 rationibus.
1145 446 1231 487 Has
1245 452 1390 488 autem
1412 443 1600 487 rationes
1612 442 1690 487 ubi

305 513 605 558 arbitrandum
627 523 691 558 est
723 527 834 568 esse,
866 512 947 557 nisi
970 514 1016 557 in
1037 514 1128 572 ipsa
1150 523 1294 558 mente
1318 513 1566 559 Creatoris?
1593 515 1690 558 Non

305 584 422 627 enim
445 593 564 629 extra
580 599 625 628 se
637 583 878 643 quidquam
893 583 1082 642 positum
1097 584 1367 639 intuebatur,
1383 593 1433 628 ut
1450 583 1689 628 secundum

306 652 351 698 id
364 655 648 699 constitueret
661 653 782 715 quod
793 653 1084 698 constituebat
1105 672 1113 698 :
1131 669 1230 698 nam
1245 655 1329 699 hoc
1344 654 1511 713 opinari
1523 653 1690 698 sacrile-

306 738 410 781 gum
428 734 505 770 est.
535 724 664 778 Quod
679 725 714 769 si
739 725 806 769 hae
827 739 973 769 rerum
998 724 1195 769 omnium
1218 725 1505 769 creandarum
1526 733 1691 769 creata-

304 809 456 840 rumve
473 795 659 840 rationes
681 796 725 839 in
744 795 888 840 divina
909 804 1053 840 mente
1077 796 1372 851 continentur,
1397 811 1540 856 neque
1562 796 1607 839 in
1621 794 1690 839 di-

304 866 404 911 vina
427 876 573 911 mente
590 866 830 928 quidquam
849 868 929 911 nisi
949 876 1162 912 aeternum
1185 877 1317 928 atque
1334 865 1691 911 incommutabile

304 946 447 995 potest
469 953 581 996 esse,
601 947 732 998 atque
753 939 830 982 has
850 953 995 982 rerum
1018 939 1204 983 rationes
1225 938 1486 997 principales
1504 935 1692 997 appellat

304 1006 420 1051 ideas
435 1007 558 1053 Plato
574 1027 581 1052 :
597 1024 686 1053 non
707 1008 848 1053 solum
862 1017 963 1053 sunt
974 1008 1099 1064 ideae,
1114 1008 1189 1053 sed
1203 1009 1305 1067 ipsae
1327 1023 1439 1053 verae
1452 1017 1568 1061 sunt,
1589 1007 1691 1066 quia

304 1086 479 1123 aeternae
500 1088 617 1134 sunt,
642 1088 686 1123 et
702 1079 912 1140 ejusmodi
935 1089 1065 1139 atque
1086 1079 1463 1124 incommutabiles
1485 1085 1688 1133 manent3

303 1166 491 1209 quarum
502 1150 828 1209 participatione
839 1151 905 1205 fit,
921 1160 970 1194 ut
981 1150 1035 1195 sit
1046 1151 1263 1210 quidquid
1275 1160 1355 1205 est,
1367 1164 1548 1210 quoquo
1560 1146 1691 1192 modo

304 1229 382 1265 est.
412 1219 496 1265 Sed
525 1220 667 1263 anima
693 1219 913 1264 rationalis
936 1221 1050 1265 inter
1079 1236 1148 1264 eas
1172 1236 1237 1264 res
1255 1253 1265 1272 ,
1289 1237 1388 1280 quae
1420 1229 1522 1264 sunt
1549 1235 1573 1262 a
1602 1222 1692 1262 Deo

305 1290 492 1335 conditae
509 1324 520 1345 ,
557 1289 702 1334 omnia
733 1298 934 1348 superat,
966 1298 1008 1333 et
1042 1292 1130 1333 Deo
1164 1291 1358 1348 proxima
1392 1299 1478 1345 est,
1516 1288 1692 1348 quando

304 1376 413 1420 pura
435 1369 521 1418 est3
546 1360 672 1419 eique
694 1360 740 1403 in
767 1368 985 1419 quantum
1013 1359 1222 1404 charitate
1244 1359 1490 1414 cohaeserit,
1519 1359 1567 1403 in
1595 1367 1693 1403 tan-

304 1440 398 1476 tum
421 1432 476 1475 ab
499 1447 550 1475 eo
570 1431 736 1475 lumine
759 1430 835 1474 illo
863 1430 1125 1489 intelligibili
1152 1431 1322 1487 perfusa
1345 1430 1537 1490 quodam
1559 1428 1692 1474 modo

303 1511 347 1547 et
368 1501 581 1565 illustrata
603 1501 757 1556 cernit,
780 1516 869 1545 non
885 1516 962 1559 per
984 1515 1214 1559 corporeos
1238 1500 1387 1545 oculos
1401 1535 1412 1556 ,
1436 1500 1512 1544 sed
1532 1515 1609 1560 per
1625 1501 1693 1559 ip—

303 1573 389 1617 sius
412 1573 477 1617 sui
514 1571 774 1632 principale,
804 1586 893 1630 quo
921 1569 1106 1626 excellit,
1141 1570 1186 1614 id
1216 1580 1300 1625 est,
1331 1585 1407 1629 per
1439 1569 1691 1629 intelligen-

304 1643 408 1687 tiam
429 1658 549 1687 suam
562 1678 572 1698 ,
602 1643 701 1687 istas
723 1643 910 1686 rationes
926 1676 937 1696 ,
958 1656 1144 1700 quarum
1170 1641 1334 1685 visione
1352 1641 1402 1684 fit
1421 1640 1685 1684 beatissima.

303 1715 418 1765 Quas
440 1714 626 1757 rationes
636 1747 649 1767 ,
667 1722 717 1756 ut
738 1712 905 1756 dictum
923 1720 986 1754 est
1004 1745 1014 1765 ‚
1037 1711 1126 1755 sive
1142 1710 1274 1765 ideas,
1299 1711 1388 1756 sive
1405 1710 1584 1765 formas,
1604 1709 1691 1755 sive

303 1782 479 1841 speeies,
501 1783 588 1826 sive
602 1782 790 1826 rationes
811 1781 913 1825 licet
933 1795 1099 1827 vocare,
1119 1789 1161 1823 et
1178 1779 1325 1824 multis
1343 1781 1597 1825 conceditur
1615 1795 1690 1839 ap-

304 1851 465 1910 pellare
479 1851 724 1912 quodlibet,
751 1851 827 1895 sed
843 1851 1108 1910 paucissimis
1125 1850 1272 1896 videre
1297 1851 1417 1911 quod
1435 1866 1586 1896 verum
1609 1858 1686 1895 est.

362 1927 561 1977 QUAEsTio
577 1925 758 1967 XLVII.
773 1949 830 1956 -—
845 1922 990 1975 Quaeri
1006 1921 1114 1966 solet
1129 1922 1353 1980 quomodo
1365 1931 1462 1981 post
1476 1936 1691 1966 resurrec-

305 1995 466 2039 tionem
485 2004 616 2053 atque
632 1994 976 2037 immutationem
993 1993 1200 2050 corporis,
1226 2009 1325 2053 quae
1340 1993 1496 2038 sanctis
1508 1993 1691 2052 promit·-

306 2066 425 2119 titur,
446 2064 727 2123 cogitationes
744 2072 910 2107 nostras
933 2062 1079 2107 videre
1095 2064 1320 2122 possimus.
1338 2065 1599 2123 Conjectura
1614 2063 1688 2106 ita-

303 2150 389 2194 que
401 2135 610 2194 capienda
624 2143 686 2178 est
701 2149 752 2177 ex
767 2149 815 2176 ea
829 2142 949 2192 parte
963 2133 1156 2192 corporis
1169 2133 1318 2187 nostri,
1333 2149 1432 2193 quae
1445 2133 1542 2192 plus
1557 2132 1690 2176 habet

303 2204 413 2249 lucis
434 2224 442 2249 :
461 2205 668 2264 quoniam
685 2203 878 2263 angelica
894 2218 1091 2263 corpora,
1107 2202 1251 2262 qualia
1266 2218 1344 2247 nos
1361 2203 1584 2247 habituros
1596 2217 1690 2261 spe-

304 2291 465 2330 ramus,
495 2275 755 2320 lucidissima
783 2284 912 2334 atque
929 2276 1114 2319 aetherea
1135 2290 1224 2318 esse
1249 2274 1517 2318 credendum
1543 2282 1634 2318 est:
1655 2273 1688 2316 si

304 2361 407 2405 ergo
424 2345 552 2390 inulti
567 2355 711 2390 motus
726 2345 858 2389 animi
869 2345 1004 2389 nostri
1022 2360 1139 2389 nunc
1158 2353 1455 2403 agnoscuntur
1468 2346 1513 2388 in
1528 2343 1683 2398 oculis,

304 2416 533 2476 probabile
551 2426 614 2460 est
626 2415 745 2476 quod
761 2416 908 2460 nullus
926 2425 1070 2460 motus
1088 2416 1218 2460 animi
1233 2415 1406 2469 latebit,
1431 2429 1531 2459 cum
1545 2423 1688 2459 totum

304 2487 436 2531 luerit
456 2502 612 2546 corpus
629 2488 889 2542 aethereum,
914 2487 960 2530 in
982 2488 1105 2546 cujus
1134 2486 1455 2545 comparatione
1473 2484 1543 2530 isti
1573 2484 1688 2530 oculi

304 2571 404 2603 caro
422 2566 538 2602 sunt.
