1790 3187
301 210 384 248 ²108
741 219 774 246 s.
813 220 1040 247 Aucus'mm
1077 220 1253 248 EPISCOPI

300 287 562 332 carnationis
578 302 682 332 suae.
710 284 834 330 Unde
851 294 915 329 est
936 286 1065 329 etiam
1084 285 1193 328 illud
1215 304 1223 329 ε
1253 304 1271 326 ι(
1293 286 1501 330 Dominus
1524 301 1680 345 regna-

301 378 320 400 »
350 360 450 403 vita
472 358 592 418 ligno
609 361 640 402 1.
670 376 689 398 »
717 358 827 401 Hinc
849 366 992 401 autem
1016 357 1239 401 evacuavit
1266 372 1438 400 omnem
1464 357 1683 417 principa·
1720 381 1724 384 ·

299 440 393 474 tum
416 439 459 473 et
473 445 645 474 omnem
671 437 924 488 potestatem
948 437 990 472 et
1011 428 1237 481 virtutem,
1264 427 1368 470 dum
1393 443 1482 471 non
1500 443 1577 487 per
1599 428 1682 473 cla-

301 502 469 545 ritatem
491 502 605 561 ejus,
631 499 703 543 sed
727 514 803 558 per
824 499 1110 543 humilitatem
1135 499 1240 542 salvi
1263 499 1373 543 fiunt
1395 500 1618 544 credentes
1636 501 1681 545 in

299 587 413 615 eum.
439 573 530 615 Hoc
554 579 617 614 est
639 569 943 613 absconditum
966 585 986 613 a
1010 569 1275 628 sapientibus
1300 578 1342 612 et
1361 568 1676 628 prudentibus,

298 653 340 686 et
376 642 609 685 revelatum
636 639 877 700 parvulis¹3
903 641 1107 700 quoniam
1135 639 1295 699 placuit
1319 643 1406 684 Deo
1435 655 1510 699 per
1539 640 1682 685 stulti-

299 713 400 756 tiam
419 711 739 771 praedicationis
765 711 902 755 salvos
919 709 1059 755 facere
1080 711 1304 755 credentes
1321 714 1352 754 ².
1378 713 1527 771 Neque
1549 711 1680 771 quid-

298 798 429 843 quam
453 798 496 826 se
519 783 631 826 inter
649 781 850 841 parvulos
878 782 984 825 scire
1008 782 1114 826 dicit
1140 781 1393 840 Apostolus,
1419 782 1498 825 nisi
1531 784 1679 826 Jesum
1744 786 1745 789 ’

298 854 542 908 Christum,
563 862 605 896 et
624 854 741 898 hunc
763 853 1060 897 crucifixumss.
1085 854 1179 905 Qua
1204 852 1511 911 praedicatione
1529 852 1682 896 tandiu

298 940 405 984 opus
441 934 532 982 est,
571 925 710 969 donec
752 933 972 983 ponantur
1005 939 1155 967 omnes
1194 923 1356 966 inimici
1386 923 1467 967 sub
1495 923 1682 983 pedibus
1744 979 1745 983 Ἰ

298 997 387 1055 ejus
413 1014 422 1039 ι
451 995 496 1039 id
517 1005 606 1050 est,
640 996 717 1055 ipsi
743 983 980 1039 humilitati
1009 996 1099 1055 ejus
1117 1030 1127 1050 ,
1158 1011 1288 1055 quam
1314 996 1475 1053 pedum
1504 994 1681 1038 nomine

297 1067 528 1124 significari
562 1066 748 1110 arbitror
777 1101 787 1120 ,
832 1066 958 1110 cedat
1002 1075 1132 1125 atque
1181 1065 1393 1109 subdatur
1435 1065 1573 1109 omnis
1609 1080 1682 1109 su-

298 1136 445 1194 perbia
483 1136 695 1180 saecularis
718 1158 729 1192 3
769 1137 880 1180 sicut
919 1152 969 1180 ex
1010 1136 1189 1179 maxima
1229 1145 1350 1194 parte
1384 1136 1473 1195 jam
1515 1134 1680 1178 factum

297 1215 381 1260 est,
405 1216 447 1250 et
470 1206 666 1266 quotidie
690 1207 781 1249 fieri
805 1200 1016 1250 vid'emus.
1045 1206 1126 1250 Sed
1150 1221 1238 1266 quo
1260 1207 1346 1249 fine
1363 1207 1441 1250 ista
1465 1207 1605 1249 fiunt?
1626 1207 1682 1249 Ut
1743 1204 1745 1207 ’

299 1275 439 1320 tradat
462 1292 643 1336 regnum
659 1280 756 1321 =Deo
774 1286 816 1320 et
837 1278 977 1331 Patri,
996 1276 1040 1320 id
1064 1286 1153 1332 est,
1175 1287 1223 1320 ut
1241 1277 1426 1320 nutritos
1443 1275 1529 1319 fide
1546 1277 1680 1320 incar-

295 1347 482 1391 nationis
500 1362 611 1402 suae,
638 1346 847 1407 perducat
869 1346 922 1390 ad
940 1348 1125 1406 speciem
1152 1362 1238 1406 qua
1261 1346 1439 1406 aequalis
1459 1356 1521 1390 est
1544 1346 1675 1390 Patri.

296 1419 392 1460 Jam
411 1418 523 1460 enim
548 1417 607 1460 eis
630 1417 705 1477 qui
728 1416 1027 1472 crediderant,
1046 1416 1310 1477 loquebatur
1326 1452 1336 1471 ,
1361 1432 1459 1460 cum
1484 1416 1645 1460 diceret
1667 1436 1677 1461 ι

300 1507 318 1528 ι(
346 1489 389 1532 Si
412 1489 651 1532 manseritis
672 1489 716 1532 in
739 1490 872 1532 verbo
896 1504 1013 1543 meo,
1039 1504 1139 1532 vere
1162 1488 1359 1547 discipuli
1385 1488 1468 1531 mei
1486 1488 1584 1531 estis
1601 1522 1611 1542 ,
1638 1497 1680 1532 et
1743 1475 1745 1545 J

298 1578 316 1600 »
342 1559 610 1618 cognoscetis
630 1561 852 1603 veritatem
870 1595 880 1614 ,
902 1569 944 1603 ct
968 1560 1121 1603 veritas
1145 1559 1346 1603 liberabit
1366 1574 1441 1603 vos
1455 1560 1486 1602 4.
1516 1577 1535 1599 »
1563 1562 1679 1617 Reg-

294 1645 400 1672 num
424 1630 538 1673 enim
567 1631 708 1673 tradet
740 1630 881 1684 Patri,
903 1645 1001 1674 cum
1025 1645 1099 1689 per
1122 1630 1164 1673 id
1196 1630 1395 1689 regnabit
1416 1629 1462 1673 in
1482 1639 1679 1674 contem-

293 1699 513 1759 plentibus
531 1702 780 1754 veritatem,
807 1716 894 1760 quo
917 1700 1093 1759 {equalis
1112 1709 1174 1744 est
1199 1701 1335 1755 Patri,
1361 1709 1403 1743 et
1425 1715 1500 1759 per
1522 1715 1565 1744 se
1583 1700 1678 1743 uni·
1742 1730 1745 1757 3

294 1772 488 1830 genitum
512 1787 589 1830 per
609 1772 792 1831 speciem
812 1772 940 1816 faciet
956 1771 1094 1815 videri
1113 1775 1299 1815 Patrem.
1319 1774 1446 1816 Nunc
1469 1772 1583 1815 enim
1604 1786 1679 1830 per

294 1843 374 1886 hoc
403 1852 552 1900 regnat
576 1843 619 1886 in
643 1842 921 1887 credentibus
938 1878 948 1898 ,
975 1859 1062 1903 quo
1092 1859 1135 1886 se
1163 1843 1305 1902 ipsum
1330 1842 1565 1886 exinanivit
1587 1842 1678 1887 for·
1742 1886 1744 1903 ἶ

292 1929 406 1956 mam
428 1914 536 1957 servi
559 1914 771 1973 accipiens
786 1916 816 1957 ⁵.
842 1917 962 1958 Tunc
986 1924 1130 1958 autem
1155 1913 1296 1958 tradet
1319 1929 1500 1972 regnum
1524 1917 1611 1958 Deo
1634 1923 1677 1957 et
1742 1962 1743 1967 Ἰ

294 1985 434 2039 Patri,
452 2001 551 2028 cum
571 1986 837 2029 evacuaverit
858 2001 1030 2030 omnem
1048 1986 1336 2044 principatum
1357 1994 1399 2028 et
1417 1993 1673 2043 potestatem
1742 1971 1743 1979 ἵ

291 2064 334 2098 et
356 2056 573 2099 virtutem.
603 2056 724 2100 Unde
745 2058 994 2107 evacuabit,
1024 2057 1101 2101 nisi
1130 2055 1377 2099 humilitate
1404 2064 1446 2098 et
1468 2055 1670 2115 patientia

290 2135 332 2169 et
352 2126 633 2170 infirmitate?
653 2127 757 2179 Quis
779 2127 893 2170 enim
912 2127 1178 2186 principatus
1197 2142 1285 2170 non
1302 2136 1550 2181 evacuetur,
1571 2142 1669 2170 cum

291 2196 426 2240 Filius
457 2197 532 2240 Dei
566 2207 792 2256 propterea
829 2207 980 2256 regnat
1014 2198 1056 2241 in
1095 2197 1373 2242 credentibus
1394 2233 1404 2252 ,
1439 2197 1540 2257 quia
1573 2212 1672 2240 eum

289 2268 502 2327 principes
531 2268 677 2312 saeculi
708 2268 1047 2328 judicaverunt?
1083 2272 1189 2322 Quae
1223 2277 1410 2327 potestas
1447 2284 1535 2313 non
1570 2283 1671 2312 eva—

289 2348 442 2382 cuetur
459 2374 468 2392 ,
494 2354 593 2383 cum
618 2339 708 2398 ipse
732 2355 807 2398 per
829 2355 958 2399 quem
982 2338 1092 2383 facta
1122 2349 1223 2383 sunt
1247 2340 1390 2384 omnia
1409 2375 1419 2394 ,
1442 2348 1669 2399 propterea

289 2418 439 2467 regnat
460 2409 505 2452 in
525 2409 821 2465 credentibus,
844 2410 944 2470 quia
962 2410 1020 2454 ita
1034 2410 1253 2470 subjectus
1273 2419 1336 2454 cst
1356 2409 1640 2468 potestatibus
1656 2445 1666 2464 ,

339 2506 346 2520 ¹
368 2499 485 2530 Maith-
510 2511 550 2541 xi,
570 2500 623 2532 25.
640 2518 679 2524 --
706 2507 717 2524 ²
744 2512 754 2533 1
783 2503 856 2533 Cor.
876 2512 898 2539 1,
917 2510 1028 2533 ¹21.-—
1046 2499 1126 2533 3141.
1160 2513 1195 2541 ii,
1215 2510 1244 2532 2.
1262 2500 1330 2529 ——4
1350 2502 1440 2532 ‚Io-an.
1461 2511 1528 2541 vui,
1549 2493 1600 2532 3i.
1629 2519 1666 2524 -

290 2553 302 2577 5
321 2554 434 2597 Philip.
453 2566 489 2596 ii,
511 2566 541 2597 2·-
