<?xml version="1.0" encoding="UTF-8"?>
<!DOCTYPE html PUBLIC "-//W3C//DTD XHTML 1.0 Transitional//EN"
    "http://www.w3.org/TR/xhtml1/DTD/xhtml1-transitional.dtd">
<html xmlns="http://www.w3.org/1999/xhtml" xml:lang="en" lang="en">
 <head>
  <title>
</title>
<meta http-equiv="Content-Type" content="text/html;charset=utf-8" />
  <meta name='ocr-system' content='tesseract 3.04.00' />
  <meta name='ocr-capabilities' content='ocr_page ocr_carea ocr_par ocr_line ocrx_word'/>
</head>
<body>
  <div class='ocr_page' id='page_1' title='image "./operaomniaaccura38auguuoft/operaomniaaccura38auguuoft_0437.png"; bbox 0 0 1790 3187; ppageno 0'>
   <div class='ocr_carea' id='block_1_1' title="bbox 0 0 60 3187">
    <p class='ocr_par' dir='ltr' id='par_1_1' title="bbox 0 0 60 3187">
     <span class='ocr_line' id='line_1_1' title="bbox 0 0 60 3187; baseline 0 0"><span class='ocrx_word' id='word_1_1' title='bbox 0 0 60 3187; x_wconf 95' lang='lat' dir='ltr'> </span> 
     </span>
    </p>
   </div>
   <div class='ocr_carea' id='block_1_2' title="bbox 577 240 1445 282">
    <p class='ocr_par' dir='ltr' id='par_1_2' title="bbox 577 240 1445 282">
     <span class='ocr_line' id='line_1_2' title="bbox 577 240 1445 282; baseline 0.002 -2"><span class='ocrx_word' id='word_1_2' title='bbox 577 250 776 281; x_wconf 64' lang='lat' dir='ltr'>ans-,rom</span> <span class='ocrx_word' id='word_1_3' title='bbox 809 252 933 282; x_wconf 76' lang='lat' dir='ltr'>xuu.</span> <span class='ocrx_word' id='word_1_4' title='bbox 1360 240 1445 282; x_wconf 78' lang='lat'>427</span> 
     </span>
    </p>
   </div>
   <div class='ocr_carea' id='block_1_3' title="bbox 47 315 1462 2224">
    <p class='ocr_par' dir='ltr' id='par_1_3' title="bbox 47 315 1462 2224">
     <span class='ocr_line' id='line_1_3' title="bbox 61 315 1450 380; baseline -0.003 -14"><span class='ocrx_word' id='word_1_5' title='bbox 61 318 179 380; x_wconf 86' lang='lat' dir='ltr'>apud</span> <span class='ocrx_word' id='word_1_6' title='bbox 189 317 521 376; x_wconf 86' lang='lat' dir='ltr'>Cartharginem</span> <span class='ocrx_word' id='word_1_7' title='bbox 538 325 686 376; x_wconf 89' lang='lat' dir='ltr'>postea</span> <span class='ocrx_word' id='word_1_8' title='bbox 703 331 802 361; x_wconf 90' lang='lat' dir='ltr'>cum</span> <span class='ocrx_word' id='word_1_9' title='bbox 815 315 1113 371; x_wconf 81' lang='lat' dir='ltr'>traditoribuS‚</span> <span class='ocrx_word' id='word_1_10' title='bbox 1129 330 1238 376; x_wconf 90' lang='lat' dir='ltr'>quos</span> <span class='ocrx_word' id='word_1_11' title='bbox 1262 331 1450 376; x_wconf 88' lang='lat' dir='ltr'>praesen-</span> 
     </span>
     <span class='ocr_line' id='line_1_4' title="bbox 60 387 1448 450; baseline -0.002 -14"><span class='ocrx_word' id='word_1_12' title='bbox 60 400 124 436; x_wconf 86' lang='lat' dir='ltr'>tes</span> <span class='ocrx_word' id='word_1_13' title='bbox 160 400 291 450; x_wconf 88' lang='lat' dir='ltr'>atque</span> <span class='ocrx_word' id='word_1_14' title='bbox 317 389 540 434; x_wconf 87' lang='lat' dir='ltr'>confessos</span> <span class='ocrx_word' id='word_1_15' title='bbox 572 391 661 432; x_wconf 89' lang='lat' dir='ltr'>Deo</span> <span class='ocrx_word' id='word_1_16' title='bbox 689 387 931 443; x_wconf 83' lang='lat' dir='ltr'>dimiserat,</span> <span class='ocrx_word' id='word_1_17' title='bbox 973 387 1223 444; x_wconf 89' lang='lat' dir='ltr'>damnaret,</span> <span class='ocrx_word' id='word_1_18' title='bbox 1268 389 1448 433; x_wconf 90' lang='lat' dir='ltr'>crimine</span> 
     </span>
     <span class='ocr_line' id='line_1_5' title="bbox 60 457 1444 519; baseline -0.002 -13"><span class='ocrx_word' id='word_1_19' title='bbox 60 460 330 515; x_wconf 80' lang='lat' dir='ltr'>traditionis,</span> <span class='ocrx_word' id='word_1_20' title='bbox 368 474 477 519; x_wconf 91' lang='lat' dir='ltr'>quos</span> <span class='ocrx_word' id='word_1_21' title='bbox 509 459 709 503; x_wconf 83' lang='lat' dir='ltr'>absentes</span> <span class='ocrx_word' id='word_1_22' title='bbox 741 457 858 518; x_wconf 88' lang='lat' dir='ltr'>apud</span> <span class='ocrx_word' id='word_1_23' title='bbox 895 473 997 503; x_wconf 90' lang='lat' dir='ltr'>eum</span> <span class='ocrx_word' id='word_1_24' title='bbox 1025 472 1154 503; x_wconf 89' lang='lat' dir='ltr'>nemo</span> <span class='ocrx_word' id='word_1_25' title='bbox 1180 458 1444 503; x_wconf 82' lang='lat' dir='ltr'>convicerat.</span> 
     </span>
     <span class='ocr_line' id='line_1_6' title="bbox 62 527 1451 589; baseline -0.003 -13"><span class='ocrx_word' id='word_1_26' title='bbox 62 534 201 577; x_wconf 90' lang='lat' dir='ltr'>Tanto</span> <span class='ocrx_word' id='word_1_27' title='bbox 223 530 359 589; x_wconf 87' lang='lat' dir='ltr'>magis</span> <span class='ocrx_word' id='word_1_28' title='bbox 380 529 496 573; x_wconf 90' lang='lat' dir='ltr'>enim</span> <span class='ocrx_word' id='word_1_29' title='bbox 521 528 675 573; x_wconf 89' lang='lat' dir='ltr'>timere</span> <span class='ocrx_word' id='word_1_30' title='bbox 697 528 867 584; x_wconf 85' lang='lat' dir='ltr'>debuit,</span> <span class='ocrx_word' id='word_1_31' title='bbox 889 544 944 572; x_wconf 93' lang='lat' dir='ltr'>ne</span> <span class='ocrx_word' id='word_1_32' title='bbox 967 543 1049 588; x_wconf 87' lang='lat' dir='ltr'>pax</span> <span class='ocrx_word' id='word_1_33' title='bbox 1071 528 1250 573; x_wconf 91' lang='lat' dir='ltr'>unitatis</span> <span class='ocrx_word' id='word_1_34' title='bbox 1266 527 1451 573; x_wconf 63' lang='lat' dir='ltr'>violare-2</span> 
     </span>
     <span class='ocr_line' id='line_1_7' title="bbox 60 598 1449 662; baseline -0.003 -14"><span class='ocrx_word' id='word_1_35' title='bbox 60 612 146 658; x_wconf 88' lang='lat' dir='ltr'>tur,</span> <span class='ocrx_word' id='word_1_36' title='bbox 163 610 329 662; x_wconf 90' lang='lat' dir='ltr'>quanto</span> <span class='ocrx_word' id='word_1_37' title='bbox 351 609 442 646; x_wconf 90' lang='lat' dir='ltr'>erat</span> <span class='ocrx_word' id='word_1_38' title='bbox 459 601 675 658; x_wconf 85' lang='lat' dir='ltr'>Carthago</span> <span class='ocrx_word' id='word_1_39' title='bbox 697 601 847 646; x_wconf 86' lang='lat' dir='ltr'>civitas</span> <span class='ocrx_word' id='word_1_40' title='bbox 870 599 1013 660; x_wconf 89' lang='lat' dir='ltr'>ampla</span> <span class='ocrx_word' id='word_1_41' title='bbox 1037 609 1082 645; x_wconf 89' lang='lat' dir='ltr'>et</span> <span class='ocrx_word' id='word_1_42' title='bbox 1110 599 1305 655; x_wconf 88' lang='lat' dir='ltr'>illustris,</span> <span class='ocrx_word' id='word_1_43' title='bbox 1330 598 1449 645; x_wconf 88' lang='lat' dir='ltr'>unde</span> 
     </span>
     <span class='ocr_line' id='line_1_8' title="bbox 58 672 1450 733; baseline -0.001 -15"><span class='ocrx_word' id='word_1_44' title='bbox 58 689 103 718; x_wconf 91' lang='lat' dir='ltr'>se</span> <span class='ocrx_word' id='word_1_45' title='bbox 120 689 197 732; x_wconf 88' lang='lat' dir='ltr'>per</span> <span class='ocrx_word' id='word_1_46' title='bbox 219 682 361 718; x_wconf 91' lang='lat' dir='ltr'>totum</span> <span class='ocrx_word' id='word_1_47' title='bbox 379 672 537 717; x_wconf 85' lang='lat' dir='ltr'>Africae</span> <span class='ocrx_word' id='word_1_48' title='bbox 556 687 715 731; x_wconf 89' lang='lat' dir='ltr'>corpus</span> <span class='ocrx_word' id='word_1_49' title='bbox 745 672 928 727; x_wconf 91' lang='lat' dir='ltr'>malum,</span> <span class='ocrx_word' id='word_1_50' title='bbox 954 673 1074 733; x_wconf 86' lang='lat' dir='ltr'>quod</span> <span class='ocrx_word' id='word_1_51' title='bbox 1099 672 1160 716; x_wconf 91' lang='lat' dir='ltr'>ibi</span> <span class='ocrx_word' id='word_1_52' title='bbox 1188 681 1297 718; x_wconf 89' lang='lat' dir='ltr'>esset</span> <span class='ocrx_word' id='word_1_53' title='bbox 1325 687 1450 717; x_wconf 83' lang='lat' dir='ltr'>exor-</span> 
     </span>
     <span class='ocr_line' id='line_1_9' title="bbox 59 741 1453 804; baseline -0.001 -15"><span class='ocrx_word' id='word_1_54' title='bbox 59 753 171 799; x_wconf 82' lang='lat' dir='ltr'>tum,</span> <span class='ocrx_word' id='word_1_55' title='bbox 192 752 399 804; x_wconf 85' lang='lat' dir='ltr'>tanquam</span> <span class='ocrx_word' id='word_1_56' title='bbox 424 759 448 788; x_wconf 91' lang='lat' dir='ltr'>a</span> <span class='ocrx_word' id='word_1_57' title='bbox 475 744 636 788; x_wconf 89' lang='lat' dir='ltr'>vertice</span> <span class='ocrx_word' id='word_1_58' title='bbox 658 741 920 788; x_wconf 82' lang='lat' dir='ltr'>effunderet.</span> <span class='ocrx_word' id='word_1_59' title='bbox 962 745 1067 788; x_wconf 84' lang='lat' dir='ltr'>Erat</span> <span class='ocrx_word' id='word_1_60' title='bbox 1087 744 1216 787; x_wconf 88' lang='lat' dir='ltr'>etiam</span> <span class='ocrx_word' id='word_1_61' title='bbox 1237 752 1453 789; x_wconf 89' lang='lat' dir='ltr'>transma-</span> 
     </span>
     <span class='ocr_line' id='line_1_10' title="bbox 59 813 1452 872; baseline -0.001 -12"><span class='ocrx_word' id='word_1_62' title='bbox 59 815 162 860; x_wconf 85' lang='lat' dir='ltr'>rinis</span> <span class='ocrx_word' id='word_1_63' title='bbox 179 815 320 859; x_wconf 89' lang='lat' dir='ltr'>vicina</span> <span class='ocrx_word' id='word_1_64' title='bbox 346 815 595 872; x_wconf 83' lang='lat' dir='ltr'>regionibus</span> <span class='ocrx_word' id='word_1_65' title='bbox 612 824 654 859; x_wconf 92' lang='lat' dir='ltr'>et</span> <span class='ocrx_word' id='word_1_66' title='bbox 675 814 791 858; x_wconf 85' lang='lat' dir='ltr'>fama</span> <span class='ocrx_word' id='word_1_67' title='bbox 815 814 1096 859; x_wconf 87' lang='lat' dir='ltr'>celeberrima</span> <span class='ocrx_word' id='word_1_68' title='bbox 1113 814 1269 859; x_wconf 91' lang='lat' dir='ltr'>nobilis</span> <span class='ocrx_word' id='word_1_69' title='bbox 1292 833 1301 859; x_wconf 76' lang='grc' dir='ltr'><strong><em>ι</em></strong></span> <span class='ocrx_word' id='word_1_70' title='bbox 1332 813 1452 859; x_wconf 87' lang='lat' dir='ltr'>unde</span> 
     </span>
     <span class='ocr_line' id='line_1_11' title="bbox 58 886 1449 945; baseline -0.002 -14"><span class='ocrx_word' id='word_1_71' title='bbox 58 902 149 931; x_wconf 92' lang='lat' dir='ltr'>non</span> <span class='ocrx_word' id='word_1_72' title='bbox 175 886 405 931; x_wconf 87' lang='lat' dir='ltr'>mediocris</span> <span class='ocrx_word' id='word_1_73' title='bbox 441 886 593 945; x_wconf 89' lang='lat' dir='ltr'>utique</span> <span class='ocrx_word' id='word_1_74' title='bbox 637 886 902 930; x_wconf 84' lang='lat' dir='ltr'>auctoritatis</span> <span class='ocrx_word' id='word_1_75' title='bbox 936 886 1127 930; x_wconf 89' lang='lat' dir='ltr'>habebat</span> <span class='ocrx_word' id='word_1_76' title='bbox 1168 886 1419 944; x_wconf 86' lang='lat' dir='ltr'>episcopum</span> <span class='ocrx_word' id='word_1_77' title='bbox 1436 919 1449 941; x_wconf 89' lang='lat'>,</span> 
     </span>
     <span class='ocr_line' id='line_1_12' title="bbox 58 955 1451 1018; baseline -0.002 -16"><span class='ocrx_word' id='word_1_78' title='bbox 58 958 136 1018; x_wconf 89' lang='lat' dir='ltr'>qui</span> <span class='ocrx_word' id='word_1_79' title='bbox 153 966 297 1018; x_wconf 89' lang='lat' dir='ltr'>posset</span> <span class='ocrx_word' id='word_1_80' title='bbox 318 972 408 1001; x_wconf 92' lang='lat' dir='ltr'>non</span> <span class='ocrx_word' id='word_1_81' title='bbox 433 971 583 1001; x_wconf 89' lang='lat' dir='ltr'>curare</span> <span class='ocrx_word' id='word_1_82' title='bbox 604 957 926 1015; x_wconf 87' lang='lat' dir='ltr'>conspirantem</span> <span class='ocrx_word' id='word_1_83' title='bbox 943 955 1273 999; x_wconf 87' lang='lat' dir='ltr'>multitudinem</span> <span class='ocrx_word' id='word_1_84' title='bbox 1304 956 1451 999; x_wconf 89' lang='lat' dir='ltr'>inimi-</span> 
     </span>
     <span class='ocr_line' id='line_1_13' title="bbox 57 1025 1452 1088; baseline -0.001 -15"><span class='ocrx_word' id='word_1_85' title='bbox 57 1044 227 1083; x_wconf 91' lang='lat' dir='ltr'>corum,</span> <span class='ocrx_word' id='word_1_86' title='bbox 247 1043 348 1072; x_wconf 89' lang='lat' dir='ltr'>cum</span> <span class='ocrx_word' id='word_1_87' title='bbox 369 1042 413 1071; x_wconf 94' lang='lat' dir='ltr'>se</span> <span class='ocrx_word' id='word_1_88' title='bbox 434 1026 601 1072; x_wconf 86' lang='lat' dir='ltr'>videret</span> <span class='ocrx_word' id='word_1_89' title='bbox 625 1036 668 1071; x_wconf 88' lang='lat' dir='ltr'>et</span> <span class='ocrx_word' id='word_1_90' title='bbox 686 1030 897 1071; x_wconf 83' lang='lat' dir='ltr'>Romanae</span> <span class='ocrx_word' id='word_1_91' title='bbox 926 1025 1135 1082; x_wconf 86' lang='lat' dir='ltr'>ecclesiae,</span> <span class='ocrx_word' id='word_1_92' title='bbox 1160 1026 1206 1071; x_wconf 89' lang='lat' dir='ltr'>in</span> <span class='ocrx_word' id='word_1_93' title='bbox 1227 1043 1315 1088; x_wconf 91' lang='lat' dir='ltr'>qua</span> <span class='ocrx_word' id='word_1_94' title='bbox 1335 1042 1452 1071; x_wconf 90' lang='lat' dir='ltr'>sem-</span> 
     </span>
     <span class='ocr_line' id='line_1_14' title="bbox 58 1097 1453 1160; baseline -0.001 -17"><span class='ocrx_word' id='word_1_95' title='bbox 58 1114 136 1160; x_wconf 86' lang='lat' dir='ltr'>per</span> <span class='ocrx_word' id='word_1_96' title='bbox 176 1098 425 1158; x_wconf 84' lang='lat' dir='ltr'>apostolicae</span> <span class='ocrx_word' id='word_1_97' title='bbox 465 1097 684 1142; x_wconf 65' lang='lat' dir='ltr'>cathedrae</span> <span class='ocrx_word' id='word_1_98' title='bbox 718 1098 860 1157; x_wconf 80' lang='lat' dir='ltr'>viguit</span> <span class='ocrx_word' id='word_1_99' title='bbox 889 1098 1181 1157; x_wconf 88' lang='lat' dir='ltr'>principatus,</span> <span class='ocrx_word' id='word_1_100' title='bbox 1206 1107 1250 1142; x_wconf 89' lang='lat' dir='ltr'>et</span> <span class='ocrx_word' id='word_1_101' title='bbox 1287 1098 1453 1143; x_wconf 83' lang='lat' dir='ltr'>caeteris</span> 
     </span>
     <span class='ocr_line' id='line_1_15' title="bbox 58 1168 1454 1228; baseline -0.001 -14"><span class='ocrx_word' id='word_1_102' title='bbox 58 1169 205 1224; x_wconf 89' lang='lat' dir='ltr'>terris,</span> <span class='ocrx_word' id='word_1_103' title='bbox 236 1168 355 1213; x_wconf 84' lang='lat' dir='ltr'>unde</span> <span class='ocrx_word' id='word_1_104' title='bbox 383 1168 674 1227; x_wconf 82' lang='lat' dir='ltr'>Evangelium</span> <span class='ocrx_word' id='word_1_105' title='bbox 713 1169 768 1212; x_wconf 92' lang='lat' dir='ltr'>ad</span> <span class='ocrx_word' id='word_1_106' title='bbox 802 1169 938 1227; x_wconf 84' lang='lat' dir='ltr'>ipsam</span> <span class='ocrx_word' id='word_1_107' title='bbox 970 1168 1162 1214; x_wconf 86' lang='lat' dir='ltr'>Africam</span> <span class='ocrx_word' id='word_1_108' title='bbox 1201 1168 1337 1224; x_wconf 83' lang='lat' dir='ltr'>venit,</span> <span class='ocrx_word' id='word_1_109' title='bbox 1377 1184 1454 1228; x_wconf 90' lang='lat' dir='ltr'>per</span> 
     </span>
     <span class='ocr_line' id='line_1_16' title="bbox 58 1238 1454 1301; baseline -0.002 -14"><span class='ocrx_word' id='word_1_110' title='bbox 58 1239 470 1287; x_wconf 82' lang='lat' dir='ltr'>communicatorias</span> <span class='ocrx_word' id='word_1_111' title='bbox 500 1238 664 1284; x_wconf 88' lang='lat' dir='ltr'>litteras</span> <span class='ocrx_word' id='word_1_112' title='bbox 699 1255 790 1284; x_wconf 86' lang='lat' dir='ltr'>esse</span> <span class='ocrx_word' id='word_1_113' title='bbox 824 1242 1128 1301; x_wconf 83' lang='lat' dir='ltr'>conjunctum,</span> <span class='ocrx_word' id='word_1_114' title='bbox 1164 1240 1240 1285; x_wconf 89' lang='lat' dir='ltr'>ubi</span> <span class='ocrx_word' id='word_1_115' title='bbox 1278 1249 1454 1300; x_wconf 87' lang='lat' dir='ltr'>paratus</span> 
     </span>
     <span class='ocr_line' id='line_1_17' title="bbox 60 1311 1455 1373; baseline -0.001 -15"><span class='ocrx_word' id='word_1_116' title='bbox 60 1322 170 1358; x_wconf 88' lang='lat' dir='ltr'>esset</span> <span class='ocrx_word' id='word_1_117' title='bbox 202 1327 374 1357; x_wconf 86' lang='lat' dir='ltr'>causam</span> <span class='ocrx_word' id='word_1_118' title='bbox 409 1327 532 1356; x_wconf 89' lang='lat' dir='ltr'>suam</span> <span class='ocrx_word' id='word_1_119' title='bbox 562 1311 725 1368; x_wconf 86' lang='lat' dir='ltr'>dicere,</span> <span class='ocrx_word' id='word_1_120' title='bbox 748 1313 783 1357; x_wconf 89' lang='lat' dir='ltr'>si</span> <span class='ocrx_word' id='word_1_121' title='bbox 811 1312 1042 1358; x_wconf 88' lang='lat' dir='ltr'>adversarii</span> <span class='ocrx_word' id='word_1_122' title='bbox 1075 1314 1166 1373; x_wconf 85' lang='lat' dir='ltr'>ejus</span> <span class='ocrx_word' id='word_1_123' title='bbox 1200 1313 1255 1357; x_wconf 92' lang='lat' dir='ltr'>ab</span> <span class='ocrx_word' id='word_1_124' title='bbox 1286 1328 1338 1357; x_wconf 92' lang='lat' dir='ltr'>eo</span> <span class='ocrx_word' id='word_1_125' title='bbox 1359 1312 1455 1356; x_wconf 89' lang='lat' dir='ltr'>illas</span> 
     </span>
     <span class='ocr_line' id='line_1_18' title="bbox 61 1382 1455 1443; baseline -0.003 -13"><span class='ocrx_word' id='word_1_126' title='bbox 61 1384 260 1430; x_wconf 85' lang='lat' dir='ltr'>ecclesias</span> <span class='ocrx_word' id='word_1_127' title='bbox 295 1383 482 1427; x_wconf 86' lang='lat' dir='ltr'>alienare</span> <span class='ocrx_word' id='word_1_128' title='bbox 505 1392 784 1428; x_wconf 86' lang='lat' dir='ltr'>conarentur.</span> <span class='ocrx_word' id='word_1_129' title='bbox 811 1384 921 1437; x_wconf 87' lang='lat' dir='ltr'>Quia</span> <span class='ocrx_word' id='word_1_130' title='bbox 942 1399 1044 1443; x_wconf 85' lang='lat' dir='ltr'>ergo</span> <span class='ocrx_word' id='word_1_131' title='bbox 1067 1384 1215 1429; x_wconf 88' lang='lat' dir='ltr'>venire</span> <span class='ocrx_word' id='word_1_132' title='bbox 1237 1382 1379 1428; x_wconf 90' lang='lat' dir='ltr'>noluit</span> <span class='ocrx_word' id='word_1_133' title='bbox 1399 1382 1455 1427; x_wconf 89' lang='lat' dir='ltr'>ad</span> 
     </span>
     <span class='ocr_line' id='line_1_19' title="bbox 60 1454 1455 1515; baseline -0.002 -14"><span class='ocrx_word' id='word_1_134' title='bbox 60 1456 299 1515; x_wconf 89' lang='lat' dir='ltr'>hospitium</span> <span class='ocrx_word' id='word_1_135' title='bbox 320 1454 605 1513; x_wconf 83' lang='lat' dir='ltr'>collegarum,</span> <span class='ocrx_word' id='word_1_136' title='bbox 626 1469 736 1514; x_wconf 88' lang='lat' dir='ltr'>quos</span> <span class='ocrx_word' id='word_1_137' title='bbox 759 1470 781 1499; x_wconf 88' lang='lat' dir='ltr'>a</span> <span class='ocrx_word' id='word_1_138' title='bbox 804 1455 892 1499; x_wconf 88' lang='lat' dir='ltr'>suis</span> <span class='ocrx_word' id='word_1_139' title='bbox 913 1454 1097 1499; x_wconf 89' lang='lat' dir='ltr'>inimicis</span> <span class='ocrx_word' id='word_1_140' title='bbox 1119 1463 1270 1499; x_wconf 87' lang='lat' dir='ltr'>contra</span> <span class='ocrx_word' id='word_1_141' title='bbox 1293 1454 1455 1499; x_wconf 87' lang='lat' dir='ltr'>verita-</span> 
     </span>
     <span class='ocr_line' id='line_1_20' title="bbox 61 1525 1452 1585; baseline -0.002 -14"><span class='ocrx_word' id='word_1_142' title='bbox 61 1536 151 1572; x_wconf 88' lang='lat' dir='ltr'>tem</span> <span class='ocrx_word' id='word_1_143' title='bbox 184 1542 275 1571; x_wconf 85' lang='lat' dir='ltr'>suae</span> <span class='ocrx_word' id='word_1_144' title='bbox 299 1542 439 1571; x_wconf 82' lang='lat' dir='ltr'>causae</span> <span class='ocrx_word' id='word_1_145' title='bbox 462 1541 682 1585; x_wconf 89' lang='lat' dir='ltr'>perversos</span> <span class='ocrx_word' id='word_1_146' title='bbox 699 1540 789 1570; x_wconf 89' lang='lat' dir='ltr'>esse</span> <span class='ocrx_word' id='word_1_147' title='bbox 808 1526 1022 1570; x_wconf 87' lang='lat' dir='ltr'>sentiebat</span> <span class='ocrx_word' id='word_1_148' title='bbox 1043 1525 1113 1570; x_wconf 90' lang='lat' dir='ltr'>vel</span> <span class='ocrx_word' id='word_1_149' title='bbox 1134 1525 1452 1583; x_wconf 86' lang='lat' dir='ltr'>suspicabatur,</span> 
     </span>
     <span class='ocr_line' id='line_1_21' title="bbox 61 1595 1457 1657; baseline -0.003 -14"><span class='ocrx_word' id='word_1_150' title='bbox 61 1597 133 1644; x_wconf 90' lang='lat' dir='ltr'>vel</span> <span class='ocrx_word' id='word_1_151' title='bbox 160 1607 211 1642; x_wconf 90' lang='lat' dir='ltr'>ut</span> <span class='ocrx_word' id='word_1_152' title='bbox 242 1598 324 1657; x_wconf 91' lang='lat' dir='ltr'>ipsi</span> <span class='ocrx_word' id='word_1_153' title='bbox 353 1605 563 1651; x_wconf 87' lang='lat' dir='ltr'>asserunt,</span> <span class='ocrx_word' id='word_1_154' title='bbox 588 1595 836 1651; x_wconf 84' lang='lat' dir='ltr'>simulabat,</span> <span class='ocrx_word' id='word_1_155' title='bbox 864 1605 985 1641; x_wconf 89' lang='lat' dir='ltr'>tanto</span> <span class='ocrx_word' id='word_1_156' title='bbox 1003 1596 1136 1654; x_wconf 86' lang='lat' dir='ltr'>magis</span> <span class='ocrx_word' id='word_1_157' title='bbox 1161 1595 1403 1650; x_wconf 87' lang='lat' dir='ltr'>Secundus,</span> <span class='ocrx_word' id='word_1_158' title='bbox 1424 1595 1457 1639; x_wconf 90' lang='lat' dir='ltr'>si</span> 
     </span>
     <span class='ocr_line' id='line_1_22' title="bbox 62 1666 1456 1728; baseline -0.004 -12"><span class='ocrx_word' id='word_1_159' title='bbox 62 1685 175 1716; x_wconf 81' lang='lat' dir='ltr'>verae</span> <span class='ocrx_word' id='word_1_160' title='bbox 192 1670 308 1728; x_wconf 84' lang='lat' dir='ltr'>pacis</span> <span class='ocrx_word' id='word_1_161' title='bbox 321 1677 466 1713; x_wconf 80' lang='lat' dir='ltr'>custos</span> <span class='ocrx_word' id='word_1_162' title='bbox 488 1683 578 1712; x_wconf 90' lang='lat' dir='ltr'>esse</span> <span class='ocrx_word' id='word_1_163' title='bbox 594 1668 816 1723; x_wconf 84' lang='lat' dir='ltr'>voluisset,</span> <span class='ocrx_word' id='word_1_164' title='bbox 843 1683 996 1712; x_wconf 87' lang='lat' dir='ltr'>cavere</span> <span class='ocrx_word' id='word_1_165' title='bbox 1014 1667 1170 1711; x_wconf 88' lang='lat' dir='ltr'>debuit</span> <span class='ocrx_word' id='word_1_166' title='bbox 1187 1682 1242 1711; x_wconf 91' lang='lat' dir='ltr'>ne</span> <span class='ocrx_word' id='word_1_167' title='bbox 1270 1666 1456 1711; x_wconf 89' lang='lat' dir='ltr'>damna-</span> 
     </span>
     <span class='ocr_line' id='line_1_23' title="bbox 63 1738 1460 1799; baseline -0.004 -14"><span class='ocrx_word' id='word_1_168' title='bbox 63 1750 214 1786; x_wconf 88' lang='lat' dir='ltr'>rentur</span> <span class='ocrx_word' id='word_1_169' title='bbox 239 1740 456 1794; x_wconf 85' lang='lat' dir='ltr'>absentes,</span> <span class='ocrx_word' id='word_1_170' title='bbox 482 1740 559 1799; x_wconf 90' lang='lat' dir='ltr'>qui</span> <span class='ocrx_word' id='word_1_171' title='bbox 575 1739 743 1798; x_wconf 82' lang='lat' dir='ltr'>judicio</span> <span class='ocrx_word' id='word_1_172' title='bbox 766 1753 917 1783; x_wconf 91' lang='lat' dir='ltr'>eorum</span> <span class='ocrx_word' id='word_1_173' title='bbox 947 1738 1128 1782; x_wconf 89' lang='lat' dir='ltr'>omnino</span> <span class='ocrx_word' id='word_1_174' title='bbox 1154 1738 1358 1781; x_wconf 90' lang='lat' dir='ltr'>interesse</span> <span class='ocrx_word' id='word_1_175' title='bbox 1377 1752 1460 1781; x_wconf 90' lang='lat' dir='ltr'>no-</span> 
     </span>
     <span class='ocr_line' id='line_1_24' title="bbox 63 1807 1458 1871; baseline -0.004 -14"><span class='ocrx_word' id='word_1_176' title='bbox 63 1812 258 1857; x_wconf 88' lang='lat' dir='ltr'>luerunt.</span> <span class='ocrx_word' id='word_1_177' title='bbox 279 1813 431 1871; x_wconf 86' lang='lat' dir='ltr'>Neque</span> <span class='ocrx_word' id='word_1_178' title='bbox 455 1810 570 1854; x_wconf 92' lang='lat' dir='ltr'>enim</span> <span class='ocrx_word' id='word_1_179' title='bbox 589 1810 644 1854; x_wconf 88' lang='lat' dir='ltr'>de</span> <span class='ocrx_word' id='word_1_180' title='bbox 659 1810 922 1869; x_wconf 89' lang='lat' dir='ltr'>presbyteris</span> <span class='ocrx_word' id='word_1_181' title='bbox 940 1819 1016 1854; x_wconf 89' lang='lat' dir='ltr'>aut</span> <span class='ocrx_word' id='word_1_182' title='bbox 1037 1808 1229 1854; x_wconf 88' lang='lat' dir='ltr'>diaconis</span> <span class='ocrx_word' id='word_1_183' title='bbox 1247 1819 1322 1853; x_wconf 84' lang='lat' dir='ltr'>aut</span> <span class='ocrx_word' id='word_1_184' title='bbox 1342 1807 1458 1852; x_wconf 92' lang='lat' dir='ltr'>infe-</span> 
     </span>
     <span class='ocr_line' id='line_1_25' title="bbox 65 1879 1460 1941; baseline -0.001 -15"><span class='ocrx_word' id='word_1_185' title='bbox 65 1882 187 1926; x_wconf 87' lang='lat' dir='ltr'>rioris</span> <span class='ocrx_word' id='word_1_186' title='bbox 201 1881 365 1926; x_wconf 89' lang='lat' dir='ltr'>ordinis</span> <span class='ocrx_word' id='word_1_187' title='bbox 380 1881 563 1937; x_wconf 86' lang='lat' dir='ltr'>clericis,</span> <span class='ocrx_word' id='word_1_188' title='bbox 584 1879 658 1925; x_wconf 88' lang='lat' dir='ltr'>sed</span> <span class='ocrx_word' id='word_1_189' title='bbox 675 1879 729 1924; x_wconf 89' lang='lat' dir='ltr'>de</span> <span class='ocrx_word' id='word_1_190' title='bbox 751 1880 928 1939; x_wconf 82' lang='lat' dir='ltr'>collegis</span> <span class='ocrx_word' id='word_1_191' title='bbox 945 1881 1173 1939; x_wconf 82' lang='lat' dir='ltr'>agebatur,</span> <span class='ocrx_word' id='word_1_192' title='bbox 1186 1880 1263 1941; x_wconf 89' lang='lat' dir='ltr'>qui</span> <span class='ocrx_word' id='word_1_193' title='bbox 1285 1889 1460 1939; x_wconf 85' lang='lat' dir='ltr'>possent</span> 
     </span>
     <span class='ocr_line' id='line_1_26' title="bbox 64 1950 1459 2011; baseline -0.001 -15"><span class='ocrx_word' id='word_1_194' title='bbox 64 1952 252 1996; x_wconf 88' lang='lat' dir='ltr'>aliorum</span> <span class='ocrx_word' id='word_1_195' title='bbox 293 1952 561 2011; x_wconf 83' lang='lat' dir='ltr'>collegarum</span> <span class='ocrx_word' id='word_1_196' title='bbox 595 1951 789 2011; x_wconf 82' lang='lat' dir='ltr'>judicio,</span> <span class='ocrx_word' id='word_1_197' title='bbox 835 1952 1072 2010; x_wconf 80' lang='lat' dir='ltr'>praesertim</span> <span class='ocrx_word' id='word_1_198' title='bbox 1121 1950 1459 2010; x_wconf 88' lang='lat' dir='ltr'>apostolicarum</span> 
     </span>
     <span class='ocr_line' id='line_1_27' title="bbox 66 2022 1461 2081; baseline -0.001 -14"><span class='ocrx_word' id='word_1_199' title='bbox 66 2023 362 2077; x_wconf 90' lang='lat' dir='ltr'>ecclesiarum,</span> <span class='ocrx_word' id='word_1_200' title='bbox 384 2037 559 2066; x_wconf 86' lang='lat' dir='ltr'>causam</span> <span class='ocrx_word' id='word_1_201' title='bbox 577 2038 698 2066; x_wconf 88' lang='lat' dir='ltr'>suam</span> <span class='ocrx_word' id='word_1_202' title='bbox 715 2022 929 2081; x_wconf 85' lang='lat' dir='ltr'>integram</span> <span class='ocrx_word' id='word_1_203' title='bbox 952 2038 1190 2080; x_wconf 78' lang='lat' dir='ltr'>reservare3</span> <span class='ocrx_word' id='word_1_204' title='bbox 1210 2022 1286 2066; x_wconf 90' lang='lat' dir='ltr'>ubi</span> <span class='ocrx_word' id='word_1_205' title='bbox 1309 2031 1461 2066; x_wconf 88' lang='lat' dir='ltr'>contra</span> 
     </span>
     <span class='ocr_line' id='line_1_28' title="bbox 47 2092 1461 2153; baseline -0.001 -15"><span class='ocrx_word' id='word_1_206' title='bbox 47 2109 139 2149; x_wconf 39' lang='lat' dir='ltr'>,eos</span> <span class='ocrx_word' id='word_1_207' title='bbox 156 2095 382 2138; x_wconf 83' lang='lat' dir='ltr'>sententiae</span> <span class='ocrx_word' id='word_1_208' title='bbox 400 2092 531 2138; x_wconf 86' lang='lat' dir='ltr'>dictae</span> <span class='ocrx_word' id='word_1_209' title='bbox 551 2094 596 2138; x_wconf 87' lang='lat' dir='ltr'>in</span> <span class='ocrx_word' id='word_1_210' title='bbox 617 2094 833 2148; x_wconf 85' lang='lat' dir='ltr'>absentes,</span> <span class='ocrx_word' id='word_1_211' title='bbox 854 2092 979 2137; x_wconf 89' lang='lat' dir='ltr'>nullo</span> <span class='ocrx_word' id='word_1_212' title='bbox 1000 2092 1132 2138; x_wconf 88' lang='lat' dir='ltr'>modo</span> <span class='ocrx_word' id='word_1_213' title='bbox 1154 2092 1321 2153; x_wconf 86' lang='lat' dir='ltr'>aliquid</span> <span class='ocrx_word' id='word_1_214' title='bbox 1343 2092 1461 2137; x_wconf 87' lang='lat' dir='ltr'>vale-</span> 
     </span>
     <span class='ocr_line' id='line_1_29' title="bbox 68 2163 1462 2224; baseline -0.002 -15"><span class='ocrx_word' id='word_1_215' title='bbox 68 2174 182 2220; x_wconf 87' lang='lat' dir='ltr'>rent,</span> <span class='ocrx_word' id='word_1_216' title='bbox 207 2163 384 2224; x_wconf 87' lang='lat' dir='ltr'>quando</span> <span class='ocrx_word' id='word_1_217' title='bbox 415 2179 566 2208; x_wconf 88' lang='lat' dir='ltr'>eorum</span> <span class='ocrx_word' id='word_1_218' title='bbox 590 2163 807 2224; x_wconf 82' lang='lat' dir='ltr'>judicium</span> <span class='ocrx_word' id='word_1_219' title='bbox 839 2179 929 2209; x_wconf 91' lang='lat' dir='ltr'>non</span> <span class='ocrx_word' id='word_1_220' title='bbox 953 2164 1094 2223; x_wconf 89' lang='lat' dir='ltr'>primo</span> <span class='ocrx_word' id='word_1_221' title='bbox 1123 2164 1289 2208; x_wconf 89' lang='lat' dir='ltr'>aditum</span> <span class='ocrx_word' id='word_1_222' title='bbox 1313 2171 1462 2222; x_wconf 85' lang='lat' dir='ltr'>postea</span> 
     </span>
    </p>
   </div>
   <div class='ocr_carea' id='block_1_4' title="bbox 48 2235 1461 2352">
    <p class='ocr_par' dir='ltr' id='par_1_4' title="bbox 48 2235 1461 2352">
     <span class='ocr_line' id='line_1_30' title="bbox 48 2235 1461 2295; baseline -0.002 -14"><span class='ocrx_word' id='word_1_223' title='bbox 48 2237 384 2290; x_wconf 63' lang='lat' dir='ltr'>zdeseruerunt,</span> <span class='ocrx_word' id='word_1_224' title='bbox 409 2235 484 2279; x_wconf 85' lang='lat' dir='ltr'>sed</span> <span class='ocrx_word' id='word_1_225' title='bbox 513 2244 763 2295; x_wconf 90' lang='lat' dir='ltr'>suspectum</span> <span class='ocrx_word' id='word_1_226' title='bbox 797 2250 968 2294; x_wconf 89' lang='lat' dir='ltr'>semper</span> <span class='ocrx_word' id='word_1_227' title='bbox 1002 2235 1202 2279; x_wconf 88' lang='lat' dir='ltr'>habitum</span> <span class='ocrx_word' id='word_1_228' title='bbox 1233 2248 1461 2294; x_wconf 89' lang='lat' dir='ltr'>nunquam</span> 
     </span>
     <span class='ocr_line' id='line_1_31' title="bbox 69 2306 455 2352; baseline -0.003 -1"><span class='ocrx_word' id='word_1_229' title='bbox 69 2307 189 2352; x_wconf 87' lang='lat' dir='ltr'>adire</span> <span class='ocrx_word' id='word_1_230' title='bbox 206 2306 455 2351; x_wconf 88' lang='lat' dir='ltr'>voluerunt.</span> 
     </span>
    </p>
   </div>
   <div class='ocr_carea' id='block_1_5' title="bbox 68 2374 1466 2652">
    <p class='ocr_par' dir='ltr' id='par_1_5' title="bbox 68 2374 1466 2652">
     <span class='ocr_line' id='line_1_32' title="bbox 130 2374 1460 2431; baseline -0.002 -9"><span class='ocrx_word' id='word_1_231' title='bbox 130 2381 253 2423; x_wconf 92' lang='lat' dir='ltr'><strong>VIII.</strong></span> <span class='ocrx_word' id='word_1_232' title='bbox 295 2380 400 2422; x_wconf 85' lang='lat' dir='ltr'>Haec</span> <span class='ocrx_word' id='word_1_233' title='bbox 436 2392 501 2421; x_wconf 86' lang='lat' dir='ltr'>res</span> <span class='ocrx_word' id='word_1_234' title='bbox 532 2377 716 2421; x_wconf 88' lang='lat' dir='ltr'>maxime</span> <span class='ocrx_word' id='word_1_235' title='bbox 749 2375 982 2422; x_wconf 87' lang='lat' dir='ltr'>sollicitare</span> <span class='ocrx_word' id='word_1_236' title='bbox 1010 2375 1166 2420; x_wconf 89' lang='lat' dir='ltr'>debuit</span> <span class='ocrx_word' id='word_1_237' title='bbox 1190 2374 1460 2431; x_wconf 87' lang='lat' dir='ltr'>Secundum,</span> 
     </span>
     <span class='ocr_line' id='line_1_33' title="bbox 68 2447 1465 2510; baseline -0.003 -16"><span class='ocrx_word' id='word_1_238' title='bbox 68 2450 150 2510; x_wconf 90' lang='lat' dir='ltr'>qui</span> <span class='ocrx_word' id='word_1_239' title='bbox 177 2459 286 2494; x_wconf 91' lang='lat' dir='ltr'>tunc</span> <span class='ocrx_word' id='word_1_240' title='bbox 307 2459 400 2494; x_wconf 90' lang='lat' dir='ltr'>erat</span> <span class='ocrx_word' id='word_1_241' title='bbox 428 2449 610 2509; x_wconf 88' lang='lat' dir='ltr'>primas,</span> <span class='ocrx_word' id='word_1_242' title='bbox 634 2448 667 2493; x_wconf 90' lang='lat' dir='ltr'>si</span> <span class='ocrx_word' id='word_1_243' title='bbox 688 2458 919 2508; x_wconf 87' lang='lat' dir='ltr'>propterea</span> <span class='ocrx_word' id='word_1_244' title='bbox 941 2447 1178 2493; x_wconf 91' lang='lat' dir='ltr'>concilium</span> <span class='ocrx_word' id='word_1_245' title='bbox 1198 2447 1393 2506; x_wconf 87' lang='lat' dir='ltr'>regebat,</span> <span class='ocrx_word' id='word_1_246' title='bbox 1414 2455 1465 2490; x_wconf 87' lang='lat' dir='ltr'>ut</span> 
     </span>
     <span class='ocr_line' id='line_1_34' title="bbox 73 2517 1466 2580; baseline -0.004 -14"><span class='ocrx_word' id='word_1_247' title='bbox 73 2521 169 2580; x_wconf 87' lang='lat' dir='ltr'>paci</span> <span class='ocrx_word' id='word_1_248' title='bbox 191 2520 439 2566; x_wconf 87' lang='lat' dir='ltr'>consuleret</span> <span class='ocrx_word' id='word_1_249' title='bbox 465 2540 473 2565; x_wconf 89' lang='lat'>:</span> <span class='ocrx_word' id='word_1_250' title='bbox 497 2520 624 2565; x_wconf 89' lang='lat' dir='ltr'>facile</span> <span class='ocrx_word' id='word_1_251' title='bbox 645 2521 760 2564; x_wconf 90' lang='lat' dir='ltr'>enim</span> <span class='ocrx_word' id='word_1_252' title='bbox 790 2519 979 2564; x_wconf 87' lang='lat' dir='ltr'>fortassis</span> <span class='ocrx_word' id='word_1_253' title='bbox 1012 2517 1163 2563; x_wconf 85' lang='lat' dir='ltr'>rabida</span> <span class='ocrx_word' id='word_1_254' title='bbox 1197 2518 1243 2562; x_wconf 90' lang='lat' dir='ltr'>in</span> <span class='ocrx_word' id='word_1_255' title='bbox 1268 2518 1466 2562; x_wconf 88' lang='lat' dir='ltr'>absentes</span> 
     </span>
     <span class='ocr_line' id='line_1_35' title="bbox 76 2588 1465 2652; baseline -0.004 -14"><span class='ocrx_word' id='word_1_256' title='bbox 76 2608 150 2638; x_wconf 89' lang='lat' dir='ltr'>ora</span> <span class='ocrx_word' id='word_1_257' title='bbox 183 2592 349 2652; x_wconf 87' lang='lat' dir='ltr'>placata</span> <span class='ocrx_word' id='word_1_258' title='bbox 368 2591 438 2639; x_wconf 88' lang='lat' dir='ltr'>vel</span> <span class='ocrx_word' id='word_1_259' title='bbox 458 2593 627 2638; x_wconf 85' lang='lat' dir='ltr'>frenata</span> <span class='ocrx_word' id='word_1_260' title='bbox 657 2592 989 2651; x_wconf 87' lang='lat' dir='ltr'>comprimeret,</span> <span class='ocrx_word' id='word_1_261' title='bbox 1015 2590 1050 2635; x_wconf 92' lang='lat' dir='ltr'>si</span> <span class='ocrx_word' id='word_1_262' title='bbox 1078 2588 1271 2635; x_wconf 83' lang='lat' dir='ltr'>diceret:</span> <span class='ocrx_word' id='word_1_263' title='bbox 1298 2588 1465 2634; x_wconf 87' lang='lat' dir='ltr'>Videtis</span> 
     </span>
    </p>
   </div>
  </div>
 </body>
</html>
