1790 3187
369 165 451 203 226
793 173 826 202 S.
865 174 1094 201 Aucus‘rim
1127 174 1307 200 Episcoffl

366 250 417 286 ut
430 249 605 300 propter
625 238 756 283 fidem
777 238 939 283 Christi
951 238 1080 282 etiam
1102 237 1192 297 ipsa
1213 252 1322 282 uxor
1335 236 1529 296 legitima
1545 239 1745 285 societate

367 312 618 372 conjuncta,
644 310 733 354 sine
755 308 844 354 ulla
864 307 993 368 culpa
1014 307 1284 368 relinquatur
1299 342 1310 363 ,
1334 308 1369 352 si
1389 323 1490 352 cum
1512 309 1603 353 viro
1617 310 1745 356 chris-

365 382 501 437 tiano,
520 389 696 441 propter
720 380 803 424 hoc
824 379 928 439 quia
949 379 1217 425 Christianus
1234 387 1314 433 est,
1336 393 1585 437 permanere
1599 379 1745 426 nolue-

365 452 421 497 rit
445 471 454 498 :
487 467 577 496 non
601 451 836 495 attendunt
860 465 912 495 eo
941 449 1073 494 modo
1094 449 1212 494 illam
1234 449 1468 494 rectissime
1489 450 1649 495 dimitti
1671 485 1683 506 ,
1712 451 1765 496 si

364 523 457 569 viro
469 539 547 567 suo
557 523 673 567 dicat
687 541 696 567 :
711 524 808 567 Non
825 536 899 566 ero
911 536 1021 566 uxor
1033 530 1125 576 tua,
1143 520 1223 564 nisi
1236 520 1343 564 mihi
1360 520 1429 565 vel
1450 519 1504 565 de
1520 520 1766 569 latrocinio

365 592 534 639 divitias
555 608 776 651 congeres,
798 593 966 637 autnisi
984 592 1106 636 solita
1129 590 1359 646 lenocinia,
1375 592 1534 651 quibus
1555 568 1765 637 nostrati*

363 662 545 707 domum
575 662 840 721 transigebas
858 697 869 717 ,
903 663 1034 706 etiam
1068 660 1337 706 Christianus
1366 676 1587 720 exerceas,
1612 671 1688 706 aut
1712 645 1766 709 ῥ’

363 734 472 794 quid
494 734 612 778 aliud
627 734 696 780 vel
714 733 1002 778 facinorosum
1017 732 1083 778 vel
1104 733 1360 792 flagitiosum
1374 733 1419 776 in
1434 734 1527 777 viro
1545 741 1742 789 noverat}
1758 742 1765 769 ³

362 821 453 865 quo
474 804 686 850 delectata
708 804 778 851 vel
799 804 1028 848 libidinem
1051 803 1278 862 explebat,
1303 803 1373 848 vel
1393 803 1565 848 facilem
1587 804 1767 891 victum}
1786 803 1787 806 ¹

362 876 658 931 habobatmet
680 877 808 921 etiam
832 875 1057 920 incedebat
1074 876 1278 920 ornatior.
1311 878 1433 919 Tunc
1454 875 1569 919 enim
1585 874 1659 919 ille
1680 873 1765 921 cul

362 947 446 992 hoc
473 964 579 992 uxor
601 947 728 1003 dicit,
750 948 784 992 si
811 948 1019 993 veraciter
1041 948 1126 1005 egit
1148 947 1452 1006 poenitentiam
1475 947 1530 990 ab
1548 947 1782 1006 operibus

363 1019 561 1072 mortuis,
581 1020 758 1078 quando
781 1019 954 1063 accessit
971 1018 1024 1062 ad
1046 1019 1327 1077 baptismum,
1344 1018 1565 1078 habetque
1581 1018 1626 1061 in
1645 1016 1749 1062 fune

362 1088 570 1132 damento
601 1088 733 1132 fidem
763 1104 863 1148 quae
898 1104 974 1148 per
1011 1087 1289 1132 dilectionem
1321 1097 1525 1146 operatur
1547 1122 1558 1142 ,
1600 1100 1735 1147 procu

363 1156 500 1201 dubio
518 1157 614 1216 plus
638 1158 859 1202 tenebitur
889 1174 1035 1201 amore
1065 1157 1223 1201 divinae
1258 1159 1404 1215 gratiae
1425 1193 1436 1212 ,
1463 1173 1591 1218 quam
1617 1157 1740 1202 carn'

364 1228 549 1283 uxoriae,
574 1237 617 1272 et
639 1228 886 1271 membrum
912 1228 1031 1286 quod
1054 1244 1153 1272 eum
1174 1228 1434 1272 scandalizat
1450 1263 1460 1283 ,
1481 1228 1649 1272 fortiter
1661 1242 1730 1273 am

364 1307 504 1357 putat.
531 1301 863 1357 Quemcumque
892 1308 1036 1342 autem
1065 1299 1109 1342 in
1133 1299 1213 1342 hac
1248 1298 1535 1358 diremptione
1557 1298 1754 1342 dolorem,

364 1368 506 1413 cordis
522 1378 698 1428 propter
714 1368 932 1413 carnalem
947 1370 1154 1413 affectum
1177 1371 1370 1429 conjugis
1392 1371 1644 1424 sustinebit,
1671 1371 1750 1415 110

366 1450 429 1484 est
456 1440 767 1484 detrimentum
801 1440 919 1500 quod
950 1441 1165 1499 patietur,
1192 1441 1262 1485 hic
1290 1451 1354 1485 est
1378 1442 1486 1499 ignis
1518 1457 1594 1501 per
1622 1456 1739 1501 quen
1779 1437 1784 1452 ⁸

367 1510 488 1555 foeno
515 1512 694 1556 ardente
723 1512 813 1570 ipse
840 1511 1091 1555 salvabitur.
1132 1512 1174 1556 Si
1205 1521 1347 1556 autem
1365 1514 1453 1572 jam
1477 1513 1536 1556 sic
1566 1512 1750 1556 habeba
1780 1556 1783 1564 ,

366 1597 543 1626 uxorem
571 1591 780 1641 tanquam
807 1597 896 1626 non
925 1582 1107 1635 habens,
1126 1597 1215 1626 non
1237 1592 1412 1642 propter
1439 1584 1726 1641 concupisccn
1750 1582 1785 1638 3ss

367 1652 471 1696 tiam
489 1687 500 1707 ,
532 1651 607 1696 sed
635 1662 812 1711 propter
842 1651 1178 1696 misericordiam
1204 1687 1215 1707 ,
1248 1669 1301 1696 ne
1329 1652 1439 1697 forte
1467 1669 1560 1697 eam
1588 1653 1703 1697 salva
1748 1685 1749 1691 ,

367 1720 543 1778 faceret,
564 1723 748 1766 reddens
766 1723 909 1781 potius
931 1737 1063 1781 quarn
1086 1722 1258 1780 exigens
1276 1722 1474 1766 debiturn
1494 1722 1748 1783 conjugale,
1778 1769 1780 1775 y

368 1793 563 1852 profecto
588 1809 668 1837 nec
696 1791 861 1836 dolebit
889 1792 1138 1846 carnaliter,
1165 1808 1263 1836 cum
1296 1793 1350 1836 ab
1378 1792 1452 1837 illo
1478 1793 1564 1837 tale
1591 1808 1735 1837 connu

369 1864 489 1907 bium
517 1863 787 1923 separabitur
810 1882 818 1907 :
846 1878 987 1921 neque
1009 1862 1125 1905 enim
1155 1862 1200 1905 in
1224 1878 1272 1906 ea
1295 1864 1539 1920 cogitabat,
1557 1864 1636 1907 nisi
1653 1880 1680 1923 q
1721 1884 1749 1903 :a

369 1944 471 1977 sunt
491 1933 581 1988 Dei,
607 1932 828 1993 quomodo
850 1932 1039 1991 placeret
1060 1935 1164 1976 Deo.
1186 1935 1249 1976 Ac
1272 1947 1348 1991 per
1368 1934 1450 1977 hoc
1471 1934 1515 1977 in
1537 1943 1674 1992 quant
1703 1953 1707 1959 ·
1734 1953 1737 1959 ·

369 2020 541 2060 aurum,
562 2014 806 2063 argentum,
831 2013 874 2047 et
894 2003 1059 2063 lapides
1082 2003 1290 2061 pretiosos
1311 2003 1394 2047 illis
1417 2005 1749 2064 cogitationib

368 2155 456 2200 tur,
474 2150 518 2190 in
537 2155 707 2189 tantum
729 2146 822 2204 ejus
843 2153 1080 2198 structura,
1101 2160 1200 2203 quae
1219 2160 1308 2189 non
1329 2154 1421 2190 erat
1435 2144 1604 2202 foenea,
1629 2161 1689 2190 nu

367 2217 571 2261 incendio
594 2225 872 2261 cremaretur.

428 2290 490 2333 80.
513 2289 610 2333 Sive
622 2303 724 2346 ergo
741 2288 785 2330 in
800 2287 881 2331 hac
896 2293 1067 2330 tantum
1088 2285 1176 2330 vita
1197 2285 1275 2330 ista
1289 2286 1485 2331 homines
1505 2287 1744 2347 patiuntm‚
1775 2303 1777 2313 ·

369 2359 457 2404 sive
476 2359 604 2403 etiam
631 2367 728 2419 post
755 2359 867 2402 hanc
896 2356 1028 2402 vitam
1056 2357 1156 2400 talia
1181 2356 1383 2417 quaedam
1408 2357 1574 2419 judicia
1600 2359 1747 2405 subse-

367 2441 581 2490 quuntur,
600 2445 688 2475 non
713 2430 932 2483 abhorret,
957 2436 1171 2487 quantum
1190 2428 1398 2485 arbitror,
1422 2445 1446 2474 a
1460 2430 1626 2475 ratione
1643 2429 1730 2475 veri
1781 2445 1790 2466 e

416 2520 423 2536 ¹
449 2526 457 2545 ι
482 2516 554 2547 Cor.
576 2525 634 2555 vn,
654 2513 707 2547 32.
