1790 3187
678 228 875 257 EPtsTOLA
910 230 978 256 ιν.
1443 220 1525 257 519

139 302 182 338 et
203 293 247 337 in
269 290 352 338 iltis
373 294 540 350 magnis
571 293 760 352 piscibus
791 293 1029 348 invenitur,
1059 307 1168 353 quos
1190 293 1279 352 jam
1318 294 1526 338 Dominus

139 372 235 423 post
261 363 620 407 resurrectionem
644 378 802 408 novam
827 363 958 408 vitam
980 362 1282 409 demonstrans
1299 365 1330 417 ¹,
1364 379 1387 407 a
1421 363 1527 408 dex-

140 443 230 479 tera
253 443 373 494 parte
401 433 534 479 levari
561 435 820 492 imperavit,
855 450 935 480 nec
958 435 1064 479 retia
1097 443 1224 494 rupta
1258 442 1388 488 sunt,
1427 435 1528 494 quia

140 514 244 550 tunc
265 505 570 551 haereticorum
592 505 854 566 inquietudo
883 521 972 550 non
996 505 1090 550 erit.
1120 508 1243 549 Tunc
1263 505 1396 548 homo
1425 519 1527 563 per-

139 574 278 620 fectus
300 584 342 620 et
364 576 562 635 quietus,
605 584 815 635 purgatus
853 576 898 620 in
935 576 1080 621 animo
1108 584 1151 619 et
1183 576 1226 619 in
1248 588 1429 633 corpore
1452 589 1530 633 per

138 645 312 706 eloquia
334 646 508 691 Domini
528 655 644 691 casta
661 681 672 702 ,
701 655 931 706 argentum
953 647 1053 706 igne
1075 646 1370 692 examinatum
1403 654 1530 689 terrae

138 725 373 776 purgatum
395 716 646 777 septuplum
666 752 677 772 ,
703 717 885 776 accipiet
918 716 1165 762 mercedem
1189 716 1418 761 denarium
1435 750 1447 773 ,
1480 724 1530 761 ut

137 787 222 831 sint
242 787 393 833 decem
411 797 454 833 et
476 797 658 848 septem.
684 790 792 833 Nam
812 789 917 834 etin
935 789 1018 834 hoc
1042 803 1225 833 numero
1247 788 1359 832 sicut
1373 787 1417 831 in
1438 786 1532 831 aliis

137 857 401 918 multiplices
423 860 582 918 figuras
605 860 914 904 exhibentibus
933 895 944 916 ,
981 868 1302 906 sacramentum
1334 857 1533 904 mirabile

138 931 366 990 reperitur.
393 933 481 976 Nec
500 931 716 976 immerito
740 931 870 975 etiam
892 930 1086 975 Psalmus
1100 929 1532 990 septimus-decimus

137 1003 182 1046 in
205 1005 457 1060 Regnorum
480 1001 601 1046 libris
623 1002 740 1046 solus
772 1002 940 1060 integer
965 1000 1122 1060 legitur
1138 1004 1181 1056 ²,
1218 1001 1322 1060 quia
1344 1016 1530 1060 regnum

135 1071 245 1118 illud
268 1072 500 1131 significat,
525 1073 603 1117 ubi
621 1073 914 1118 adversarium
938 1089 1027 1118 non
1048 1072 1324 1116 habebimus.
1361 1072 1532 1117 Titulus

134 1144 251 1187 enim
277 1144 368 1203 ejus
391 1153 470 1188 est.
500 1162 519 1186 «
549 1147 600 1188 In
623 1142 693 1188 die
715 1159 800 1203 qua
823 1144 936 1188 eruit
966 1159 1067 1187 eum
1086 1143 1297 1188 Dominus
1319 1142 1374 1186 de
1395 1158 1529 1188 manu

137 1233 157 1256 »
180 1214 375 1258 omnium
390 1214 667 1259 inimicorum
683 1215 788 1274 ejus,
815 1224 857 1259 et
871 1214 926 1258 de
948 1229 1083 1259 manu
1107 1212 1226 1259 Saiil.
1251 1232 1270 1256 n
1290 1214 1395 1267 Quis
1413 1213 1531 1258 enim

134 1286 348 1343 figuratur
369 1284 414 1328 in
436 1285 588 1339 David,
607 1286 686 1330 nisi
701 1284 772 1329 ille
795 1287 870 1346 qui
894 1286 1011 1330 venit
1024 1284 1267 1330 secundum
1287 1300 1463 1330 carnem
1481 1300 1531 1330 ex

134 1356 297 1399 semine
316 1354 484 1400 David?
501 1356 586 1409 Qui
607 1357 760 1416 utique
781 1356 824 1400 in
843 1371 1025 1415 corpore
1041 1371 1136 1410 suo,
1157 1355 1276 1415 quod
1296 1365 1360 1400 est
1383 1354 1532 1400 Eccle-

135 1426 210 1481 sia,
239 1427 382 1471 adhuc
411 1428 574 1485 patitur
597 1428 809 1473 inimicos.
845 1429 970 1472 Unde
995 1427 1058 1471 illi
1082 1427 1364 1487 persecutori,
1397 1443 1529 1487 quem

137 1513 242 1543 voce
266 1500 488 1554 mactavit,
509 1509 551 1544 et
575 1500 617 1544 in
637 1515 765 1544 suum
785 1515 942 1559 corpus
965 1500 1181 1561 trajiciens
1201 1498 1531 1558 quodammodo

136 1568 434 1625 manducavit,
468 1571 614 1616 sonuit
646 1572 701 1615 de
729 1571 844 1616 coelo
871 1590 880 1616 ι
911 1590 930 1612 «
964 1571 1106 1625 Saule,
1146 1570 1290 1624 Saule,
1317 1569 1425 1630 quid
1462 1585 1532 1614 me

139 1660 159 1684 »
185 1642 511 1701 persequeris³P
536 1661 556 1683 »
584 1643 771 1696 Quando
792 1652 938 1688 autem
961 1652 1138 1687 eruetur
1155 1643 1239 1686 hoc
1259 1657 1416 1701 corpus
1439 1642 1531 1700 ejus

135 1711 191 1757 de
209 1728 345 1757 manu
366 1713 564 1757 omnium
584 1714 857 1759 inimicorum
881 1716 988 1774 ejus,
1014 1714 1094 1757 nisi
1115 1729 1215 1758 cum
1237 1723 1280 1757 et
1299 1713 1371 1757 illa
1389 1713 1531 1758 novis-

135 1783 241 1827 sima
262 1783 438 1828 inimica
460 1783 710 1829 destruetur
732 1786 877 1829 mors?
914 1784 983 1829 Ad
1006 1785 1090 1829 hoc
1122 1793 1295 1843 tempus
1319 1783 1530 1842 pertinuit

137 1869 346 1899 numerus
372 1855 445 1899 illc
474 1866 652 1900 centum
687 1856 1169 1917 quinquaginta-trium
1193 1856 1391 1914 piscium.
1420 1857 1528 1900 Nam

137 1935 181 1970 et
199 1926 289 1985 ipse
311 1943 520 1972 numerus
540 1929 750 1987 septimus
781 1927 975 1972 decimus
996 1942 1177 1985 surgens
1200 1928 1244 1970 in
1276 1927 1497 1986 trigonum
1515 1962 1526 1981 ,

136 2006 315 2042 centum
342 1999 662 2058 quinquaginta
691 1999 823 2043 trium
861 2013 1076 2042 summam
1106 1997 1312 2057 complet.
1349 1997 1417 2043 Ab
1440 2013 1531 2042 uno

136 2069 300 2127 quippe
323 2084 461 2128 usque
482 2069 538 2113 ad
559 2069 710 2116 decem
727 2078 770 2113 et
787 2078 953 2128 septem
974 2084 1170 2127 surgens,
1195 2083 1345 2113 omnes
1365 2068 1531 2114 medios

138 2139 266 2195 adde,
299 2148 342 2183 et
363 2140 555 2185 invenies
575 2159 584 2186 ;
608 2141 663 2185 ad
685 2156 823 2185 unum
845 2141 1006 2185 scilicet
1030 2139 1142 2186 adde
1164 2141 1271 2195 duo,
1293 2141 1407 2184 fiunt
1440 2140 1530 2184 uti-

138 2225 225 2270 que
241 2210 346 2268 tria,
367 2210 478 2254 adde
501 2211 598 2266 tria,
615 2212 727 2256 fiunt
748 2227 819 2256 sex
837 2233 847 2269 3
865 2210 978 2255 adde
998 2219 1204 2270 quatuor,
1223 2212 1338 2255 fiunt
1353 2209 1528 2268 decem,

139 2280 251 2325 adde
273 2283 486 2343 quinque,
518 2283 631 2327 fiunt
651 2283 929 2344 quindecim,
954 2282 1066 2327 adde
1094 2298 1189 2339 sex,
1219 2283 1332 2327 fiunt
1353 2283 1532 2341 viginti-

139 2368 280 2397 unum
301 2372 311 2398 ;
337 2353 450 2398 adde
478 2354 537 2398 ita
558 2363 763 2411 caeteros,
789 2364 832 2399 et
863 2355 1002 2413 ipsum
1026 2353 1528 2414 decimum-septimum,

140 2423 254 2467 fiunt
275 2433 451 2470 centum
470 2425 787 2485 quinquaginta
807 2426 901 2470 tria.

201 2495 391 2540 XXXII.
428 2497 532 2540 Haec
560 2495 614 2540 de
639 2496 868 2555 Scripturis
896 2495 1137 2540 firmissime
1162 2503 1380 2550 tenentur,
1405 2493 1448 2539 id
1472 2502 1535 2539 est

192 2580 398 2620 ¹Joan.xx1‚
416 2579 449 2612 6.
469 2597 509 2602 —
527 2587 538 2602 ²
559 2591 576 2612 2
595 2582 671 2622 Reg.
696 2591 775 2622 xm,
796 2591 826 2614 2.
845 2598 885 2602 —
903 2578 916 2601 ³
937 2582 1010 2613 Act,
1031 2591 1073 2621 ix,
1096 2580 1128 2620 ,4.
