1790 3187
345 199 429 239 466
790 211 822 237 s.
861 211 1090 240 ,mensum
1125 212 1305 240 nmscom

343 277 483 321 alieno
504 276 619 320 malo
647 277 840 320 animum
863 277 998 336 pascit
1024 295 1033 322 ι
1057 292 1147 322 non
1174 286 1224 322 ut
1246 278 1558 322 correctionem
1578 277 1724 322 homi-

339 363 446 393 num
475 347 754 405 negligamus.
793 347 918 392 Unde
945 364 1025 393 nec
1055 363 1150 392 reus
1183 358 1246 393 est
1274 350 1424 393 mortis
1444 348 1622 403 alienae,
1647 348 1725 408 qui

339 433 429 463 suae
449 416 703 477 possessioni
725 432 899 462 murum
917 419 1254 463 circumduxerit
1271 454 1282 475 ,
1303 419 1336 463 si
1354 418 1505 479 aliquis
1523 435 1573 463 ex
1593 419 1724 477 ipsius

338 489 473 533 ruinis
488 504 714 549 percussus
730 489 927 533 intereat.
945 492 1095 551 Neque
1112 491 1228 534 enim
1245 504 1342 534 reus
1359 498 1422 534 est
1438 489 1721 545 Christianus,

339 560 375 603 si
396 561 474 603 bos
495 562 587 620 ejus
611 559 801 620 aliquem
830 559 1042 617 feriendo,
1065 560 1135 606 vel
1162 576 1300 621 equus
1325 560 1487 606 calcem
1505 559 1722 620 jaciendo,

339 630 530 690 aliquem
556 631 755 690 occidat3
784 641 859 676 aut
888 631 986 677 ideo
1009 647 1099 676 non
1133 631 1296 677 debent
1324 631 1556 678 Christiani
1591 632 1726 676 boves

338 699 501 745 habere
528 717 720 757 cornua,
763 711 838 746 aut
866 717 1004 762 equus
1033 702 1243 760 ungulas,
1285 711 1361 747 aut
1392 701 1544 747 dentes
1572 701 1726 746 canis?

336 780 413 815 aut
443 787 547 817 vero
575 773 784 833 quoniam
815 774 1034 832 apostolus
1065 773 1225 819 Paulus
1252 774 1352 818 satis
1379 774 1468 833 egit
1496 782 1547 818 ut
1579 773 1625 817 in
1647 773 1725 817 tri-

333 842 442 886 buni
471 845 671 889 notitiam
708 843 1006 905 perferretur1
1028 881 1040 901 ,
1074 846 1249 890 insidias
1285 846 1364 890 sibi
1400 861 1424 890 a
1458 844 1725 905 quibusdam

337 914 516 972 perditis
549 917 818 976 praeparari,
858 927 901 962 et
944 918 1002 962 ob
1036 918 1120 962 hoc
1158 918 1416 962 deductores
1459 916 1624 975 accepit
1659 931 1725 959 ar-

334 994 500 1040 matos,
547 987 580 1030 si
615 989 660 1032 in
698 987 773 1032 illa
820 1003 938 1032 arma
975 988 1169 1033 scelerati
1205 990 1403 1033 homines
1441 987 1724 1041 incidissent,

335 1055 497 1099 Paulus
519 1057 565 1099 in
587 1058 800 1101 effusione
823 1059 1044 1116 sanguinis
1067 1073 1218 1103 eorum
1241 1073 1368 1103 suum
1390 1058 1554 1102 crimen
1576 1072 1726 1115 agnos·

338 1127 487 1169 ceretP
508 1125 630 1170 Absit
646 1136 696 1171 ut
718 1143 766 1171 ea
789 1143 888 1187 quae
905 1138 1082 1187 propter
1101 1130 1270 1173 bonum
1292 1144 1340 1173 ac
1361 1129 1529 1172 licitum
1545 1128 1728 1172 facimus

335 1205 412 1240 aut
434 1197 673 1253 habemus,
699 1199 732 1242 si
767 1199 874 1257 qnid
903 1215 980 1258 per
1001 1201 1095 1244 haec
1118 1209 1276 1259 praeter
1305 1209 1495 1243 nostram
1519 1198 1728 1243 volunta-

336 1275 427 1310 tem
458 1268 664 1327 cuiquam
697 1267 799 1313 mali
822 1269 1051 1326 acciderit,
1083 1271 1206 1315 nobis
1234 1272 1490 1328 imputetur.
1522 1269 1730 1329 Alioquin

338 1351 420 1381 nec
452 1337 715 1382 ferramenta
746 1339 981 1384 domestica
1004 1349 1047 1384 et
1076 1341 1256 1398 agrestia
1286 1349 1388 1384 sunt
1412 1338 1638 1394 habenda,
1674 1353 1729 1382 ne

338 1407 436 1465 quis
458 1409 516 1452 eis
533 1409 603 1453 vel
625 1424 669 1453 se
688 1409 758 1454 vel
775 1410 959 1454 alterum
976 1412 1196 1455 interimat
1219 1430 1227 1456 :
1247 1426 1327 1455 nec
1346 1412 1474 1454 arbor
1496 1419 1570 1454 aut
1588 1409 1725 1464 restis,

336 1492 392 1521 ne
411 1479 508 1536 quis
528 1494 572 1523 se
593 1479 695 1523 inde
727 1480 963 1538 suspendat
991 1499 999 1525 :
1023 1496 1104 1525 nec
1130 1481 1318 1525 fenestra
1340 1480 1537 1525 facienda
1560 1489 1650 1535 est,
1673 1493 1729 1522 ne

335 1561 414 1605 per
446 1548 558 1592 hanc
595 1563 639 1593 se
669 1550 854 1609 quisque
877 1551 1137 1609 praecipitet.
1165 1552 1282 1604 Quid
1307 1551 1433 1610 plura
1460 1564 1728 1596 commemo—

336 1631 429 1661 rem
449 1652 460 1673 ,
501 1634 601 1662 cum
633 1635 681 1663 ea
715 1622 1097 1666 commemoranda
1122 1622 1248 1666 finire
1276 1638 1365 1666 non
1398 1622 1592 1680 possim?
1612 1618 1729 1673 Quid

336 1689 453 1732 enim
476 1698 540 1733 est
559 1690 606 1732 in
628 1705 708 1733 usu
729 1691 959 1736 hominum
993 1693 1107 1738 bono
1130 1708 1179 1737 ac
1199 1691 1321 1738 licito
1343 1691 1462 1737 unde
1483 1707 1574 1737 non
1596 1689 1730 1750 possit

338 1760 469 1804 etiam
488 1762 699 1819 pernicies
722 1762 930 1821 irrogari?

394 1834 470 1876 VI.
495 1836 645 1877 Restat
659 1868 670 1888 ‚
695 1834 741 1878 ni
760 1833 888 1878 fallor
905 1869 916 1889 ,
936 1843 985 1878 ut
1002 1834 1197 1879 dicamus
1217 1834 1383 1895 aliquid
1401 1834 1456 1878 de
1468 1833 1545 1878 illo
1562 1833 1726 1878 viatore

329 1902 604 1958 Christiano,
630 1920 762 1964 quem
790 1907 1140 1950 commemorasti
1177 1907 1345 1951 victum
1378 1904 1503 1949 famis
1538 1903 1728 1948 necessi-

332 1980 422 2016 tate
438 2007 449 2028 ,
475 1974 509 2017 si
540 1973 648 2017 nihil
671 1975 840 2033 uspiam
861 1976 1077 2020 invenerit
1100 1976 1181 2019 nisi
1204 1976 1352 2020 cibum
1382 1976 1427 2019 in
1451 1974 1585 2018 idolio
1613 1974 1729 2033 posi—

332 2050 429 2085 tum
463 2043 539 2086 ubi
568 2043 716 2087 nullus
745 2044 852 2088 alius
885 2054 949 2089 est
979 2046 1209 2089 hominum
1227 2080 1238 2100 ,
1271 2055 1419 2089 utrum
1452 2045 1490 2088 ei
1518 2044 1650 2088 satius
1673 2043 1729 2087 sit

333 2111 450 2155 fame
481 2114 641 2170 emori,
667 2130 799 2173 quam
822 2114 932 2159 illud
966 2116 1011 2159 in
1033 2115 1287 2159 alimentum
1313 2131 1483 2159 sumere
1512 2133 1521 2159 ε
1562 2115 1607 2158 in
1641 2128 1727 2172 qua

335 2183 578 2241 quaestione
596 2218 606 2238 ,
623 2184 848 2244 -quoniam
885 2201 975 2229 non
1005 2195 1069 2230 est
1095 2201 1385 2246 consequenS,
1426 2194 1476 2230 ut
1501 2185 1625 2230 cibus
1653 2183 1726 2227 ille

331 2252 629 2310 idolothytum
651 2254 732 2313 sit3
762 2255 905 2313 potuit
938 2256 1053 2299 enim
1085 2255 1154 2300 vel
1185 2255 1240 2299 ab
1269 2256 1354 2311 eis,
1381 2256 1457 2315 qui
1479 2256 1540 2299 ibi
1564 2254 1618 2298 ab
1651 2253 1724 2297 iti-

328 2338 432 2367 nere
456 2324 718 2370 divertentes
740 2340 896 2385 corpus
918 2325 1157 2370 refecerant
1177 2347 1188 2384 3
1216 2325 1437 2371 oblivione
1463 2341 1539 2370 seu
1559 2324 1721 2369 volun-

330 2400 420 2437 tate
442 2393 628 2450 dimitti,
662 2395 732 2441 vel
759 2395 847 2441 illic
869 2396 926 2441 ob
951 2396 1078 2441 aliam
1109 2412 1282 2441 causam
1316 2395 1560 2456 quamlibet
1587 2394 1721 2454 poni3

331 2463 522 2509 breviter
559 2465 802 2524 respondeo
822 2501 833 2521 ‚
873 2476 948 2511 aut
975 2475 1144 2511 certum
1177 2476 1241 2512 est
1273 2482 1363 2512 esse
1395 2466 1720 2524 idolothytum,

378 2555 384 2570 ¹
408 2550 480 2581 Act.
499 2560 589 2590 xxm,
610 2551 663 2583 23.
