1790 3187
251 199 303 225 DE
335 198 522 224 DIVERSIS
555 197 712 232 QUAEST.
749 196 896 223 OCTOG.
932 196 1095 222 Tullius.
1311 186 1365 222 99

0 266 67 310 ;ini
101 263 319 325 justificati
341 297 352 316 ‚
393 261 511 318 digni
546 260 790 304 efficiantur
814 260 1148 320 justificatione3
1191 268 1234 303 et
1262 259 1365 303 item

0 335 190 380 araecedit
223 333 266 376 in
296 332 386 376 aliis
416 331 714 391 peccatoribus
737 347 826 391 quo
859 332 977 391 digni
1002 331 1087 375 sint
1117 330 1362 374 obtusione.

0 407 130 452 Habes
156 402 357 448 eumdem
389 394 644 461 Apostolum
675 401 775 446 alibi
809 401 1024 446 dicentem
1054 421 1063 446 :
1097 420 1117 443 a
1151 401 1366 454 Quoniam

0 496 11 519 i
37 492 124 520 non
156 475 451 535 probaverunt
480 476 616 518 Deum
646 473 807 516 habere
839 473 883 516 in
916 472 1095 526 notitia,
1121 470 1243 515 dedit
1270 470 1367 515 illos

0 566 11 590 ›
40 550 152 592 Deus
172 547 217 590 in
238 545 469 605 reprobum
492 559 663 588 sensum
678 546 707 587 1.
733 563 752 585 »
778 544 906 597 Quod
925 559 996 588 eos
1014 542 1136 586 dedit
1157 542 1201 586 in
1224 557 1369 601 repro-

0 633 92 662 3um
122 632 293 661 sensum
310 651 321 670 ,
345 617 426 660 hoc
449 624 533 671 est,
570 615 689 674 quod
717 615 939 660 induravit
960 631 1034 660 cor
1066 614 1301 660 Pharaonis
1318 617 1336 641 ²
1360 632 1370 658 :

0 689 105 749 {uod
124 697 265 732 autem
286 687 345 731 illi
366 703 451 731 non
473 687 765 747 probaverunt
786 690 920 731 Deum
945 687 1105 731 habere
1123 687 1167 729 in
1186 685 1340 730 notitia
1356 719 1367 740 ‚

0 775 72 804 noc
91 768 173 814 est,
199 757 318 819 quod
340 757 457 816 digni
479 757 713 817 extiterunt
737 757 813 817 qui
836 756 1045 801 darentur
1067 758 1112 801 in
1134 757 1371 816 reprobum

0 845 177 874 3ensum.

50 904 110 945 5⁰.
147 903 307 945 Tamen
327 915 479 945 verum
512 909 602 954 est,
637 899 738 958 quia
769 914 859 942 non
882 898 1068 943 volentis
1097 913 1242 957 neque
1274 913 1376 942 cur—

0 972 147 1023 rentis,
179 971 254 1016 sed
283 971 520 1015 miserentis
544 981 607 1014 est
644 970 759 1014 Dei3.
799 970 910 1022 Quia
942 969 1108 1013 etiamsi
1140 968 1376 1014 levioribus

0 1043 173 1104 {uisque
189 1042 396 1102 peccatis,
417 1051 492 1086 aut
509 1050 623 1086 certe
640 1041 838 1101 quamvis
856 1040 1123 1098 gravioribus
1146 1050 1188 1084 et
1206 1040 1372 1096 multis,

0 1131 134 1160 :amen
156 1131 312 1174 magno
342 1115 506 1173 gemitu
530 1123 573 1158 et
601 1113 751 1158 dolore
776 1113 1021 1172 poenitendi
1040 1148 1050 1168 ‚
1085 1112 1375 1157 misericordia

0 1186 66 1230 Dei
84 1186 240 1246 dignus
259 1186 415 1239 fuerit,
438 1201 524 1229 non
547 1185 679 1242 ipsius
696 1194 783 1238 est,
805 1184 927 1243 quisi
947 1184 1285 1244 relinqueretur,
1307 1185 1376 1227 in-

0 1257 137 1300 teriret
155 1291 164 1308 ‚
190 1256 265 1300 sed
290 1255 528 1299 miserentis
556 1256 658 1309 Dei,
683 1255 758 1315 qui
785 1256 874 1314 ejus
900 1254 1100 1313 precibus
1126 1255 1377 1299 doloribus-

0 1342 79 1386 que
100 1327 316 1370 subvenit.
340 1330 493 1370 Parum
511 1335 573 1369 est
588 1326 701 1369 enim
721 1324 852 1380 velle,
874 1326 952 1368 nisi
972 1329 1080 1369 Deus
1098 1327 1378 1383 misereatur3

0 1398 67 1441 sed
94 1400 204 1441 Deus
226 1413 314 1440 non
336 1397 583 1450 miseretur,
608 1397 682 1456 qui
708 1396 761 1440 ad
785 1412 931 1453 pacem
952 1406 1098 1451 vocat,
1120 1398 1200 1440 nisi
1217 1396 1377 1441 volun-

0 1476 56 1512 tas
79 1468 362 1527 praecesserit3
384 1467 483 1527 quia
500 1468 543 1510 in
567 1477 676 1510 terra
699 1483 780 1526 pax
798 1467 1047 1512 hominibus
1068 1469 1194 1512 bonae
1216 1468 1378 1512 volun—

0 1539 133 1585 tatis⁴.
155 1541 210 1582 Et
233 1539 437 1598 quoniam
462 1554 540 1582 nec
557 1537 669 1582 velle
683 1540 910 1598 quisquam
929 1548 1070 1597 potest
1085 1574 1095 1592 .,
1120 1540 1203 1582 nisi
1226 1540 1381 1584 admo-

0 1611 110 1655 nitus
130 1620 172 1655 et
205 1621 404 1664 vocatus,
430 1610 518 1654 sive
550 1610 809 1654 intrinsecus
827 1645 837 1664 ‚
869 1610 944 1654 ubi
979 1611 1125 1655 nulius
1148 1612 1381 1656 hominum

0 1679 133 1735 videt,
153 1681 241 1725 sive
261 1680 518 1725 intrinsecus
535 1715 545 1734 ,
573 1696 650 1739 per
667 1696 910 1723 sermonem
932 1691 1157 1725 sonantem
1174 1717 1184 1735 ‚
1206 1691 1279 1725 aut
1307 1697 1381 1740 per

0 1750 138 1811 aliqua
159 1751 278 1810 signa
300 1750 507 1807 visibilia3
531 1751 717 1793 efficitur
746 1760 792 1794 ut
816 1751 944 1794 etiam
969 1752 1108 1811 ipsum
1133 1752 1246 1796 velle
1273 1756 1384 1795 Deus

0 1832 199 1882 operetur
220 1823 264 1865 in
286 1822 450 1865 nobis⁵.
477 1821 543 1866 Ad
566 1820 681 1865 illam
704 1822 819 1864 enim
848 1838 1020 1866 coenam
1037 1857 1048 1876 ‚
1081 1839 1211 1882 quam
1234 1823 1383 1867 Domi-

0 1909 78 1938 nus
100 1893 205 1938 dicit
225 1893 270 1937 in
294 1892 529 1951 Evangelio
550 1902 857 1952 praeparatam,
880 1909 959 1937 nec
977 1909 1126 1937 omnes
1148 1895 1224 1954 qui
1242 1893 1384 1938 vocati

0 1972 100 2008 sunt
130 1964 276 2007 venire
306 1961 562 2016 voluerunt,
592 1978 735 2022 neque
768 1962 827 2006 illi
858 1963 934 2023 qui
963 1973 1203 2019 venerunt,
1237 1964 1384 2008 venire

0 2044 202 2096 possent,
225 2035 304 2079 nisi
326 2036 625 2079 vocarenturss.
652 2037 805 2094 Itaque
827 2035 987 2080 necilli
1016 2036 1179 2080 debent
1200 2036 1281 2080 sibi
1307 2036 1386 2080 tri-

4 2106 136 2151 buere
159 2106 234 2167 qui
256 2116 494 2163 venerunt3
520 2105 620 2165 quia
649 2106 791 2150 vocati
817 2116 1034 2151 venerunt
1065 2126 1074 2152 z
1106 2123 1186 2152 nec
1218 2106 1279 2151 illi
1310 2108 1387 2167 qui

6 2177 240 2222 noluerunt
252 2177 414 2232 venire,
436 2176 600 2221 debent
618 2176 741 2220 alteri
760 2177 949 2222 tribuere
964 2213 975 2232 ‚
993 2177 1067 2221 sed
1090 2187 1261 2222 tantum
1281 2178 1386 2236 sibi3

7 2249 208 2309 quoniam
237 2257 287 2293 ut
312 2248 540 2303 venirent,
576 2248 716 2292 vocati
740 2258 863 2292 erant
898 2249 944 2292 in
974 2248 1111 2293 libera
1140 2249 1383 2294 voluntate.

9 2320 184 2365 Vocatio
205 2335 307 2378 ergo
329 2329 429 2363 ante
452 2319 653 2363 meritum
672 2318 942 2364 voluntatem
962 2330 1181 2379 operatur.
1206 2324 1389 2379 Propte-

10 2406 78 2437 rea
108 2401 152 2437 et
172 2393 207 2437 si
233 2392 462 2453 quisquam
493 2390 574 2436 sibi
606 2392 761 2436 tribuit
790 2392 910 2453 quod
932 2393 1048 2437 venit
1072 2402 1273 2448 vocatus,
1299 2408 1389 2438 non

54 2483 64 2500 ¹
94 2479 184 2510 Rom.
208 2489 231 2520 ι,
259 2477 366 2510 28.—
384 2483 397 2500 ²
418 2475 583 2518 Exod.1v,
603 2486 656 2511 21.
672 2494 712 2500 -
729 2475 742 2500 3
764 2480 854 2511 Rom.
887 2489 934 2520 ix,
966 2478 1017 2510 16.
1033 2495 1074 2501 -
1089 2477 1104 2508 4
1123 2480 1201 2512 Luc.
1230 2490 1263 2517 ιι,
1285 2477 1335 2520 ι4.
1351 2494 1389 2501 -·

14 2529 26 2555 ⁵
43 2530 152 2576 Philip.
175 2543 210 2574 ιι,
231 2533 282 2566 13.
300 2529 366 2555 -6
381 2535 458 2566 Luc.
475 2542 541 2574 xvi,
565 2544 593 2565 1.

1166 2588 1189 2598 υ

1173 2600 1205 2624 A.
