1790 3187
290 254 343 279 DE
376 253 562 279 nivmzsts
595 253 750 288 QUAEs'r.
786 255 933 281 OCToo.
969 255 1132 281 TRIBUS.
1322 244 1399 280 117

28 336 127 367 cum
176 319 394 363 infirmum
442 318 676 362 debeamus
726 318 902 377 diligere
950 328 1126 379 propter
1163 319 1401 364 Christum.

87 395 281 445 Qum-1³10
318 392 498 434 LXXII.
551 417 598 423 —
635 391 779 443 Quaeri
807 399 949 450 potest
980 390 1203 452 quomodo
1228 392 1283 435 ab
1312 391 1407 450 ipso

30 461 222 523 apostolo
252 460 387 505 Paulo
411 459 575 504 dictum
609 461 662 504 sit
691 481 699 505 :
740 480 759 502 «
785 464 898 506 Ante
920 471 1116 521 tempora
1138 471 1300 506 aeterna
1325 463 1354 505 ¹.
1384 480 1404 503 »

32 534 74 580 Si
95 533 208 577 enim
231 541 440 591 tempora,
461 532 683 591 quomodo
704 535 890 576 aeterna?
911 533 1000 579 Nisi
1018 532 1130 578 fortc
1147 542 1246 577 ante
1264 533 1410 578 omnia

30 614 222 663 tempora
239 602 420 660 intelligi
442 602 619 647 voluit‘2.
638 604 748 657 Quia
763 605 794 647 si
814 604 1032 660 dixisset‚«
1048 613 1148 648 ante
1165 614 1409 663 tempora,»

30 689 170 735 neque
191 673 439 727 addidisset,
460 693 477 715 «
494 683 654 718 aeterna
677 690 722 715 z»
742 685 883 734 posset
911 676 1062 734 accipi,
1084 684 1183 719 ante
1208 673 1410 735 quaedam

31 755 220 805 tempora
244 780 255 800 ,
280 760 380 804 quae
414 754 514 789 ante
550 760 593 788 se
629 745 840 789 haberent
872 745 953 789 alia
989 754 1201 805 tempora.
1234 749 1413 790 AEterna

32 826 173 861 autem
206 816 359 860 maluit
392 816 534 859 dicere
559 851 569 870 ,
591 832 719 876 quam
745 816 888 860 omnia
911 852 921 871 ,
948 815 1137 860 fortassis
1163 817 1263 860 ideo
1280 851 1291 871 ‚
1313 816 1414 876 quia

33 896 200 946 tempus
221 902 308 930 non
331 886 465 945 coepit
482 901 532 929 ex
554 896 763 946 tempore.
791 890 858 931 An
882 895 1076 946 tempora
1095 895 1256 930 aeterna
1278 901 1416 930 aevum

31 958 309 1017 significavit3
333 957 446 1001 inter
467 957 587 1017 quod
610 967 653 1001 et
676 965 845 1017 tempus
860 993 871 1012 ,
896 958 980 1002 hoc
997 958 1146 1014 distat,
1173 957 1294 1018 quod
1307 957 1418 1002 illud

31 1028 182 1073 stabile
204 1039 287 1084 est,
311 1039 482 1089 tempus
500 1038 644 1073 autem
670 1029 879 1074 mutabile
897 1031 914 1074 Ρ

89 1103 287 1154 QuAEsTio
320 1103 525 1144 LXXIII.
568 1129 623 1134 —
651 1110 708 1144 1¹¹.
741 1101 890 1146 Multis
911 1100 1051 1145 modis
1074 1100 1275 1145 habitum
1314 1100 1419 1145 diei-

31 1187 150 1216 mus:
177 1171 460 1216 velhabitum
473 1172 745 1226 animi‚sicut
760 1181 823 1215 est
846 1172 1162 1232 cujuscumque
1183 1171 1422 1230 disciplinae

31 1244 274 1302 perceptio,
302 1259 382 1287 usu
417 1244 617 1286 roborata
658 1252 790 1302 atque
824 1243 992 1286 firmata
1032 1244 1046 1267 3
1081 1262 1090 1287 2
1125 1242 1195 1286 vel
1224 1241 1423 1286 habitum

32 1315 242 1373 corporiS,
269 1313 509 1358 secundum
531 1329 659 1373 quem
685 1314 868 1358 dicimus
892 1312 1025 1357 alium
1049 1312 1133 1356 alio
1156 1328 1246 1356 esse
1263 1329 1422 1357 succu-

30 1384 256 1428 lentiorem
295 1394 337 1428 et
372 1385 623 1429 validiorem
646 1421 656 1439 ,
690 1401 788 1444 quae
825 1385 958 1441 magis
995 1384 1169 1442 proprie
1206 1384 1422 1428 habitudo

32 1455 114 1498 diei
128 1455 254 1499 solet:
276 1456 343 1499 vel
363 1456 559 1498 habitum
580 1471 727 1499 eorum
742 1471 841 1515 quae
864 1454 1070 1498 membris
1083 1454 1239 1498 nostris
1255 1470 1422 1498 accom-

31 1526 262 1570 modantur
278 1526 556 1580 extrinsecus,
574 1526 814 1570 secundum
832 1541 962 1586 quem
984 1525 1171 1569 dicimus
1194 1525 1417 1579 vestitum,

33 1596 288 1650 calceatum,
315 1606 527 1640 armatum
547 1633 557 1652 ‚
590 1597 682 1640 etsi
705 1596 823 1656 quod
847 1596 1059 1656 ejusmodi
1082 1605 1159 1640 est.
1187 1599 1237 1639 In
1260 1596 1420 1655 quibus

32 1670 230 1713 omnibus
247 1670 711 1728 generibus(siquiclem
726 1685 885 1713 nomen
900 1670 982 1713 hoc
995 1669 1179 1713 ductum
1194 1678 1255 1712 est
1272 1669 1327 1712 ab
1346 1656 1420 1713 ilso

33 1740 189 1794 verbo,
213 1740 331 1799 quod
356 1750 418 1783 est
449 1741 607 1783 habere
632 1744 646 1796 )
684 1738 958 1783 manifestum
998 1749 1062 1782 est
1100 1739 1145 1782 in
1176 1755 1225 1783 ea
1263 1755 1307 1782 re
1335 1738 1419 1783 dici

34 1811 230 1854 habitum
254 1846 265 1864 ,
289 1826 387 1870 quae
410 1810 567 1854 accidit
589 1810 743 1865 alicui,
764 1811 821 1854 ita
847 1820 895 1855 ut
916 1826 1009 1854 eam
1030 1811 1163 1869 possit
1181 1811 1311 1854 etiam
1330 1825 1417 1854 non

36 1882 209 1926 habere.
232 1884 339 1926 Nam
357 1891 399 1925 et
422 1882 617 1926 doctrina
634 1881 963 1936 acciditanimo‚
979 1891 1020 1925 et
1040 1897 1193 1926 succus
1216 1897 1265 1925 ae
1284 1881 1420 1925 robur

33 1953 201 2011 corpori
228 1974 238 2010 3
269 1962 311 1996 et
334 1953 462 1997 vestis
485 1962 616 2012 atque
638 1968 755 1996 arma
776 1968 865 1996 non
882 1942 1067 1996 dubium
1088 1962 1151 1996 est
1172 1953 1279 2011 quin
1302 1952 1418 1996 acci-

34 2022 138 2068 dant
173 2024 375 2067 membris
414 2025 570 2068 nostris
608 2045 616 2068 ;
650 2025 708 2067 ita
746 2034 796 2067 ut
825 2033 867 2067 et
906 2024 1131 2083 imperitus
1160 2025 1295 2083 possit
1329 2039 1419 2068 esse

35 2094 223 2148 animm,
249 2094 282 2138 si
302 2095 340 2137 ei
364 2093 559 2138 doctrina
583 2110 672 2138 non
701 2094 913 2138 accideret
940 2115 950 2151 3
975 2103 1017 2138 et
1040 2094 1148 2138 exile
1171 2104 1302 2154 atque
1322 2092 1418 2138 lan-

36 2166 211 2223 guidum
239 2181 394 2225 corpus
420 2166 509 2209 sine
531 2182 661 2210 succo
693 2165 906 2210 viscerum
929 2175 971 2210 et
995 2165 1149 2209 robore
1171 2187 1181 2223 3
1206 2175 1249 2210 et
1273 2167 1418 2209 nudus

36 2236 124 2279 sine
145 2244 262 2280 veste
278 2270 289 2290 ‚
318 2246 360 2280 et
389 2236 562 2280 inermis
581 2237 672 2280 sine
694 2236 822 2280 armis
843 2271 853 2291 ,
874 2245 916 2280 et
937 2235 1048 2295 pede
1072 2236 1193 2279 nudo
1214 2236 1305 2279 sine
1326 2235 1417 2279 cal—

38 2307 266 2350 ceamentis
288 2322 375 2350 esse
392 2307 523 2352 homo
546 2317 701 2367 potest.
723 2307 907 2351 Habitus
924 2322 1027 2365 ergo
1042 2307 1084 2350 in
1108 2322 1156 2350 ea
1178 2321 1223 2349 re
1239 2305 1414 2360 dicitur,

39 2393 134 2437 quae
150 2378 274 2422 nobis
292 2388 339 2422 ut
357 2379 570 2422 habeatur
587 2378 757 2424 accidit,
787 2381 1096 2422 Verumtamen
1113 2378 1197 2422 hoc
1220 2379 1414 2432 interest,

40 2448 154 2508 quod
185 2450 384 2510 quaedam
407 2465 559 2494 eorum
595 2466 694 2510 quae
727 2450 931 2494 accidunt
953 2450 1108 2504 nobis,
1146 2458 1194 2492 ut
1217 2449 1415 2493 habitum

41 2516 214 2575 faciant,
237 2536 325 2564 non
348 2530 572 2565 mutantur
595 2537 617 2564 a
641 2521 974 2580 nobis,sedipsa
996 2535 1074 2564 nos
1095 2528 1268 2564 mutant
1288 2520 1334 2563 in
1354 2534 1414 2575 se,

88 2609 97 2625 ¹
117 2602 176 2635 Tit.
198 2617 220 2640 ι,
239 2613 271 2636 2.
289 2621 329 2627 —·
350 2612 362 2627 ²
384 2605 460 2636 Vide
478 2605 533 2636 lib.
561 2616 603 2637 xii
621 2606 662 2638 de
679 2606 770 2638 Civit.
791 2606 861 2645 Dei,
889 2615 962 2646 cap.
992 2603 1124 2641 16.—-3
1151 2603 1265 2647 Philip.
1283 2615 1318 2641 n,
1337 2615 1367 2646 7.
