1790 3187
389 180 472 219 290
834 194 866 217 s.
905 194 1133 219 ‘sconsum
1168 194 1343 219 EPISCOPI

442 259 548 301 IV.«
575 255 658 302 Sed
692 255 872 300 ulterius
907 256 1008 301 huic
1039 257 1264 301 certamini
1292 272 1360 301 me
1395 272 1525 301 senex
1546 249 1782 302 invalidus

380 328 615 383 subtraho,
647 337 690 372 et
721 328 766 371 in
795 328 1053 373 sententiam
1083 328 1311 374 Mantuani
1349 328 1532 373 rhetoris
1575 328 1763 374 libenter

383 414 517 459 pergo
548 417 557 444 ε

902 507 1013 541 Trahit
1027 518 1082 541 sua
1098 518 1257 552 quemque
1273 507 1417 551 voluptas
1433 515 1460 540 ¹.

379 604 480 645 Post
494 602 587 646 haec
609 615 698 645 non
719 600 968 657 dubit0‚vir
985 601 1241 661 eximie‚qui
1263 617 1287 646 a
1308 616 1404 646 mea
1425 610 1541 646 secta
1561 600 1759 658 deviasti5

378 672 490 716 hanc
525 672 748 731 epistolam
779 673 1024 732 aliquorum
1062 673 1180 717 furto
1201 672 1457 728 detractam,
1479 673 1663 718 flammis
1691 671 1775 721 vel

377 741 576 801 quolibet
595 752 723 802 pacto
742 744 992 801 perituram.
1005 743 1133 797 Quod
1153 743 1187 786 si
1205 743 1423 798 acciderit,
1445 744 1525 787 erit
1547 743 1759 789 damnum

376 813 603 867 chartulae,
620 830 707 859 non
720 815 854 858 nostri
865 815 1089 869 sermonis,
1102 816 1169 874 cuj
1177 831 1224 858 us
1238 814 1454 873 exemplar
1467 829 1596 873 penes
1609 827 1758 861 omnes
1772 834 1773 842 ¹

377 881 592 941 religiosos
623 894 834 944 perpetuo
857 885 1069 929 retinebo.
1097 885 1163 928 Dii
1197 894 1238 929 te
1260 894 1456 939 servent,
1482 899 1560 944 per
1580 899 1689 944 quos
1716 892 1772 931 et

373 969 525 998 corum
555 964 686 1014 atque
708 964 967 1000 cunctorum
995 955 1244 1000 mortalium
1271 970 1548 1000 communem
1570 963 1771 1014 patrem,

370 1025 558 1069 universi
585 1025 802 1082 mortales,
828 1043 938 1087 quos
960 1017 1072 1071 terra
1096 1027 1301 1082 sustinet,
1336 1025 1455 1070 mille
1486 1025 1626 1071 modis
1647 1040 1770 1087 con-

370 1095 491 1140 cordi
513 1094 726 1141 discordia
748 1112 1007 1142 veneramur
1027 1106 1071 1141 et
1091 1097 1290 1142 colimus.
1317 1115 1337 1138 »

797 1351 1121 1399 EPISTULA
1158 1353 1302 1399 XVII
1319 1351 1351 1397 ¹.

709 1487 770 1519 ΑΙ)
795 1487 1032 1521 MAXIMUM
1057 1486 1425 1521 MADAURENSEM.

373 1604 671 1667 Augustmas
698 1604 925 1649 lVIax-mzo
959 1614 1281 1666 giammcztzco
1315 1603 1572 1664 respondet
1593 1602 1666 1648 ad
1681 1618 1704 1648 s
1760 1625 1767 1643 ·.

431 1676 644 1733 perimet,
665 1674 754 1720 sed
767 1685 888 1720 sicat
902 1673 1125 1720 ostendat
1152 1673 1289 1738 z'ndig
1260 1692 1355 1720 <rna
1378 1673 1548 1734 qulbus
1567 1689 1738 1734 respon
1754 1702 1761 1707 „
1789 1685 1790 1688 ’

437 1744 626 1802 demur,
652 1744 730 1808 dig
709 1762 801 1790 ona
824 1762 930 1804 qaae
952 1744 1217 1790 rideantur.

440 1884 475 1924 Ι.
514 1883 766 1926 Samum-Ne:
789 1881 954 1939 aliquid
976 1882 1089 1925 inter
1110 1896 1187 1926 nos
1210 1882 1376 1940 agimus
1393 1895 1448 1924 an
1465 1880 1600 1940 jocari
1621 1880 1728 1924 libet
1745 1886 1765 1920 *e
1787 1901 1790 1909 =

380 1952 490 1996 Nam
510 1952 621 1995 sicut
635 1960 710 1995 tua
730 1950 909 2010 epistola
925 1951 1136 2011 loquitur,
1155 1961 1302 1994 utrum
1326 1966 1467 1995 causae
1490 1951 1622 2009 ipsius
1644 1950 1742 1998 infir
1780 1944 1790 2006 J

382 2021 547 2075 mitate,
566 2036 621 2065 an
644 2036 815 2065 morum
832 2030 1008 2065 tuorum
1031 2022 1233 2065 comitate
1253 2021 1306 2065 sit
1331 2020 1515 2075 factum,
1540 2030 1589 2065 ut
1611 2019 1749 2066 malle
1788 2052 1790 2056 -

381 2107 472 2136 esse
493 2092 687 2146 facetior,
701 2106 833 2151 quam
850 2092 1053 2150 paratior,
1074 2092 1285 2135 incertum
1309 2092 1465 2136 habeo.
1483 2093 1628 2136 Primo
1644 2091 1714 2135 eni
1740 2110 1765 2129 ι.
1787 2114 1790 2120 ·

381 2163 559 2240 Olympi
580 2164 738 2207 montis
771 2171 814 2206 et
836 2162 920 2206 fori
946 2163 1075 2206 vestri
1098 2163 1362 2222 comparatio
1391 2164 1503 2207 lacta
1538 2172 1631 2207 est:
1660 2176 1747 2222 qu

380 2234 525 2279 nescio
542 2249 630 2293 quo
655 2233 925 2292 pertinueiit,
941 2232 1022 2276 nisi
1049 2241 1098 2276 ut
1120 2247 1188 2275 me
1208 2232 1630 2277 commonefaceret
1620 2248 1665 2276 m
1683 2231 1745 2278 ill·

380 2315 530 2349 monte
552 2307 659 2348 Jov‹
665 2319 703 2347 m
727 2313 864 2348 castia
882 2304 1088 2363 posuisse,
1112 2319 1211 2346 cum
1234 2305 1438 2348 adversus
1457 2313 1623 2363 patrem
1645 2301 1744 2347 bell·
1767 2303 1790 2352 d

381 2385 563 2435 gereret,
591 2385 640 2419 ut
667 2391 715 2418 ea
752 2375 880 2419 docet
915 2374 1106 2428 historia,
1127 2390 1260 2433 quam
1283 2375 1410 2419 vestri
1439 2375 1568 2419 etiam
1595 2389 1712 2419 sacta
1740 2390 1743 2396 ⁴
1771 2387 1790 2423 2:

430 2480 435 2495 ¹
459 2474 562 2513 Virgil.
586 2472 694 2515 Eglog.
713 2484 749 2513 ιι,
766 2484 798 2504 v.
819 2472 937 2503 65.-2
954 2471 1037 2503 Alias
1056 2481 1138 2502 xmv.
1154 2482 1222 2514 quae
1239 2475 1346 2504 autem
1363 2482 1428 2504 xvn
1444 2476 1527 2510 erat,
1546 2481 1630 2504 nunc
1649 2479 1740 2503 xxxix
1772 2470 1790 2494 -ἶ

382 2547 422 2552 -
440 2530 564 2571 Scripta
583 2529 670 2562 circa
683 2538 799 2560 annum
817 2529 889 2569 390.

1734 2729 1742 3000 --.ὴ-ξ,
