1790 3187
357 218 433 253 178
791 223 824 251 s.
861 224 1090 252 mausum
1123 224 1303 252 Emscom

353 293 423 335 Dei
445 290 696 336 conditione
711 324 721 343 ,
746 297 989 348 peccatores
1005 289 1177 348 propria
1194 289 1433 333 voluntate.
1465 287 1596 341 Quod
1623 304 1724 348 ergo

347 362 483 406 Jacob
513 360 685 415 dilexit,
716 359 930 419 numquid
968 368 1167 418 peccator
1193 374 1282 403 non
1319 361 1434 403 erat?
1466 359 1552 403 Sed
1578 357 1740 405 dilexit.

346 434 391 476 in
427 448 499 486 eo,
535 447 621 475 non
652 430 779 490 culpa
800 445 825 472 n
862 445 991 490 quam
1025 430 1228 486 delebat,
1273 429 1346 474 sed
1379 430 1557 488 gratiam
1594 445 1724 489 quam

346 503 552 547 donabat.
573 505 680 547 Nam
699 509 742 544 et
765 501 960 545 Christus
988 516 1067 560 pro
1090 501 1229 559 impiis
1259 509 1456 544 mortuus
1489 501 1606 557 est13
1637 515 1724 545 non
1748 514 1753 515 ⁷

349 583 492 617 tamen
522 582 570 616 ut
592 572 712 631 impii
740 580 1065 630 permanerent,
1088 572 1162 615 sed
1188 580 1235 614 ut
1252 571 1474 630 justificati
1495 570 1550 614 ab
1571 571 1725 630 impie-

347 652 434 687 tate
463 651 843 695 converterentur,
874 640 1097 685 credentes
1119 641 1165 684 in
1189 657 1289 704 esum
1313 641 1389 701 qui
1410 641 1615 700 justificat
1642 641 1725 685 im-

349 716 511 773 pium2.
546 713 649 757 Odit
682 714 795 756 enim
822 716 934 756 Deus
962 713 1245 772 impietatem.
1276 716 1429 772 ltaque
1449 713 1494 756 in
1521 710 1613 757 aliis
1633 727 1726 757 eam

346 785 470 845 punit
499 800 573 843 per
604 783 952 837 damnationem,
981 783 1026 826 in
1054 782 1146 827 aliis
1174 782 1328 826 adimit
1355 798 1429 841 per
1451 783 1726 842 justificatio·
1757 799 1759 801 ·

346 870 472 910 nem,
510 853 882 914 quemadmodum
923 854 1013 913 ipse
1039 853 1208 913 judicat
1242 869 1330 898 esse
1364 852 1613 898 faciendum
1646 854 1753 900 illis:

339 925 513 985 judiciis
537 924 903 969 inscrutabilibus
933 927 988 968 Et
1020 923 1142 984 quod
1176 940 1227 968 ex
1256 939 1438 968 numero
1464 924 1722 982 impiorum,

343 1011 451 1056 quos
484 1011 571 1039 non
596 996 827 1055 justificat,
853 994 956 1038 facit
979 1009 1076 1038 vasa
1105 994 1150 1037 in
1173 984 1481 1038 contumeliam
1497 1028 1507 1047 ,
1535 1009 1624 1038 non
1645 982 1734 1039 hoc¹

343 1068 388 1110 in
418 1067 476 1110 eis
504 1066 596 1109 odit
627 1064 745 1125 quod
781 1064 883 1108 facit
912 1083 919 1108 ε
957 1065 1118 1124 quippe
1151 1064 1195 1107 in
1231 1073 1446 1123 quantum
1477 1064 1597 1123 impii
1626 1072 1726 1109 sunt

343 1136 601 1181 execrabiles
624 1145 753 1191 sunt,
783 1136 828 1178 in
851 1144 1064 1194 quantum
1098 1144 1243 1179 autem
1278 1150 1376 1179 vasa
1405 1135 1540 1190 fiunt,
1573 1135 1628 1179 ad
1649 1134 1725 1179 ali-

341 1222 473 1267 quem
504 1222 627 1250 usum
658 1207 796 1258 flunt,
828 1214 876 1248 ut
897 1221 973 1264 per
1007 1221 1157 1249 eorum
1194 1205 1410 1250 ordinatas
1446 1221 1597 1265 poenas
1628 1220 1724 1250 vasa

342 1293 443 1338 quae
464 1278 577 1320 fiunt
605 1277 649 1320 in
677 1277 887 1320 honorem
915 1275 1157 1335 proficiant.
1184 1278 1282 1320 Non
1305 1277 1450 1335 itaque
1472 1275 1564 1320 odit
1586 1279 1721 1332 Deus,

342 1365 421 1393 nec
444 1349 488 1392 in
505 1356 719 1408 quantum
737 1347 934 1391 homines
953 1355 1054 1390 sunt
1069 1382 1080 1402 ,
1101 1362 1181 1391 nec
1199 1347 1244 1390 in
1260 1355 1474 1406 quantum
1492 1362 1588 1391 vasa
1606 1355 1721 1402 sunt,

341 1419 385 1462 id
409 1433 472 1463 est
487 1453 498 1473 ,
525 1434 604 1462 nec
626 1416 747 1477 quod
771 1417 813 1460 in
835 1417 892 1460 eis
915 1415 1020 1460 facit
1041 1418 1229 1461 creando
1245 1452 1255 1471 ,
1277 1431 1356 1460 nec
1373 1416 1493 1476 quod
1512 1417 1556 1459 in
1580 1417 1639 1461 eis
1658 1415 1723 1461 fa-

340 1490 399 1534 cit
416 1488 661 1533 ordinando
687 1507 694 1531 :
721 1486 829 1530 nihil
853 1487 967 1530 enim
1000 1486 1093 1531 odit
1115 1502 1264 1531 eorum
1288 1503 1386 1546 quae
1416 1487 1530 1531 fecit.
1559 1486 1643 1531 Sed
1660 1496 1722 1531 ta-

340 1575 439 1603 men
463 1557 582 1617 quod
605 1572 701 1600 vasa
720 1572 790 1600 eos
810 1555 912 1600 facit
930 1556 1182 1615 perditionis
1197 1592 1207 1611 ,
1228 1556 1282 1600 ad
1301 1572 1426 1600 usum
1446 1557 1721 1602 correctionis
1746 1560 1749 1578 ²

340 1630 523 1674 aliorum
559 1627 676 1672 facit.
710 1626 813 1671 Odit
848 1627 963 1670 enim
994 1628 1039 1670 in
1062 1628 1121 1671 eis
1148 1627 1440 1686 impietatem,
1471 1643 1603 1687 quam
1634 1629 1721 1687 ipse

340 1716 428 1744 non
451 1698 567 1742 fecit.
598 1697 717 1742 Sicut
738 1697 852 1739 enim
871 1696 1007 1756 judex
1036 1697 1080 1740 in
1104 1697 1280 1741 homine
1303 1698 1397 1741 odit
1426 1697 1591 1742 furtum
1611 1733 1622 1753 ,
1647 1697 1721 1743 sed

341 1786 429 1814 non
460 1768 552 1813 odit
574 1767 693 1827 quod
727 1766 855 1810 datur
884 1767 938 1810 ad
970 1766 1191 1810 metallum
1216 1787 1227 1824 3
1249 1766 1359 1810 illud
1381 1767 1495 1811 cnim
1522 1766 1591 1812 sur
1607 1803 1618 1823 ,
1640 1769 1721 1813 hoc

333 1840 469 1900 judex
493 1838 595 1882 facit
616 1858 625 1882 ι
647 1839 705 1881 ita
726 1841 838 1881 Deus
860 1835 980 1896 quod
1003 1852 1052 1880 ex
1074 1837 1377 1895 conspersione
1398 1837 1632 1896 impiorum
1653 1837 1719 1882 fa-

339 1912 397 1955 cit
419 1925 518 1953 vasa
539 1907 791 1967 perditionis
806 1943 816 1963 ,
842 1923 930 1951 non
949 1907 1042 1951 odit
1058 1906 1178 1966 quod
1194 1906 1297 1950 facit
1316 1942 1325 1961 ,
1353 1907 1398 1950 id
1417 1917 1501 1962 est,
1529 1923 1639 1967 opus
1655 1923 1720 1953 or-

338 1980 568 2025 dinationis
592 1995 680 2023 suae
700 1980 744 2022 in
769 1994 898 2037 poena
920 1977 1067 2022 debita
1091 1979 1366 2036 pereuntium
1381 2013 1391 2033 ,
1418 1978 1462 2021 in
1484 1994 1570 2038 qua
1592 1995 1718 2025 occa·
1740 1972 1742 1980 ⁸

339 2052 502 2095 sionem
541 2049 688 2094 salutis
729 2048 791 2092 illi
838 2063 1026 2108 quorum
1073 2048 1299 2092 miseretur
1320 2084 1330 2103 ,
1375 2050 1609 2094 inveniant.
1653 2051 1718 2096 Sic

341 2121 553 2165 Pharaoni
575 2118 739 2163 dictum
763 2127 826 2162 cst
848 2137 855 2162 ;
886 2137 905 2159 «
931 2118 998 2161 Ad
1022 2118 1105 2162 hoc
1130 2127 1170 2161 te
1192 2118 1397 2173 excitavi,
1425 2128 1474 2162 ut
1495 2119 1717 2164 ostendam

343 2209 362 2232 »
388 2191 432 2234 in
456 2200 499 2234 te
518 2190 752 2249 potentiam
771 2203 909 2232 meam
926 2222 936 2242 ,
962 2197 1005 2231 et
1023 2199 1070 2231 ut
1092 2189 1376 2233 annuntietur
1396 2205 1556 2234 nomen
1573 2205 1716 2234 meum
1785 2206 1787 2235 τ

343 2280 362 2303 »
389 2262 434 2305 in
457 2261 654 2305 universa
677 2268 787 2303 terra
806 2261 837 2302 ³.
868 2277 887 2299 n
915 2261 1018 2302 Haec
1049 2259 1360 2304 demonstratio
1382 2260 1588 2319 potentiae
1609 2263 1712 2316 Dei,

338 2342 381 2376 et
400 2331 683 2389 ¹annuntiatio
716 2330 901 2374 nominis
927 2331 1016 2389 ejus
1037 2329 1082 2373 in
1110 2331 1306 2375 universa
1330 2340 1442 2376 terra
1464 2330 1638 2391 prodest
1660 2333 1732 2377 eis*
1784 2349 1785 2355 ¹

340 2411 388 2445 ut
401 2402 596 2455 timeant,
614 2409 657 2444 et
669 2401 760 2445 vias
772 2415 868 2444 suas
881 2400 1120 2458 corrigant,
1137 2401 1294 2459 quibus
1311 2402 1480 2445 vocatio
1495 2401 1591 2446 talis
1608 2418 1712 2447 con-

338 2472 466 2529 gruit.
495 2471 562 2515 Sic
584 2479 899 2530 consequenter
916 2469 1021 2513 dicit
1042 2488 1050 2513 :
1080 2488 1099 2511 «
1122 2470 1163 2514 Si
1186 2480 1330 2514 autem
1345 2471 1495 2516 volens
1515 2475 1625 2517 Deus
1648 2487 1714 2518 os·
1781 2494 1783 2507 Α

384 2559 394 2576 ¹
416 2557 503 2585 Itoni.
526 2563 558 2593 v,
576 2552 609 2584 6.
625 2569 665 2575 —
683 2553 823 2590 21d.1v‚
846 2550 1100 2589 5.--3ld.1x‚
1134 2562 1185 2594 ιτ,
1205 2558 1237 2586 et
1256 2553 1355 2586 Exod.
1376 2564 1417 2592 ir,
1444 2553 1492 2587 16.
