1790 3187
264 193 315 220 m:
348 192 721 240 nrvuusrs‘Quffls‘r.
759 193 907 220 oc'roc.
943 195 1104 220 Turnus.
1297 184 1374 219 115

0 255 56 304 ifa
67 257 274 303 debemus
289 257 548 310 existimare,
575 264 623 299 ut
643 271 729 300 non
752 257 1060 310 existimemus,
1081 256 1155 300 sed
1174 271 1251 300 nos
1272 257 1379 300 exis-

0 329 150 374 timare
175 328 387 387 fingamus
413 347 424 384 3
443 326 517 370 sed
534 341 634 370 vere
656 326 947 372 existimemus
969 326 1130 387 aliquid
1154 326 1379 371 occultum

2 414 90 444 esse
111 414 232 458 posse
253 398 298 442 in
321 397 405 442 alio
423 432 433 452 ,
459 413 547 457 quo
568 397 694 441 nobis
717 398 912 456 superior
935 399 1004 453 sit,
1028 399 1193 442 etiamsi
1214 399 1379 442 bonum

2 479 211 524 nostrum,
231 483 320 529 quo
337 469 412 512 illo
433 469 631 512 videmur
653 470 894 527 superiores
925 485 1013 514 esse
1041 485 1130 514 non
1153 469 1206 513 sit
1231 469 1382 513 occul-

2 550 109 586 tum.
136 543 232 584 lstae
249 539 528 599 cogitationes
551 538 842 598 deprimentes
865 541 1129 600 superbiam,
1154 550 1196 584 et
1219 555 1381 584 acuen-

2 622 64 658 tes
79 611 327 657 charitatem
347 645 357 665 ,
380 609 546 654 faciunt
561 626 690 654 onera
706 610 896 655 fraterna
918 612 1120 664 invicem,
1136 627 1225 656 non
1243 611 1385 656 solum

3 697 128 743 aequo
144 682 304 735 animo,
323 681 395 724 sed
414 681 542 724 etiam
566 680 850 725 libentissime
872 683 1085 726 sustineri.
1102 682 1231 727 Nullo
1253 683 1385 727 modo

5 762 145 798 autem
183 753 237 797 de
268 767 489 813 quoquam
514 752 689 795 homine
716 752 939 811 incognito
969 753 1146 797 ferenda
1175 755 1387 799 sententia

5 833 94 870 est:
114 833 156 869 et
172 839 300 868 nemo
325 824 404 867 nisi
424 838 500 882 per
517 823 748 866 amicitiam
768 826 1057 882 cognoscitur.
1084 828 1139 869 Et
1160 825 1258 869 ideo
1276 826 1388 869 ami-

7 912 154 942 corum
190 895 302 940 mala
332 896 498 939 firmius
529 895 825 951 sustinemus,
853 896 952 956 quia
983 897 1097 941 bona
1126 912 1276 941 eorum
1310 913 1389 942 nos

37 966 220 1012 electant
237 976 279 1011 et
301 975 464 1011 tenent.

63 1044 124 1083 6⁰.
144 1037 314 1083 Nullius
330 1040 478 1098 itaque
501 1037 769 1097 repudianda
793 1047 856 1082 est
871 1038 1058 1082 amicitia
1080 1053 1170 1083 sese
1191 1039 1390 1098 ingeren-

26 1111 58 1155 is
78 1110 131 1154 ad
145 1110 374 1154 amicitiam
392 1110 681 1169 copulandam
696 1131 707 1168 3
726 1099 814 1154 non
832 1111 1039 1154 utstatim
1055 1111 1301 1170 recipiatur,
1313 1111 1390 1155 sed

0 1213 1 1217 ,
38 1189 56 1224 t
71 1180 340 1240 recipiendus
359 1190 550 1239 optetur,
566 1190 698 1240 atque
711 1181 769 1224 ita
788 1190 1072 1234 tractetur‚ut
1088 1182 1217 1240 recipi
1243 1182 1387 1241 possit.

30 1250 135 1295 llum
159 1253 271 1294 enirn
299 1261 520 1310 receptum
539 1252 583 1294 in
613 1251 844 1295 amicitiam
868 1267 1098 1310 possumus
1118 1252 1283 1307 dicere,
1321 1252 1392 1297 cui

37 1322 150 1366 mnia
168 1323 344 1367 consilia
359 1333 504 1367 nostra
522 1321 754 1366 refundere
771 1323 1022 1367 audeamus.
1042 1326 1096 1367 Et
1114 1324 1146 1366 si
1162 1325 1393 1383 quisquam

33 1403 69 1438 st
101 1394 177 1454 qui
207 1409 250 1438 se
284 1410 372 1438 non
408 1395 763 1450 audesingerere
790 1395 846 1437 ad
874 1395 1104 1438 amicitiam
1129 1394 1393 1448 faciendam,

17 1481 105 1510 „um
128 1466 275 1526 aliquo
299 1476 446 1510 nostro
469 1465 694 1525 temporali
727 1466 892 1509 honore
926 1475 999 1510 aut
1031 1465 1243 1525 dignitate
1267 1483 1394 1511 revo-

0 1546 129 1599 ,βων
153 1559 164 1595 3
184 1536 536 1581 descendendum
561 1547 624 1581 est
642 1537 694 1581 ad
715 1552 833 1589 eum,
851 1546 893 1580 et
916 1537 1190 1581 offerendum
1212 1537 1273 1582 illi
1289 1555 1394 1598 qua-

0 1607 107 1655 dam
131 1609 334 1653 comitate
356 1618 399 1653 et
426 1608 714 1652 submissione
747 1608 907 1663 animi,
939 1609 1059 1669 quod
1085 1619 1228 1668 petere
1243 1608 1326 1668 ‘per
1349 1626 1394 1655 se

0 1672 1 1680 ἵ
25 1695 97 1740 pse
131 1696 218 1725 non
247 1679 391 1723 audet.
431 1682 541 1725 Sane
573 1680 771 1738 quamvis
795 1680 930 1723 rarius
948 1715 961 1734 ,
990 1689 1138 1724 tamen
1166 1681 1402 1743 aliquoties·

34 1751 181 1805 ccidit,
197 1759 246 1794 ut
262 1751 352 1809 ejus
363 1765 493 1809 quem
512 1750 714 1794 volumus
736 1750 780 1794 in
796 1751 1026 1795 amicitiam
1048 1752 1253 1811 recipere,
1276 1753 1395 1813 prius

24 1822 132 1867 iobis
165 1822 438 1865 innotescant
468 1820 579 1864 rnala
609 1836 740 1881 quarn
784 1821 896 1865 bona
919 1857 930 1874 ,
970 1821 1129 1882 quibus
1162 1823 1315 1868 offensi
1351 1833 1395 1869 et

41 1891 199 1937 uodam
221 1890 353 1936 modo
376 1892 611 1950 repercussi
635 1891 919 1951 relinquimus
941 1907 1042 1935 eum
1063 1927 1074 1947 ,
1108 1902 1150 1937 et
1173 1894 1228 1937 ad
1252 1895 1394 1940 bono—

27 1980 105 2008 um
138 1965 231 2024 ejus
255 1998 265 2017 ,
290 1978 389 2022 quae
411 1961 522 2006 forte
545 1962 782 2006 occultiora
805 1971 907 2006 sunt
923 1997 933 2016 ,
959 1962 1282 2023 indagationem
1305 1982 1395 2011 non

41 2035 297 2079 ervenimus.
320 2033 535 2077 Admonet
565 2033 711 2093 itaque
729 2034 938 2077 Dominus
953 2036 1076 2079 Jesus
1093 2036 1306 2090 Christus,
1319 2040 1395 2097 qui

43 2120 89 2150 os
105 2104 198 2149 vult
213 2104 326 2148 effici
344 2104 578 2148 imitatores
601 2119 699 2148 suos
721 2139 731 2158 ,
759 2113 807 2148 ut
829 2105 920 2164 ejus
940 2105 1112 2149 infirma
1127 2105 1363 2151 toleremus
1380 2142 1392 2163 ,

46 2178 125 2221 tad
138 2177 338 2237 quaedam
354 2191 471 2230 sana,
488 2175 533 2219 in
553 2191 739 2235 quorum
754 2175 1042 2220 delectatione
1056 2178 1394 2237 acquiescamus,

0 2249 10 2293 ἐ
34 2258 90 2292 ‘er
110 2247 326 2292 charitatis
347 2246 620 2291 tolerantiam
648 2245 953 2306 perducamur.
981 2248 1052 2292 Ait
1077 2249 1193 2292 enim
1219 2268 1228 2293 :
1260 2268 1279 2291 «
1301 2252 1398 2295 Non

3 2342 6 2347 ·
35 2341 40 2354 ·
60 2327 122 2364 est
142 2334 250 2378 opus
272 2317 383 2362 sanis
402 2317 596 2362 medicus
616 2352 627 2372 ‚
648 2316 723 2361 sed
745 2319 1060 2376 aegrotantibus
1083 2320 1113 2362 ¹.
1136 2337 1156 2360 »
1181 2319 1390 2385 Ideoque,

2 2407 10 2433 3
38 2390 50 2434 i
69 2399 241 2450 propter
254 2389 414 2435 Christi
435 2390 689 2434 charitatem
707 2389 837 2432 etiam
852 2404 953 2432 eum
974 2391 1048 2449 qui
1066 2391 1186 2434 omni
1204 2406 1255 2435 ex
1274 2402 1397 2451 parte

4 2479 9 2486 Δ
65 2456 202 2501 rtassis
221 2464 418 2515 aegrotat,
438 2453 646 2515 repellere
665 2453 719 2499 ab
742 2455 887 2499 animo
910 2470 1000 2499 non
1019 2453 1252 2511 debemus,
1278 2473 1394 2517 quo-

68 2547 74 2563 ¹
96 2539 207 2574 Matth.
227 2551 271 2579 rx,
295 2549 344 2573 12.

1145 2596 1169 2633 8
