1790 3187
252 239 334 277 526
772 247 1109 276 ANNOTATIONES.
1227 281 1230 283 ,
1261 281 1262 284 ¹

251 304 521 362 Augustinus
544 303 747 346 adversus
767 303 1030 347 Manichaeos
1048 301 1155 346 dicit
1173 319 1180 345 :
1199 299 1331 345 Date
1346 301 1429 359 qai
1441 302 1633 344 resistat

249 383 466 430 sensibus
487 383 671 440 earnis,
703 392 749 428 ec
770 382 934 445 plagis
962 383 1130 443 quibas
1152 400 1243 443 per
1261 381 1366 427 illos
1394 383 1442 426 in
1466 382 1634 426 anima

250 455 512 516 vapulavit.
538 458 689 514 Neque
711 470 840 514 porro
860 454 1081 518 infernas
1099 453 1316 507 umbras,
1342 470 1366 498 a
1386 453 1547 513 quibus
1562 451 1634 495 hic

251 527 508 573 Nebridium
532 535 726 582 revocat,
745 526 986 586 intelligere
1009 528 1109 572 alias
1132 527 1305 572 videtur
1323 534 1478 584 praeter
1499 525 1635 583 phan-

251 599 376 642 tasias
398 614 473 642 seu
501 599 800 657 phantasmata
832 597 905 643 illa
926 633 936 653 ‚
974 614 1073 659 quae
1105 596 1462 657 amplexabantur
1495 594 1636 641 Mani-

252 668 362 713 chaei
384 684 435 713 ex
454 668 533 713 lib.
555 688 620 714 111.
647 666 842 715 ConfeSS.
863 684 958 729 cap.
981 675 1028 725 6,
1054 678 1097 714 et
1117 669 1195 713 lib.
1221 687 1290 724 ix,
1314 682 1410 727 cap.
1438 670 1479 710 4.

652 831 909 873 ΑΝΝοΤΑΤΙο
934 829 999 886 (4)
1020 841 1117 888 pag.
1145 831 1245 871 274.

314 984 560 1029 Basternae
571 1019 586 1040 ,
606 1000 688 1029 vox
704 1001 790 1045 qua
805 985 922 1044 apud
942 985 1155 1029 Isidorum
1169 986 1213 1028 in
1231 983 1368 1028 Gloss.
1391 982 1635 1041 exponitur,

255 1064 384 1100 tecta
406 1054 675 1111 manualis,
700 1057 818 1101 unde
841 1056 1102 1116 quibusdam
1120 1056 1292 1100 videtur
1310 1070 1400 1099 esse
1422 1053 1643 1098 testatoria

255 1125 384 1181 sella,
412 1135 486 1170 aut
515 1126 667 1171 lectica
684 1161 694 1180 ‚
720 1143 819 1186 quae
852 1125 1117 1171 famulorum
1145 1125 1345 1170 manibus
1367 1123 1639 1183 portabatur.

255 1197 360 1241 Aliis
397 1213 526 1256 porro
560 1198 714 1242 lectica
745 1198 1043 1256 jumentorum
1084 1196 1213 1241 dorso
1244 1195 1412 1254 imponi
1445 1194 1566 1239 solita
1594 1209 1645 1236 ex

256 1267 408 1312 eodem
429 1267 595 1313 Isidoro
608 1269 653 1312 in
668 1268 788 1326 Orig.
814 1268 891 1311 lib.
915 1287 996 1320 xx,
1018 1283 1111 1327 cap.
1138 1275 1188 1311 12
1206 1303 1216 1322 ‚
1238 1266 1540 1327 hujuscemodi
1555 1273 1646 1309 erat

257 1338 354 1392 illa,
389 1338 443 1382 de
477 1355 562 1398 qua
591 1339 824 1397 Gregorius
864 1341 1026 1383 Turon.
1061 1339 1108 1383 in
1136 1341 1293 1382 Franc.
1332 1337 1430 1382 hist.
1456 1336 1534 1381 lib.
1562 1354 1641 1391 111,

257 1425 380 1453 num.
409 1416 478 1454 26.

655 1559 911 1602 ΑΝΝοΤΑΤιο
941 1557 1002 1614 (5)
1033 1570 1133 1617 pag.
1160 1561 1260 1602 306.

318 1702 518 1746 Aurelius
548 1703 898 1761 Carthaginiensis
921 1703 1114 1747 eeclesiae
1137 1702 1363 1761 episcopus
1385 1710 1554 1745 creatus
1583 1709 1647 1745 est

261 1772 372 1817 forte
389 1789 504 1819 anno
529 1780 611 1819 390
626 1810 637 1829 ,
661 1775 824 1835 quippe
846 1776 929 1820 hoe
955 1790 1070 1819 anno
1089 1784 1331 1819 antecessor
1348 1773 1481 1833 ipsius
1501 1775 1646 1817 Gene-

261 1844 393 1889 thlius
415 1845 591 1905 praefuit
614 1844 799 1890 coneilio
834 1845 1166 1905 Carthaginensi
1199 1862 1246 1890 11.
1278 1848 1335 1890 At
1362 1845 1444 1889 sub
1471 1843 1648 1889 Aurelio

260 1915 462 1960 habitum
484 1925 549 1961 est
571 1916 851 1976 Hipponense
873 1932 988 1962 anno
1007 1922 1107 1960 393.

653 2068 907 2110 ΑΝΝΟΤΑΤΙΟ
924 2066 989 2123 (6)
1009 2079 1108 2124 pag.
1146 2069 1245 2108 309.

322 2212 542 2257 Nescimus
566 2229 620 2257 an
638 2213 708 2258 hic
732 2214 785 2258 sit
807 2213 880 2258 ille
902 2216 992 2273 ipse
1007 2248 1017 2267 ‚
1043 2212 1118 2272 qui
1142 2213 1184 2256 in
1203 2211 1280 2255 lib.
1308 2229 1427 2264 xxm,
1452 2210 1506 2254 de
1528 2209 1647 2254 Civi-

263 2290 352 2325 tate
370 2283 467 2337 Dei,
490 2299 583 2342 cap.
613 2292 634 2328 8
653 2319 662 2337 ,
685 2284 888 2328 laudatur
902 2285 1128 2344 episcopus
1145 2283 1368 2344 quondam
1391 2280 1648 2329 Vzalensis

267 2350 421 2397 beata?
441 2354 681 2399 memorice
701 2354 1016 2411 Saturninus,
1040 2370 1170 2414 quem
1192 2352 1392 2399 videlieet
1409 2368 1524 2397 anno
1543 2358 1643 2396 388.

262 2425 526 2484 Carthagine
546 2425 675 2470 simul
696 2441 798 2470 eum
816 2426 995 2471 Aurelio
1017 2425 1124 2471 vidit
1142 2424 1425 2484 Augustinus.
