1790 3187
355 164 407 190 m:
441 162 627 189 mvssnsts
661 163 817 197 QUAEST.
855 164 1002 191 OCTOG.
1040 165 1202 191 Turnus.
1419 156 1472 193 23

91 215 396 270 amandarum,
428 215 613 259 charitas
641 214 709 259 vel
740 214 899 260 dilecto
936 215 1090 261 melius
1118 216 1292 261 dicitur.
1331 220 1474 270 Quare

91 284 290 330 omnibus
320 283 592 343 cogitationis
614 284 778 328 viribus
800 284 1164 330 considerandum
1188 294 1251 329 est
1274 285 1473 331 saluber-

90 355 246 399 rimum
267 353 376 398 illud
395 362 660 414 praeceptum
681 372 690 398 ε
716 372 735 395 «
758 353 913 412 Diliges
932 354 1164 399 Dominum
1186 358 1323 399 Deum
1346 365 1474 402 tuum

93 442 113 466 »
137 423 183 468 in
204 433 296 470 toto
315 423 446 469 corde
468 432 560 479 tuo,
578 423 682 468 etin
696 432 786 468 tota
804 425 947 469 anima
969 434 1063 480 tua,
1085 433 1129 469 et
1150 425 1195 469 in
1218 434 1310 470 tota
1326 436 1474 471 mente

92 512 113 537 »
136 497 238 539 tua²
261 514 270 539 ε
299 512 318 536 »
339 503 383 538 et
404 492 514 538 illud
536 493 656 554 quod
679 494 738 537 ait
757 494 964 539 Dominus
983 497 1127 550 Jesus,
1158 513 1178 537 «
1201 497 1305 541 Haec
1323 505 1387 541 est
1403 512 1475 541 au·

92 583 112 606 »
136 573 224 610 tem
242 565 329 610 vita
347 573 506 609 aeterna
520 599 531 620 ‚
556 573 606 608 ut
627 574 890 622 cognoscant
911 574 954 609 te
977 565 1119 610 solum
1140 580 1293 611 verum
1310 568 1472 624 Deum,

90 653 110 676 n
135 644 178 680 et
198 650 328 695 quem
348 635 497 679 misisti
519 636 669 679 Jesum
691 635 960 680 Christum2.
989 654 1009 678 »

145 707 342 758 Quffisno
375 706 579 750 XXXVI.
598 730 656 739 -
679 707 722 749 1⁰
741 706 1005 751 Charitatem
1022 721 1147 762 voco,
1171 722 1260 766 qua
1277 717 1476 753 amantur

86 790 135 820 ea
157 791 256 836 quae
277 791 367 822 non
388 786 488 821 sunt
513 791 602 836 prae
624 777 717 836 ipso
739 787 910 821 amante
933 777 1258 822 contemnenda
1285 796 1294 822 ε
1319 776 1364 821 id
1385 788 1473 835 est,

86 847 206 907 quod
222 857 435 892 aeternum
455 856 539 903 est,
561 857 604 892 et
619 849 739 907 quod
758 862 902 893 amare
924 848 1068 908 ipsum
1086 857 1299 892 aeternum
1314 858 1472 908 potest.

86 919 198 961 Deus
212 917 344 975 igitur
360 927 403 963 et
425 918 593 963 animus
610 934 700 978 quo
719 928 903 974 amatur,
927 918 1113 963 charitas
1128 919 1303 978 proprie
1317 918 1478 964 dicitur

85 988 384 1048 purgatissima
402 998 445 1033 et
467 998 767 1035 consummata
783 1025 794 1045 ,
819 991 853 1034 si
873 990 981 1034 nihil
1000 989 1120 1034 aliud
1143 999 1313 1033 amatur
1335 1009 1343 1035 :
1364 991 1478 1036 hanc

84 1056 126 1103 et
154 1057 431 1104 dilectionem
451 1059 538 1104 dici
556 1060 711 1119 placet.
742 1061 827 1106 Sed
855 1076 955 1105 cum
987 1063 1099 1105 Deus
1122 1061 1256 1118 magis
1282 1059 1479 1120 diligitur

83 1144 215 1190 quam
239 1130 430 1186 animus,
457 1139 506 1175 ut
530 1131 652 1175 malit
672 1132 805 1176 homo
836 1132 927 1191 ejus
951 1146 1040 1175 esse
1063 1145 1195 1190 quam
1218 1146 1321 1175 suus
1336 1166 1347 1186 ,
1371 1141 1478 1178 tunc

82 1214 181 1244 vere
198 1200 342 1245 animo
359 1215 615 1261 summeque
631 1201 874 1246 consulitur
891 1210 1209 1261 consequenter
1227 1210 1269 1245 et
1286 1203 1474 1261 corpori,

83 1269 209 1314 nobis
242 1269 288 1314 id
316 1286 405 1315 non
427 1272 688 1315 curantibus
717 1271 863 1330 aliquo
894 1272 1091 1329 appetitu
1124 1280 1368 1328 satagente,
1400 1270 1477 1316 sed

84 1348 249 1384 tactum
277 1350 479 1400 prompta
501 1350 544 1385 et
576 1340 721 1385 oblata
742 1340 1030 1385 sumentibus.
1061 1339 1294 1384 Charitatis
1328 1349 1475 1385 autem

80 1425 298 1454 venenum
338 1419 428 1466 est,
469 1426 565 1470 spes
603 1409 983 1470 adipiscendorum
1026 1418 1102 1453 aut
1144 1409 1473 1455 retinendorum

80 1479 399 1539 temporalium.
435 1480 764 1526 Nutrimentum
791 1481 881 1541 ejus
911 1489 996 1535 est,
1022 1479 1273 1524 imminutio
1297 1480 1471 1540 cupidi-

29 1589 37 1596 .
82 1551 178 1596 tatis
199 1570 207 1596 :
232 1550 469 1610 perfectio,
495 1550 616 1596 nulla
638 1551 869 1611 cupiditas.
899 1551 1083 1610 Signum
1111 1549 1334 1611 profectus
1354 1552 1445 1611 ejus
1461 1588 1472 1608 ‚

83 1621 330 1666 imminutio
360 1620 552 1680 timoris3
585 1622 758 1679 signum
789 1621 1067 1681 perfectionis
1099 1621 1212 1681 ejus,
1242 1619 1390 1665 nullus
1420 1622 1478 1666 ti-

81 1706 176 1736 mor
202 1710 209 1735 :
236 1692 337 1752 quia
362 1700 405 1735 et
431 1690 611 1736 «Radix
633 1701 696 1736 est
715 1692 913 1736 omnium
937 1690 1153 1735 malorum
1176 1690 1415 1750 cupiditas³
1434 1701 1478 1735 et

87 1782 104 1803 »
130 1772 430 1806 consummata
452 1761 628 1806 dilectio
652 1761 766 1806 foras
794 1761 927 1805 mittit
951 1761 1193 1805 timorem⁴.
1224 1779 1243 1801 »
1271 1761 1476 1819 Quisquis

81 1832 214 1891 igitur
242 1846 338 1876 eam
362 1831 529 1876 nutrire
558 1831 678 1886 vult,
710 1831 840 1875 instet
864 1829 1115 1874 minuendis
1142 1830 1471 1888 cupiditatibus,

82 1904 158 1946 Est
176 1911 319 1946 autem
338 1901 552 1961 cupiditas
566 1936 577 1958 ‚
599 1916 719 1946 amor
742 1898 1011 1960 adipiscendi
1029 1909 1103 1944 aut
1122 1899 1351 1944 obtinendi
1368 1908 1476 1944 tem-

84 1972 256 2030 poralia.
277 1972 415 2031 Hujus
433 1971 685 2016 minuendae
703 1971 872 2016 initium
887 2005 898 2027 ‚
920 1974 1060 2016 Deum
1077 1970 1247 2025 timere,
1265 1971 1342 2030 qui
1359 1969 1475 2015 solus

83 2043 223 2088 timeri
252 2043 343 2087 sine
374 2057 521 2087 amore
555 2058 645 2087 non
668 2051 825 2102 potest.
852 2041 921 2087 Ad
950 2040 1206 2099 sapientiam
1228 2041 1344 2085 enim
1374 2050 1474 2086 ten-

86 2113 204 2158 ditur
223 2149 234 2169 ,
261 2122 304 2158 et
325 2113 434 2158 nihil
456 2106 599 2158 verius
626 2129 677 2159 eo
694 2113 816 2174 quod
839 2114 1005 2158 dictum
1035 2122 1099 2157 est
1119 2132 1129 2158 ;
1158 2132 1178 2155 «
1201 2112 1379 2157 Initium
1404 2128 1473 2157 sa-

90 2204 109 2227 »
134 2185 307 2244 pientiae
341 2185 471 2230 timor
514 2185 727 2230 Domini⁵.
765 2204 785 2227 »
827 2188 966 2232 Nemo
993 2194 1057 2229 est
1083 2184 1247 2245 quippe
1279 2183 1356 2244 qui
1385 2198 1475 2228 non

86 2258 218 2315 magis
231 2256 427 2302 dolorem
444 2256 600 2316 fugiat,
621 2273 753 2318 quam
767 2266 944 2317 appetat
957 2255 1227 2315 voluptatem
1248 2275 1256 2300 ε
1277 2253 1478 2316 quando-

86 2327 263 2387 quidem
296 2327 496 2373 videmus
527 2329 656 2374 etiam
684 2329 1012 2373 immanissimas
1040 2326 1198 2372 bestias
1232 2343 1256 2371 a
1284 2325 1479 2370 maximis

133 2437 143 2452 ¹
164 2430 276 2462 Matth.
307 2442 381 2470 xxn,
402 2431 463 2472 373
489 2434 584 2464 Deut.
604 2443 650 2473 vi,
671 2432 702 2464 5.
718 2438 784 2455 —2
812 2434 904 2464 Joan.
925 2442 1002 2472 xvii,
1022 2430 1056 2463 5.
1074 2448 1115 2453 —
1132 2429 1145 2453 3
1169 2442 1178 2461 1
1202 2430 1282 2462 Tim.
1305 2441 1340 2468 ιι,
1360 2441 1411 2462 10-
1432 2445 1472 2451 --

89 2484 105 2512 l·
122 2494 140 2518 2
159 2488 436 2525 Joan.iv‚18.—
452 2485 466 2510 5
485 2490 579 2520 Prov.
602 2500 626 2529 1,
649 2499 680 2530 7,
699 2493 733 2520 et
749 2498 794 2527 ix,
817 2497 882 2523 103
909 2486 1236 2526 Eceti.1,16;Psal.
1256 2497 1284 2525 c,
1310 2497 1359 2518 io.
