1790 3187
356 263 435 301 156
785 269 818 298 S.
856 269 1085 298 AUGUSTINI
1119 272 1296 299 Emscori

356 358 375 381 »
401 339 612 398 cognovi,
643 337 723 381 nisi
745 351 821 396 per
841 334 997 395 legem.
1024 338 1132 382 Nam
1156 337 1549 396 concupiscentiam
1569 339 1726 383 nescie-v

356 430 376 453 »
405 411 523 465 bam,
548 409 627 453 nisi
651 408 718 452 lex
739 407 901 451 diceret
921 423 929 449 :
952 410 1048 453 Non
1070 409 1362 467 concupisces.
1389 409 1622 452 Occasione
1653 424 1727 454 au-

358 501 377 523 »
404 491 489 526 tem
517 488 691 539 accepta
720 487 947 538 peccatum
971 494 1047 538 per
1067 478 1320 524 mandatum
1342 488 1570 538 operatum
1605 481 1728 526 estin

356 567 470 596 »me
499 565 673 596 omnem
707 549 1114 608 concupiscentiam.
1156 566 1176 591 ν»
1219 552 1331 594 Ecce
1373 550 1608 594 verborum
1643 550 1729 610 ipsa

355 623 574 668 contextio
588 621 687 665 satis
709 620 873 665 indicat
888 620 942 664 de
956 635 1041 680 qua
1056 619 1148 678 lege
1167 620 1321 665 dixerit
1340 640 1348 665 ι
1373 639 1391 662 «
1413 623 1499 664 Lex
1513 630 1732 679 peccatum

359 712 379 736 »
394 695 481 737 est?
496 692 635 737 Absit.
651 710 670 732 n
686 694 747 735 De
769 689 843 735 illa
865 689 1043 746 scilicet,
1061 705 1138 750 per
1158 691 1280 750 cujus
1301 691 1556 735 mandatum
1573 693 1733 738 occasio

356 763 440 809 fuit
461 773 638 824 peccato
654 798 665 818 ‚
700 771 750 807 ut
776 772 1027 822 operaretur
1044 777 1218 807 omnem
1242 764 1652 822 concupiscentiam.
1677 766 1734 808 De

357 835 430 880 illa
452 850 553 893 ergo
570 870 580 889 ,
598 850 696 895 quae
716 834 976 878 subintravit
1000 842 1050 877 ut
1074 832 1316 878 abundaret
1344 832 1552 878 delictum
1574 869 1584 889 ,
1609 850 1735 894 quam

358 917 515 968 putant
533 906 595 951 illi
611 905 783 951 malam.
807 905 890 951 Sed
907 904 1016 966 quid
1033 906 1237 965 apertius,
1257 921 1388 966 quam
1404 904 1449 949 id
1467 905 1588 965 quod
1611 906 1735 965 paulo

359 988 455 1038 post
477 978 551 1032 ait,
579 996 597 1019 «
624 980 777 1036 Itaque
799 976 869 1020 lex
887 976 1062 1036 quidem
1089 986 1257 1031 sancta,
1283 986 1326 1020 et
1351 974 1606 1020 mandatum
1628 991 1736 1022 sanc-

363 1068 383 1090 »
404 1059 498 1094 tum
526 1058 568 1092 et
586 1049 750 1108 justum
772 1057 814 1092 et
834 1048 1003 1091 bonum
1029 1049 1046 1088 ‘3
1076 1065 1096 1089 »
1122 1050 1213 1092 Hoc
1243 1063 1388 1092 rursus
1411 1047 1564 1092 dicunt
1585 1063 1673 1092 non
1690 1048 1742 1092 de

361 1119 432 1163 illa
461 1118 580 1177 lege,
602 1134 701 1177 quae
725 1117 888 1161 Judaeis
909 1116 1024 1161 dicta
1046 1126 1125 1172 est,
1148 1118 1222 1161 sed
1251 1118 1305 1161 de
1322 1116 1556 1175 Evangelio
1580 1117 1739 1162 dictum

362 1198 438 1233 est.
470 1188 814 1233 Manichaeorum
842 1196 904 1231 est
938 1188 1054 1231 enim
1088 1197 1174 1231 tam
1204 1188 1483 1232 ineffabiliter
1519 1204 1632 1232 caeca
1669 1189 1738 1234 ista

361 1259 628 1321 perversitas.
661 1261 758 1304 Non
786 1259 901 1302 enim
934 1258 1320 1319 attenduntfquod
1349 1259 1666 1318 apertissimum
1703 1269 1738 1304 et

363 1329 759 1375 manifestissimum
782 1329 975 1389 sequitur
1007 1349 1016 1374 :
1045 1348 1063 1371 «
1091 1329 1220 1382 Quod
1237 1325 1337 1387 ergo
1361 1331 1525 1373 bonum
1541 1339 1618 1384 est,
1643 1330 1738 1374 mihi

369 1421 388 1443 »
415 1400 580 1446 factum
612 1410 674 1445 est
708 1402 861 1444 mors?
892 1400 1027 1444 Absit.
1058 1399 1142 1444 Sed
1173 1409 1399 1459 peccatum
1422 1435 1433 1456 ‚
1467 1409 1518 1444 ut
1548 1409 1738 1459 appareat

370 1491 390 1514 η
416 1481 640 1532 peccatum
658 1506 669 1526 ‚
694 1487 770 1530 per
792 1472 958 1516 bonum
983 1471 1088 1514 mihi
1121 1480 1347 1530 operatum
1371 1481 1434 1515 est
1464 1480 1647 1515 mortem
1664 1506 1674 1525 ,
1699 1480 1737 1515 ut

371 1563 391 1586 »
417 1544 492 1588 fiat
513 1559 641 1603 supra
670 1541 850 1586 modum
883 1550 1084 1600 peccator
1114 1550 1189 1585 aut
1210 1551 1434 1600 peccatum
1459 1556 1534 1600 per
1566 1539 1743 1586 manda-³
1786 1570 1788 1574 ν

370 1633 390 1657 »
417 1624 509 1658 tum
542 1633 551 1658 2
579 1632 599 1654 »
632 1614 713 1658 hoc
742 1622 805 1656 cst
829 1648 839 1668 ,
867 1628 943 1672 per
961 1611 1214 1656 mandatum
1246 1621 1443 1656 sanctum
1461 1621 1503 1656 et
1519 1612 1685 1671 justum
1706 1604 1742 1656 et

368 1686 534 1730 bonum
553 1706 563 1743 3
588 1683 710 1744 quod
733 1693 878 1728 tamen
897 1683 1156 1727 subintravit
1178 1693 1226 1727 ut
1244 1682 1486 1729 abundaret
1503 1692 1735 1742 peccatum.

368 1758 451 1801 hoc
474 1765 554 1811 est,
572 1763 621 1799 ut
643 1755 764 1798 fieret
781 1770 909 1813 supra
931 1753 1128 1797 modum.

432 1830 519 1871 170.
555 1829 645 1872 Cur
675 1841 778 1885 ergo
811 1845 830 1867 «
856 1825 1112 1869 ministratio
1138 1825 1287 1870 mortis
1313 1843 1332 1866 »
1370 1824 1549 1881 dicitur,
1578 1825 1612 1869 si
1637 1825 1734 1870 bon:
1785 1842 1787 1869 2

370 1908 432 1944 est
453 1898 547 1942 lex?
569 1898 681 1951 Quia
708 1917 727 1939 «
754 1906 977 1956 peccatum
1004 1906 1052 1941 ut
1074 1907 1278 1956 appareat
1302 1907 1549 1956 peccatum,
1576 1913 1651 1957 per
1674 1896 1740 1942 bo?

372 1988 392 2011 »
419 1984 523 2013 num
548 1969 654 2011 mihi
687 1977 912 2027 operatum
943 1977 1004 2011 cst
1027 1970 1251 2011 mortem1.
1281 1986 1299 2008 »
1326 1970 1414 2013 Nec
1431 1968 1596 2012 mireris
1617 2003 1626 2023 ‚
1651 1962 1740 2012 cun⁴

370 2041 424 2084 de
446 2042 535 2099 ipsa
559 2038 867 2098 praedicatione
890 2038 1112 2096 Evangelii
1137 2038 1301 2082 dictum
1324 2039 1377 2083 sit
1402 2058 1409 2082 :
1441 2058 1460 2081 «
1486 2039 1644 2084 Christi
1669 2040 1732 2084 bo-

374 2130 394 2153 »
420 2126 501 2155 nus
525 2111 633 2154 odor
655 2125 802 2154 sumus
821 2112 933 2164 Deo,
959 2109 1003 2152 in
1031 2108 1079 2152 iis
1098 2110 1172 2169 qui
1190 2109 1294 2153 salvi
1318 2110 1449 2164 fiunt,
1476 2120 1518 2154 et
1540 2111 1584 2153 in
1606 2110 1654 2155 iis
1675 2126 1729 2171 qu

376 2202 394 2224 »
421 2191 629 2242 pereunt3
654 2181 744 2225 aliis
767 2181 943 2241 quidem
972 2180 1079 2224 odor
1109 2181 1207 2224 vitae
1231 2181 1276 2223 in
1297 2180 1451 2235 vitam,
1484 2180 1575 2225 aliis
1607 2191 1732 2226 auten

372 2274 391 2296 »
421 2254 528 2298 odor
550 2253 698 2297 mortis
726 2253 771 2295 in
804 2261 985 2296 mortem
1002 2255 1033 2295 ².
1066 2269 1085 2292 »
1111 2250 1177 2296 Ad
1200 2251 1375 2296 Judaeos
1401 2252 1514 2295 enim
1540 2251 1655 2296 dicta
1688 2268 1726 2296 es

368 2325 435 2369 lex
458 2324 714 2368 ministratio
741 2323 889 2367 mortis
907 2358 917 2377 ‚
944 2321 998 2366 ad
1015 2337 1124 2382 quos
1146 2331 1189 2365 et
1212 2323 1256 2365 in
1273 2321 1417 2382 lapide
1439 2323 1594 2382 scripta
1618 2333 1679 2367 est
1695 2307 1737 2367 ats

369 2411 520 2441 eorum
542 2394 746 2439 duritiam
777 2393 1047 2452 figurandam
1069 2414 1079 2450 3
1104 2409 1192 2437 non
1216 2393 1271 2436 ad
1301 2409 1372 2438 cos
1405 2394 1482 2453 qui
1515 2394 1652 2453 legem
1675 2409 1724 2454 pe

371 2467 624 2511 charitatem
649 2463 846 2523 implent.
878 2483 897 2505 «
918 2462 1150 2508 Plenitudo
1173 2463 1287 2506 enirn
1318 2462 1445 2522 legis,
1470 2465 1696 2509 charitasss.
1724 2483 1735 2527 t¹

374 2541 469 2597 Ipsa
491 2536 606 2580 enirn
629 2535 697 2579 lex
713 2571 724 2591 ,
747 2550 845 2595 quae
867 2534 913 2578 in
934 2533 1086 2578 litteris
1108 2543 1171 2577 est
1188 2534 1371 2593 figurata
1387 2534 1591 2594 lapideis,
1616 2534 1735 2597 diCstx
1781 2547 1784 2578 ὲ

423 2629 430 2645 ¹
453 2631 471 2653 2
487 2624 557 2653 Cor.
580 2632 627 2657 111,
644 2631 673 2662 7.
694 2638 727 2643 —
747 2627 757 2641 Ξ
779 2620 823 2652 ld.
847 2632 881 2659 ιι,
906 2620 941 2652 15
961 2624 993 2651 et
1016 2620 1065 2652 16.
1083 2617 1147 2642 —3
1168 2620 1259 2651 Rom.
1279 2631 1347 2661 xnr,
1372 2631 1420 2652 10.
