1790 3187
313 185 365 210 nn
398 183 585 210 mvBRSIs
617 183 775 219 QUAEST.
810 184 958 212 ocroc„
994 185 1158 212 Turnus.
1348 172 1429 212 135

0 268 11 299 ι
47 250 146 296 dem
168 248 451 306 Evangelistis
469 247 748 291 narrantibus
770 247 969 305 legimus.
996 251 1052 293 Et
1070 248 1250 295 miratus
1271 257 1335 295 est
1355 251 1432 294 Je-

3 345 9 363 .·
48 335 146 375 sus,
170 329 212 363 et
234 320 366 362 iratus
381 353 391 372 ‚
417 328 460 362 et
481 318 760 362 contristatus
778 352 789 370 ,
814 328 858 362 et
879 319 1164 363 exhilaratus²
1184 353 1195 373 ‚
1221 327 1264 362 et
1293 319 1434 365 multa

0 392 9 443 i
50 390 148 434 talia
169 387 517 433 innumerabilia.
546 388 666 432 Sicut
684 388 812 431 etiam
832 387 905 432 illa
928 405 1028 447 quae
1045 390 1280 448 conjuncta
1304 390 1435 434 simul

0 460 8 507 i
49 459 187 505 officia
209 468 253 502 et
284 458 472 517 corporis
504 467 546 501 et
568 458 724 500 animae
751 460 988 503 ostendunt
1013 478 1022 504 :
1047 459 1159 503 sicut
1190 468 1293 503 sunt
1313 459 1435 518 quod

0 547 5 577 ι
48 529 242 583 esurivit,
260 528 389 587 ‘quod
412 527 643 581 dormivit,
670 528 790 585 quod
814 527 1014 586 fatigatus
1037 530 1091 573 ab
1119 529 1273 573 itinere
1296 527 1431 584 sedit,

0 621 5 646 ;
47 609 90 644 et
109 599 188 643 alia
211 597 507 657 hujuscemodi
520 602 552 641 ².
581 600 676 642 Non
700 599 818 642 enim
838 611 1017 657 possunt
1034 601 1204 653 dicere,
1236 599 1368 644 etiam
1388 599 1432 642 in

0 690 10 714 J
44 669 260 716 veteribus
282 669 403 712 libris
425 668 583 712 dictam
609 683 699 712 esse
720 669 827 712 iram
854 670 929 714 Dei
956 679 998 714 et
1020 669 1214 714 laetitiam
1229 704 1240 723 ‚
1264 679 1306 715 et
1329 684 1439 714 non—

0 741 3 786 Ι
46 737 187 784 nullos
210 740 338 798 hujus
365 738 534 797 generis
555 747 699 782 motus
715 772 726 792 ‚
759 754 840 783 nec
870 738 969 782 ideo
1000 748 1146 783 tamen
1169 754 1259 784 esse
1281 754 1438 784 conse-

0 831 5 852 »
44 825 207 871 quens,
234 818 284 852 ut
316 812 452 853 Deum
477 809 680 852 habuisse
712 810 901 853 animam
924 810 1195 854 credendum
1218 810 1286 853 sit.
1315 810 1437 853 Dicta

0 899 2 925 ι
43 886 140 924 sunt
157 879 272 922 enim
290 878 362 922 illa
381 878 643 937 propheticis
662 879 1043 936 imaginationibus
1059 913 1070 931 ‚
1091 894 1180 923 non
1196 879 1437 922 narratoria

41 947 400 994 manifestatione.
428 951 537 992 Nam
560 957 603 991 et
633 949 829 992 membra
866 949 940 992 Dei
964 948 1085 992 dicta·
1112 958 1242 1003 sunt,
1275 957 1318 992 et
1341 964 1433 994 ma·

0 1040 4 1063 ε
40 1033 121 1064 nus
136 1053 148 1073 ‚
169 1027 213 1062 et
230 1018 360 1077 pedes
375 1053 386 1071 ‚
410 1027 453 1061 et
470 1017 584 1062 oculi
606 1052 618 1070 ‚
641 1027 683 1061 et
708 1016 834 1061 facies
849 1053 859 1072 ‚
885 1027 928 1061 et
945 1018 1125 1072 similia,
1151 1028 1194 1062 et
1220 1019 1436 1078 quemad-

0 1117 3 1124 ι
40 1088 217 1133 modum
239 1089 318 1132 ista
342 1103 430 1132 non
448 1089 643 1132 indicant
665 1103 766 1131 eum
791 1090 952 1132 habere
975 1104 1155 1147 corpus,
1181 1090 1240 1132 sic
1263 1103 1344 1132 nec
1362 1088 1435 1133 illa

40 1159 240 1206 animam.
275 1159 658 1212 Quemadmodum
696 1169 842 1204 autem
878 1169 1101 1204 narratum
1138 1158 1333 1218 aliquid,
1359 1159 1436 1202 ubi

0 1252 2 1257 v
39 1230 258 1274 nominata
277 1238 380 1274 sunt
397 1245 551 1274 manus
574 1229 734 1275 Christi
757 1238 799 1273 et
822 1239 980 1288 caput,
1001 1239 1044 1274 et
1070 1239 1224 1273 caetera
1243 1246 1343 1288 quae
1365 1229 1434 1274 in-

43 1298 189 1344 dicant
205 1301 296 1359 ejus
318 1315 476 1358 corpus
497 1318 506 1343 :
527 1300 583 1343 ita
608 1300 736 1344 etiam
756 1315 856 1359 quae
874 1299 929 1343 de
951 1300 1108 1344 animae
1130 1299 1437 1343 affectionibus

39 1367 189 1413 eodem
226 1369 485 1413 narrationis
520 1378 671 1412 tenore
709 1370 931 1413 nominata
954 1379 1084 1421 sunt‚
1116 1368 1312 1412 indicant
1344 1370 1436 1427 ejus

38 1439 240 1485 animam.
270 1439 463 1484 Stultum
487 1447 552 1482 est
569 1449 714 1482 autem
738 1439 915 1482 credere
934 1440 1127 1482 narranti
1147 1438 1434 1495 Evangelistae

38 1508 155 1568 quod
192 1509 546 1563 manducaverit,
585 1518 627 1552 et
660 1525 748 1553 non
779 1510 816 1552 ei
850 1508 1028 1553 credere
1061 1509 1181 1568 quod
1215 1509 1427 1554 esurierit.

39 1580 129 1624 Etsi
152 1579 265 1623 enim
297 1594 384 1624 non
420 1589 484 1623 est
513 1594 784 1639 consequens
802 1614 812 1633 ‚
848 1589 895 1622 ut
919 1580 1059 1623 onmis
1095 1579 1171 1638 qui
1193 1578 1433 1623 manducat

0 1666 2 1687 ι
41 1649 224 1707 esuriat;
248 1665 346 1694 nam
372 1659 415 1693 et
438 1649 655 1707 Angelum
677 1649 860 1706 legimus
886 1649 1170 1694 manducasse
1187 1684 1197 1704 ‚
1230 1649 1306 1692 sed
1328 1664 1429 1693 esu-

40 1720 141 1764 risse
158 1735 245 1763 non
267 1719 476 1776 legimus³
502 1738 510 1763 ε
538 1734 680 1778 neque
698 1728 748 1762 ut
765 1721 905 1763 omnis
922 1720 997 1779 qui
1020 1720 1153 1763 esurit
1169 1718 1427 1774 manducet,

0 1816 1 1822 =
40 1790 73 1836 si
95 1798 171 1834 aut
193 1789 337 1833 ossicio
359 1788 505 1848 aliquo
528 1804 572 1832 se
593 1789 818 1843 cohibeat,
852 1798 928 1832 aut
948 1789 1057 1834 desit
1079 1790 1116 1832 ei
1139 1789 1263 1834 cibus
1285 1788 1428 1832 facul-

41 1870 191 1920 tasque
212 1859 506 1903 manducandi
531 1878 538 1903 :
561 1868 707 1903 tamen
731 1874 832 1902 cum
858 1868 1096 1918 utrumque
1124 1868 1270 1903 narrat
1288 1861 1426 1903 Evan-

43 1931 191 1990 gelista
211 1966 221 1985 ‚
247 1940 483 1990 utrumque
500 1928 765 1973 credendum
789 1939 851 1973 est
865 1931 880 1955 ‘¹
898 1965 908 1982 ‚
934 1930 1036 1990 quia
1058 1939 1296 1989 utrumque
1316 1930 1428 1974 sicut

41 2016 184 2046 rerum
207 2009 420 2058 gestarum
445 1999 574 2043 index
598 1999 761 2043 factum
783 2009 1042 2060 gestumque
1059 2000 1329 2057 conscripsit.
1359 1999 1428 2045 Si-

38 2082 111 2119 cut
133 2082 276 2118 autem
307 2072 407 2132 quia
440 2071 747 2124 manducavit,
780 2072 871 2115 sine
904 2087 1084 2130 corpore
1117 2071 1303 2130 intelligi
1338 2086 1427 2117 non

36 2153 176 2204 potest
201 2164 209 2189 :
235 2144 294 2188 sic
313 2144 413 2203 quia
431 2142 638 2196 esurivit,
660 2142 751 2186 sine
767 2143 909 2186 anima
927 2142 1020 2186 fieri
1043 2157 1132 2186 non
1156 2142 1314 2201 potuit.

96 2216 155 2258 4⁰.
191 2217 278 2260 Nec
315 2213 387 2258 illa
412 2229 489 2257 nos
520 2222 651 2257 terret
678 2214 818 2257 inanis
841 2221 974 2272 atque
1002 2214 1148 2272 inepta
1178 2212 1396 2256 calumnia
1414 2247 1424 2265 ‚

41 2301 125 2345 qua
148 2284 356 2330 invidiose
386 2284 627 2328 resistentes
651 2285 771 2328 aiunt
795 2303 803 2327 2
830 2287 943 2341 Ergo
966 2285 1046 2327 sub
1070 2283 1323 2328 necessitate
1345 2297 1402 2341 po

42 2356 144 2403 situs
172 2356 279 2411 fuit,
319 2357 352 2400 si
384 2357 459 2400 has
493 2355 743 2401 affectiones
772 2356 903 2400 animi
934 2370 1053 2400 veras
1078 2354 1246 2399 habuit.
1280 2352 1426 2398 Facile

88 2464 100 2480 ¹
118 2457 232 2490 Matth.
262 2469 329 2497 vm,
355 2469 412 2498 ¹03
439 2459 544 2490 Marc.
565 2469 611 2498 ιιι,
632 2458 662 2488 3.
678 2464 742 2480 ——2
770 2457 891 2489 Matth.
919 2468 964 2498 iv,
984 2457 1017 2497 5,
1047 2461 1080 2489 et
1106 2468 1172 2495 vui,
1191 2456 1235 2498 4;
1262 2458 1353 2488 Joan.
1377 2467 1422 2492 ιν,

42 2511 74 2543 6.
90 2531 129 2536 -
146 2512 159 2536 3
179 2522 197 2545 ¹2
216 2516 293 2546 Gen.
315 2525 404 2552 xvni,
423 2516 465 2551 83
495 2513 614 2552 Tobiae,
634 2525 693 2553 xu,
720 2524 826 2554 19.-—
851 2513 866 2539 4
887 2513 1121 2553 Mattl1.1v‚2,
1141 2517 1174 2543 et
1193 2524 1234 2552 ir,
1261 2524 1308 2544 ιι.
