1790 3187
360 228 414 257 ns
447 229 550 254 oc‘ro
584 228 770 254 nime-:Tu
804 228 1133 264 Qqus‘rioNiBus.
1359 220 1443 259 235

54 292 272 340 defunctis
294 292 498 336 omnibus
521 292 791 342 offeruntur,
814 308 892 351 pro
915 293 1040 338 valde
1058 292 1182 338 bonis
1207 294 1444 352 gratiarum

53 365 246 411 actiones
266 372 382 417 sunt‚
404 378 482 422 pro
501 379 590 407 non
604 362 730 407 valde
744 363 866 407 malis
883 364 1209 422 propitiationes
1226 375 1343 420 sunt,
1366 382 1444 425 pro

53 435 177 480 valde
202 433 347 487 malis,
380 433 544 478 etiamsi
577 432 697 477 nulla
728 443 830 478 sunt
865 434 1117 494 adjumenta
1139 445 1441 491 mortuorum,

51 504 392 566 qualescumque
409 504 608 548 vivorum
629 503 945 549 consolationes
963 516 1079 550 sunt.
1106 506 1276 559 Quibus
1297 517 1442 551 autem

52 583 255 637 prosunt,
282 583 358 618 aut
380 574 431 619 ad
464 575 546 618 hoc
564 584 764 633 prosunt,
790 585 838 619 ut
863 576 917 619 sit
956 576 1083 635 plena
1118 577 1339 634 remissio,
1367 588 1443 623 aut

51 656 166 692 certe
187 655 237 690 ut
256 645 524 690 tolerabilior
545 647 620 690 fiat
642 646 734 706 ipsa
756 647 995 692 damnatio.

106 720 304 771 Qum-sno
344 720 424 762 111.
452 745 509 751 —
543 720 585 761 1Ο
621 718 762 762 Tertia
798 727 872 763 tua
900 719 1085 779 quaestio
1112 729 1202 775 est,
1233 738 1253 762 «
1288 722 1445 765 Utrum

47 789 190 835 statim
215 789 258 833 in
282 789 475 834 adventu
500 790 671 834 Domini
693 790 962 834 credendum
979 791 1034 834 sit
1055 789 1255 834 futurum
1274 807 1364 835 esse
1377 793 1447 852 ju-

46 860 208 906 dicium
224 895 235 916 ‚
260 876 316 905 an
339 861 478 920 spatio
502 860 764 919 interposito
787 861 1007 919 temporis.
1033 880 1053 902 «
1075 864 1125 904 In
1149 863 1273 921 cujus
1290 862 1447 906 diebus

49 949 70 974 »
96 931 330 981 adventus,
363 931 571 990 quoniam
594 930 802 988 legimus,
825 930 986 990 inquis,
1012 930 1134 991 quod
1156 933 1232 991 qui
1263 948 1444 991 supera-

50 1021 71 1045 »
96 1003 234 1057 bunt,
260 1003 486 1061 rapientur
512 1002 554 1044 in
582 1001 776 1045 nubibus
809 1002 981 1045 obviam
1008 1003 1180 1047 Christo
1202 1003 1245 1046 in
1270 1007 1383 1057 aera,
1405 1015 1444 1048 et

49 1091 69 1116 »
95 1073 153 1117 sic
172 1088 342 1132 semper
358 1088 459 1117 cum
483 1073 666 1116 Domino
689 1072 825 1117 futuri
848 1081 951 1115 sunt
967 1075 979 1098 1
1009 1092 1019 1118 ;
1041 1093 1058 1114 »
1078 1089 1201 1117 nosse
1215 1074 1439 1131 desidero,

45 1153 191 1189 utrum
220 1160 318 1188 mox
337 1144 552 1204 judicium
580 1144 815 1188 comitetur
843 1143 1106 1203 adventum3
1143 1155 1186 1190 et
1212 1146 1241 1189 ii
1277 1146 1353 1206 qui
1378 1163 1442 1191 ra-

14 1218 15 1221 ’
44 1217 220 1277 pientur
240 1217 285 1260 in
310 1217 472 1271 nubes,
499 1232 552 1260 an
582 1217 806 1260 solvantur
828 1217 872 1259 in
896 1219 1108 1260 mortem?
1143 1217 1223 1261 nisi
1251 1216 1363 1262 forte
1389 1218 1443 1263 ad

13 1293 16 1329 ὲ
45 1287 180 1333 vicem
212 1288 360 1331 mortis
390 1288 525 1346 ipsam
550 1286 898 1331 immutationem
921 1287 1158 1332 debeamus
1182 1290 1394 1348 accipere.
1421 1309 1438 1331 »

102 1362 162 1402 2⁰.
196 1359 306 1403 Huic
329 1359 660 1418 interrogationi
686 1369 788 1414 tuoe,
816 1376 900 1419 qua
926 1359 1106 1419 quaeris,
1128 1370 1276 1403 utrum
1301 1361 1344 1403 in
1365 1360 1444 1405 ad-

13 1459 15 1473 2
47 1440 180 1476 ventu
208 1431 375 1474 Domini
397 1447 495 1474 mox
512 1430 780 1475 credendum
801 1432 853 1474 sit
875 1431 1074 1475 futurum
1103 1432 1439 1492 essejudieium‚

44 1511 152 1563 puto
182 1502 371 1546 sufficiat
398 1503 504 1546 fioes
531 1502 746 1560 Symboli,
779 1520 864 1563 qua
885 1504 1147 1547 confitemur
1170 1505 1394 1548 Christum
1418 1520 1442 1548 a

46 1574 156 1618 Pati
151 1589 180 1617 is
219 1574 397 1617 dextera
434 1589 524 1617 esse
546 1583 779 1618 venturum
805 1574 859 1618 ad
882 1574 1003 1618 vivos
1029 1585 1071 1618 et
1096 1585 1290 1620 m01tuos
1320 1576 1442 1636 judi-

5 1624 17 1691 l
47 1644 222 1689 candos.
249 1646 361 1689 Cum
388 1661 492 1704 ergo
516 1646 603 1704 ipsa
633 1646 687 1689 sit
715 1646 752 1688 ei
777 1662 903 1689 eausa
935 1646 1160 1700 veniendi,
1184 1647 1291 1706 quid
1324 1647 1444 1691 aliud

49 1725 221 1760 aeturus
240 1725 304 1760 est
333 1732 432 1759 mox
455 1726 500 1759 ut
524 1716 704 1769 venei-‚it
732 1717 811 1759 nisi
840 1727 1018 1775 propter
1041 1718 1160 1776 quod
1185 1718 1354 1761 veniet?
1384 1722 1443 1762 De

48 1785 128 1831 illis
148 1797 292 1830 autem
313 1787 389 1846 qui
410 1787 632 1844 rapientur
649 1788 690 1829 in
710 1787 902 1830 nubibus
921 1823 930 1841 ‚
956 1788 998 1830 in
1020 1787 1208 1847 quadam
1240 1789 1439 1848 epistola,

9 1872 12 1885 ¹
47 1874 176 1917 quam
198 1858 345 1916 scripsi
363 1858 415 1900 ad
437 1858 572 1901 fitium
596 1874 739 1901 meum
761 1858 938 1901 nomine
960 1862 1265 1913 mercatorem,
1288 1859 1441 1918 procul

49 1928 184 1972 dubio
207 1929 478 1972 notissimum
504 1929 640 1982 vobis,
662 1944 760 1972 cum
787 1944 854 1971 me
872 1928 1161 1973 consuluisset
1184 1930 1238 1972 de
1260 1932 1442 1989 quibus-

49 1998 146 2044 dam
179 2001 495 2060 quaestionibus
536 2000 867 2058 pelagianorum
887 2036 897 2055 ‚
943 2001 1019 2060 qui
1056 2011 1217 2060 negant
1256 2013 1440 2046 mortem

6 2083 13 2134 f,
50 2081 226 2130 peccato
248 2088 337 2115 esse
359 2072 633 2125 retributam,
660 2081 876 2130 quatenus
907 2071 1238 2130 disputaverim,
1264 2073 1308 2116 in
1332 2073 1440 2117 sub—

6 2142 12 2188 i
52 2141 148 2185 ditis
168 2140 275 2199 lege.
306 2141 374 2185 Illi
397 2152 541 2185 autem
555 2146 588 2196 2,
614 2144 792 2200 inquam
809 2177 819 2197 ‚
850 2143 904 2186 de
932 2143 1095 2202 quibus
1119 2144 1227 2187 dixit
1252 2148 1440 2203 Aposto-

51 2211 132 2266 lus,
157 2229 255 2257 cum
291 2212 546 2274 loqueretur
577 2213 633 2257 de
656 2215 972 2258 resurrectione
998 2225 1296 2269 mortuorum,
1335 2235 1350 2255 «
1386 2219 1442 2261 Et

57 2303 75 2326 »
100 2300 177 2328 nos
200 2285 389 2328 viventes
403 2285 477 2344 qui
498 2284 651 2345 reliqui
667 2301 831 2339 sumus,
848 2286 977 2329 simul
999 2302 1098 2330 eum
1120 2286 1199 2329 illis
1223 2288 1441 2345 rapiemur

57 2375 75 2398 »
99 2357 143 2400 in
164 2358 356 2401 nubibus
378 2359 549 2401 obviam
574 2357 748 2402 Christo
770 2358 812 2401 in
837 2361 955 2411 a'e'ra,
988 2367 1031 2401 et
1058 2358 1116 2400 ita
1140 2374 1309 2417 semper
1337 2374 1438 2402 cum

58 2446 75 2468 »
101 2429 286 2473 Domino
314 2429 515 2485 erinius3‚
544 2450 560 2469 »
594 2429 786 2472 afferunt
815 2428 992 2488 quidem
1025 2427 1191 2488 aliquid
1228 2431 1438 2489 quaestio-

97 2535 108 2550 ¹
131 2540 143 2560 1
172 2529 281 2561 Thess.
309 2540 360 2569 iv,
392 2541 440 2572 17.
459 2547 499 2553 -—
517 2536 530 2552 ²
550 2532 594 2562 Ex
622 2527 720 2572 Epist.
752 2541 868 2563 cxcxut
885 2555 894 2572 ,
926 2530 965 2562 ad
988 2531 1210 2564 Mercatorem
1235 2542 1295 2574 cap
1341 2531 1372 2571 4.
1392 2550 1434 2555 --

56 2582 68 2606 3
91 2595 102 2615 1
127 2584 303 2624 Thess.1v,
328 2596 377 2625 ¹7-
