1790 3187
372 213 426 240 DE
457 213 561 239 ocTo
592 212 778 239 mmcrrn
813 212 1142 247 Qtfflzsrioxmus.
1369 203 1450 242 231

73 297 94 321 »
119 278 164 322 in
187 278 330 337 ignem
359 280 612 321 aeternuni¹.
649 295 669 318 »
697 279 799 322 Haec
822 277 877 321 de
900 278 1074 324 duobus
1101 278 1320 339 opusculis
1351 281 1458 325 meis

16 379 18 381 >
71 349 170 396 satis
187 357 294 408 puto
308 349 538 409 quaestioni
556 358 643 393 tuae
660 347 790 393 fuisse
810 364 1029 408 responsa.

132 422 220 464 14⁰.
244 423 304 464 De
323 421 395 464 illa
419 436 521 464 vero
543 421 756 465 sententia
780 421 978 476 Domini,
1015 439 1035 464 «
1056 423 1153 466 Non
1183 420 1294 465 exies
1323 420 1428 466 inde
1444 457 1458 478 ,

73 510 94 536 1)
119 491 256 536 donec
287 491 440 537 reddas
469 494 751 537 novissimum
779 494 1067 552 quadrantem
1083 496 1115 538 2.
1151 511 1172 534 »
1199 493 1464 553 respondere

69 562 176 608 mihi
199 578 371 607 necesse
387 579 475 607 non
494 562 600 618 fuit,
625 563 834 623 quoniam
853 574 900 608 tu
917 565 1008 623 ipse
1022 564 1308 624 quaestionem
1333 563 1463 608 simili

70 649 122 680 ex
141 633 380 693 Evangelio
401 634 624 681 locutione
651 635 839 690 solvisti,
867 635 944 680 ubi
967 637 1176 695 scriptum
1195 644 1288 690 est,
1318 654 1338 678 «
1364 638 1463 680 Non

73 723 93 748 »
118 705 325 763 cognovit
347 721 442 750 eam
461 741 473 761 ‚
494 705 636 750 donec
654 706 872 766 peperitss.
902 725 922 748 »
951 708 1063 751 Sane
1084 715 1134 750 ut
1155 721 1245 750 non
1264 714 1306 750 te
1325 705 1462 751 celem

68 775 124 820 de
143 776 226 821 hac
247 792 291 820 re
313 777 619 836 cogitationem
642 792 783 821 meam
801 812 812 832 ,
837 776 996 820 vellem
1015 777 1049 820 si
1069 777 1160 820 fieri
1178 787 1351 836 posset3
1374 778 1464 821 imo

67 862 170 892 vero
191 845 292 892 volo
309 883 320 903 ‚
345 849 380 893 si
398 848 491 892 fieri
511 857 680 907 potest,
702 848 747 891 in
766 848 848 891 hac
866 847 1108 906 quaestione
1131 848 1312 891 veritate
1332 863 1459 906 supe-

67 917 167 962 rari.
193 917 307 962 Illud
333 918 450 962 enim
472 917 593 978 quod
615 917 801 971 dicitur,
827 917 1117 977 quandoque,
1143 917 1221 961 etsi
1244 926 1339 975 post
1362 916 1463 976 plu-

68 987 225 1032 rimum
258 989 486 1048 temporis,
512 1004 584 1032 eos
613 988 688 1048 qui
722 988 768 1031 in
791 986 1003 1031 catholica
1028 987 1342 1032 communione
1364 1003 1462 1032 1110-

69 1058 263 1114 riuntur,
284 1060 483 1119 quamvis
498 1075 636 1120 usque
653 1059 697 1103 in
717 1059 848 1102 finem
867 1059 969 1102 vitae
987 1060 1117 1118 hujus
1133 1059 1465 1117 flagitiosissime

69 1138 112 1174 et
137 1128 462 1174 sceleratissime
488 1131 698 1186 vixerint,
731 1129 786 1173 de
816 1130 956 1189 poenis
984 1130 1216 1175 ultricibus
1247 1131 1462 1186 exituros,

67 1199 322 1247 familiarius
350 1218 498 1246 meum
530 1203 668 1260 tangit
699 1201 936 1257 affectum,
966 1217 1099 1262 quem
1117 1201 1329 1246 habemus
1358 1217 1461 1260 erga

69 1287 167 1327 eos,
203 1273 279 1333 qui
307 1274 537 1318 nobiscum
571 1274 763 1333 corporis
793 1283 836 1318 et
869 1273 1089 1332 sanguinis
1127 1273 1290 1317 Christi
1324 1288 1466 1317 sacra-

68 1353 215 1388 menta
253 1346 579 1389 communicant
600 1366 610 1402 3
655 1346 853 1405 quamvis
898 1360 1049 1389 eorum
1092 1360 1236 1388 mores
1275 1343 1468 1403 perditos

70 1415 288 1460 oderimus
310 1451 320 1470 ,
357 1432 466 1475 quos
496 1416 723 1475 disciplina
762 1415 1063 1460 Ecclesiastica
1107 1415 1340 1459 emendare
1376 1430 1467 1459 non

70 1501 296 1546 possumus
312 1522 322 1541 ‚
347 1496 422 1530 aut
455 1503 477 1530 a
501 1503 648 1531 mensa
677 1488 900 1531 Dominiea
923 1502 1123 1546 separare
1150 1505 1159 1531 ε
1184 1486 1259 1530 sed
1283 1502 1332 1530 ea
1354 1487 1467 1530 veri-

69 1565 156 1601 tate
168 1558 281 1602 vinci
297 1557 415 1612 volo,
438 1574 537 1617 (111ae
555 1558 682 1602 sacris
700 1558 872 1601 Litteris
887 1558 1163 1616 apertissimis
1183 1573 1272 1601 non
1288 1558 1460 1602 resistit.

13 1650 16 1659 ’
68 1630 164 1674 Non
195 1629 307 1672 enim
332 1645 431 1688 quae
455 1629 639 1684 resistit,
666 1628 851 1672 dicenda
874 1638 936 1673 est
959 1628 1047 1672 ulla
1073 1630 1241 1672 ratione
1268 1629 1428 1673 veritas
1450 1663 1462 1683 ‚

12 1691 15 1706 ³
71 1698 138 1744 vel
179 1700 389 1759 putanda.
431 1700 514 1745 Sed
546 1700 719 1744 interim
761 1699 901 1744 donec
929 1700 1158 1744 audiamus
1187 1699 1273 1743 tale
1297 1698 1464 1759 aliquid

10 1806 13 1812 .
68 1780 144 1815 aut
165 1769 359 1828 legamus
376 1806 386 1825 ‚
415 1771 710 1815 auscultemus
733 1771 770 1814 ei
798 1771 874 1830 qui
896 1771 1000 1814 (11011
1030 1789 1039 1814 :
1077 1790 1096 1812 «
1124 1770 1268 1815 Nolite
1289 1786 1433 1814 errare
1449 1805 1460 1824 ‚

9 1859 13 1878 ε
71 1859 92 1882 >›
118 1857 260 1901 neque
292 1841 601 1896 fornicatores,
638 1857 781 1901 neque
805 1840 932 1886 idolis
962 1841 1195 1885 servientes
1216 1876 1227 1896 ‚
1253 1850 1334 1885 etc.
1362 1856 1464 1900 reg-

8 1931 13 1938 ’
71 1930 92 1953 i)
117 1928 225 1955 num
251 1912 325 1955 Dei
343 1912 627 1972 possidebunt
642 1914 674 1956 ⁴.
699 1931 718 1953 η
741 1912 850 1965 Quia
869 1912 902 1956 si
924 1911 1025 1956 talia
1045 1921 1174 1967 sunt,
1197 1928 1297 1972 quae
1311 1921 1464 1956 contra

9 1999 12 2003 ·
69 1983 276 2028 dicuntur
295 2020 305 2039 ‚
330 1994 380 2028 ut
408 1985 566 2028 horum
588 1984 823 2028 verborum
847 1982 1184 2043 apostolicorum
1208 1983 1461 2028 manifesta-

9 2084 11 2095 2
71 2055 230 2100 tionem
255 2056 299 2099 in
321 2056 426 2099 alios
457 2071 604 2099 sensus
628 2056 788 2099 ducere
813 2064 1058 2114 nequeant,
1086 2055 1283 2114 profecto
1306 2055 1462 2099 adver-

71 2143 140 2172 sus
162 2144 210 2172 ea
231 2144 308 2172 nos
332 2130 555 2182 instruxit,
574 2137 614 2172 et
631 2137 800 2186 paratos
823 2143 912 2171 esse
933 2127 1073 2172 voluit
1090 2128 1204 2171 idem
1228 2127 1464 2186 Apostolus

72 2200 217 2244 dicens
242 2219 250 2245 :
275 2219 295 2242 «
316 2202 410 2244 Hoc
427 2210 571 2244 autem
592 2200 744 2243 scitote
762 2199 1074 2258 intelligentes,
1096 2200 1301 2258 quoniam
1322 2199 1464 2243 omnis

75 2290 94 2313 11
120 2271 357 2316 fornicator
375 2307 385 2326 ,
416 2281 490 2315 aut
518 2271 772 2314 immundus
789 2306 799 2322 ‚
826 2281 900 2314 aut
933 2286 1108 2325 avarus,
1135 2270 1255 2330 quod
1278 2280 1342 2314 est
1363 2271 1462 2314 ido-

74 2360 95 2385 »
119 2342 261 2387 lorum
279 2343 461 2387 servitus
479 2378 489 2396 ‚
510 2358 599 2385 non
617 2343 751 2386 habet
770 2342 1068 2386 haereditatem
1088 2341 1130 2384 111
1150 2356 1285 2399 regno
1299 2341 1462 2386 Christi

77 2431 96 2454 »
120 2423 163 2458 et
189 2414 275 2458 Dei.
297 2417 434 2460 Nemo
452 2430 526 2458 vos
549 2413 727 2459 seducat
745 2414 948 2477 inaiiilgtis
970 2412 1111 2456 verbis
1127 2415 1157 2456 ⁵.
1183 2431 1201 2453 »
1225 2415 1335 2457 Cum
1359 2428 1462 2471 ergo

121 2524 129 2540 ¹
150 2517 261 2549 Matth.
292 2529 366 2556 xxv,
388 2516 440 2558 34.
464 2536 495 2540 -
513 2524 525 2539 ²
545 2518 591 2549 td.
618 2529 651 2558 v,
677 2515 871 2550 13.—31‹.l.
898 2528 921 2557 1,
940 2515 994 2548 ¹25.
1009 2514 1076 2545 -4
1100 2528 1109 2547 1
1132 2518 1204 2548 Cor.
1224 2527 1266 2553 vi,
1286 2527 1307 2557 ς)
1323 2520 1357 2547 ct
1372 2526 1459 2557 seqq.

76 2590 115 2596 —
130 2572 143 2596 5
164 2573 277 2616 Ephes.
300 2586 333 2611 v,
359 2574 378 2604 5
397 2579 429 2605 et
447 2575 480 2605 Γ»,
