1790 3187
593 241 787 267 ΕΡιετοιΑ
826 242 946 268 xxix.
1378 227 1461 267 349

79 324 97 344 »
132 320 262 364 opera
294 305 458 358 carnis,
498 320 598 364 quae
636 314 738 348 sunt
771 305 1077 350 fornicationes
1098 339 1108 359 ,
1140 304 1460 358 immunditiae,

77 393 96 416 »
131 374 329 428 luxuriae,
359 374 578 419 idolorum
606 377 804 430 servitus,
828 377 1055 432 veneficia,
1079 376 1332 431 inimicitiae,
1358 392 1464 421 con-

76 464 96 487 »
128 446 358 500 tentiones,
384 446 698 501 aemulationes,
720 447 1029 502 animositates,
1051 447 1351 502 dissentiones,
1379 447 1463 491 hae-

77 535 95 557 «
127 531 260 570 reses,
286 516 485 571 invidiae,
517 517 770 573 ebrietates,
810 518 1168 571 comessationes,
1194 528 1237 562 et
1259 518 1324 562 his
1346 518 1464 562 simi-

75 604 94 627 »
128 586 183 630 lia
209 607 220 644 3
243 603 342 647 quae
363 587 554 646 praedico
583 588 735 643 vobis,
778 590 886 634 sieut
922 589 1127 649 praedixi,
1158 589 1363 650 quoniam
1388 588 1464 648 qui

73 676 92 699 υ
125 657 226 702 talia
257 668 394 717 agunt
421 674 604 718 regnum
629 661 703 703 Dei
733 676 821 705 non
846 660 1129 719 possidebunt
1146 664 1175 704 ¹.
1201 680 1220 702 »
1244 664 1346 705 Post
1365 675 1465 720 quae

70 730 201 774 verba
234 730 524 788 interrogavi,
552 732 776 791 quomodo
805 733 860 776 de
898 732 1046 777 fructu
1069 733 1290 777 ebrietatis
1313 747 1465 791 agnos-

70 816 267 846 ceremur
293 802 556 857 Christiani,
591 818 699 863 quos
723 804 777 847 dc
806 803 1022 848 fructibus
1051 804 1222 862 agnosci
1256 803 1465 848 Dominus

65 874 206 934 jussit.
229 873 562 933 Adjunxietiam
586 874 823 934 legendum
843 875 962 934 quod
982 877 1203 934 sequitur:
1231 895 1250 917 «
1277 878 1466 919 Fructus

72 962 91 985 »
113 953 256 987 autem
274 945 457 1003 Spiritus
480 954 543 988 est
560 945 762 999 charitas,
780 946 1004 1003 gaudium,
1023 961 1120 1005 pax,
1137 944 1462 1004 longanimitas,

71 1032 91 1055 ))
113 1014 374 1073 benignitas,
402 1015 590 1069 bonitas,
614 1016 736 1070 fides,
759 1015 1067 1071 mansuetudo,
1095 1015 1364 1061 continentia
1379 1020 1412 1061 ².
1440 1035 1461 1059 »

68 1086 236 1146 Egique
266 1095 314 1129 ut
341 1085 696 1141 considerarent,
733 1102 864 1147 quam
898 1096 1006 1131 esset
1040 1087 1298 1147 pudendum
1334 1098 1465 1149 atque

68 1155 386 1216 plangendum,
415 1157 536 1217 quod
571 1157 622 1201 de
658 1157 742 1202 illis
768 1157 986 1203 fructibus
1020 1159 1158 1203 earnis
1196 1175 1285 1204 non
1322 1159 1465 1204 solum

66 1227 270 1286 privatim
293 1228 453 1283 vivere,
488 1227 563 1272 sed
583 1229 713 1272 etiam
744 1229 954 1272 honorem
978 1229 1182 1273 Ecclesiae
1203 1228 1373 1274 deferre
1391 1246 1464 1275 cu-

66 1310 236 1360 perent,
253 1309 295 1344 et
309 1301 342 1344 si
362 1310 551 1360 potestas
575 1300 768 1355 daretur,
796 1310 939 1345 totum
961 1310 1050 1345 tam
1075 1317 1246 1361 magnae
1277 1301 1465 1347 basilicae

67 1372 253 1429 spatium
282 1372 421 1415 turbis
446 1371 718 1430 epulantium
744 1371 1054 1432 ebriorumque
1077 1371 1350 1431 complerent
1375 1392 1384 1417 ε
1411 1372 1465 1417 de

67 1441 366 1501 spiritualibus
383 1450 526 1485 autem
544 1441 773 1496 fructibus,
793 1443 846 1486 ad
865 1458 974 1502 quos
995 1452 1037 1486 et
1059 1442 1304 1486 divinarum
1326 1443 1466 1503 Serip-

68 1522 263 1557 turarum
308 1513 565 1557 auctoritate
604 1522 647 1557 et
687 1513 844 1558 nostris
881 1514 1115 1572 gemitibus
1150 1515 1461 1569 invitarentur,

12 1604 13 1608 ¹
68 1584 225 1629 nolunt
249 1586 405 1628 afferre
437 1588 525 1629 Deo
548 1600 747 1641 munera,
773 1594 815 1629 et
850 1585 915 1628 his
941 1586 1216 1644 potissimum
1244 1585 1464 1631 celebrare

67 1655 175 1700 festa
201 1659 474 1701 Sanctorum.

127 1729 227 1771 vll.
264 1729 431 1781 Quibus
471 1728 654 1787 peractis
696 1726 890 1772 codicem
932 1728 1104 1773 reddidi
1129 1763 1138 1784 ,
1178 1737 1221 1772 et
1255 1729 1466 1788 imperata

69 1801 264 1844 oratione
282 1835 292 1854 ,
318 1809 533 1860 quantum
558 1799 699 1854 valui,
725 1809 768 1844 et
792 1810 1006 1860 quantum
1032 1816 1101 1844 me
1130 1801 1272 1860 ipsum
1292 1801 1464 1860 pericu-

15 1881 18 1950 Ι
68 1871 160 1915 lum
185 1872 392 1931 urgebat,
419 1881 462 1916 et
484 1873 594 1916 vires
618 1872 919 1916 administrare
940 1874 1149 1917 Dominus
1172 1873 1461 1931 dignabatur,

15 1951 18 1958 ’
69 1944 274 1988 constitui
293 1943 351 1986 eis
373 1952 472 1986 ante
493 1942 643 1987 oeulos
666 1958 900 1987 commune
922 1944 1183 2003 perieulum,
1209 1953 1252 1986 et
1268 1943 1462 2001 ipsorum

69 2014 143 2074 qui
167 2014 292 2058 nobis
326 2014 542 2058 commissi
563 2023 723 2068 essent,
749 2023 792 2057 et
814 2023 1011 2059 nostrum
1042 2015 1118 2075 qui
1142 2015 1197 2058 de
1220 2013 1303 2057 illis
1331 2013 1462 2058 ratio-

70 2100 170 2129 nem
193 2085 405 2129 reddituri
425 2100 614 2129 essemus
638 2094 862 2144 pastorum
897 2085 1111 2144 principi,
1136 2100 1214 2144 per
1237 2085 1360 2144 cujus
1384 2085 1464 2128 hu-

73 2155 296 2201 militatem
317 2192 327 2211 ,
352 2156 539 2215 insignes
567 2156 854 2201 contumelias
875 2191 884 2211 ,
911 2156 1080 2216 alapas,
1106 2165 1149 2200 et
1173 2165 1299 2215 sputa
1322 2157 1368 2199 in
1393 2155 1464 2200 fa·-

73 2227 197 2282 ciem,
229 2238 271 2273 et
293 2227 480 2287 palmas,
502 2237 545 2272 et
566 2231 759 2288 spineam
783 2243 1006 2282 coronam,
1033 2237 1076 2272 et
1097 2242 1270 2271 crucem
1295 2242 1343 2270 ac
1365 2242 1461 2270 san-

71 2299 245 2359 guinem
270 2300 493 2343 obsecravi
516 2334 526 2354 ,
553 2309 601 2344 ut
623 2299 657 2343 si
687 2314 732 2343 se
754 2300 834 2359 ipsi
863 2297 1027 2358 aliquid
1050 2297 1333 2342 ostendissent
1351 2333 1361 2353 ,
1392 2297 1463 2342 vel

71 2373 202 2416 nostri
225 2373 547 2426 misererentur,
572 2380 614 2415 et
629 2372 871 2430 cogitarent
893 2370 1151 2414 venerabilis
1175 2370 1285 2414 senis
1304 2368 1463 2413 Valerii

69 2442 178 2487 cirea
196 2458 265 2486 me
282 2442 547 2486 ineffabilem
572 2443 823 2486 charitatem
839 2477 849 2496 ,
869 2442 944 2501 qui
967 2441 1072 2484 mihi
1092 2440 1305 2485 tractandi
1330 2440 1462 2485 verba

70 2514 256 2558 veritatis
281 2524 364 2557 tam
391 2512 682 2574 periculosum
706 2529 816 2558 onus
847 2529 935 2557 non
959 2512 1168 2557 dubitarit
1191 2522 1368 2572 propter
1390 2526 1461 2556 eos

12 2553 16 2638 i
122 2603 128 2620 ¹
153 2598 208 2631 Gal
246 2610 404 2641 V,19.-
421 2605 433 2621 ²
457 2598 538 2631 ibid.
558 2608 611 2631 2¹2.

13 2669 15 2703 Ι

13 2746 15 2762 l
