1790 3187
367 157 447 197 174
788 168 822 194 s.
858 165 1087 194 mausum
1120 166 1302 194 EPlscorl
1759 133 1762 220 ξ

424 237 511 278 16⁰.
546 234 618 278 Ait
658 233 773 276 enim
813 230 944 290 paulo
985 241 1085 276 ante
1100 266 1112 287 ,
1157 250 1175 271 «
1215 230 1333 284 Quid
1369 243 1470 288 ergo
1507 229 1697 277 dicemus
1716 235 1734 278 Ρ

364 322 384 345 »
409 303 634 362 Numquid
656 301 860 361 iniquitas
882 311 945 346 est
968 302 1085 361 apud
1109 303 1273 345 Deum?
1295 300 1433 345 Absit
1459 318 1479 341 »
1520 301 1582 345 Sit
1608 300 1759 360 igitur

362 374 444 418 hoc
466 375 598 417 fixum
628 381 758 431 atque
782 371 1035 416 immobile
1026 387 1070 415 m
1099 380 1245 415 mente
1265 371 1407 415 sobria
1431 371 1588 429 pietate
1610 372 1759 431 atque

360 443 532 488 stabili
523 459 567 486 in
590 442 698 496 fide,
722 441 842 502 quod
864 441 983 486 nulla
1013 451 1075 486 est
1097 442 1300 502 iniquitas
1328 441 1445 500 apud
1469 443 1646 486 Deum.
1670 450 1733 486 at-

360 530 445 574 que
477 515 535 557 ita
571 512 838 557 tenacissime
882 513 1210 571 firmissimeque
1248 511 1451 556 credatur
1472 545 1484 566 ,
1528 511 1573 555 id
1598 511 1733 570 ipsum

359 583 478 643 quod
507 587 620 628 Deus
651 583 776 641 cujus
803 581 900 626 vult
925 582 1150 626 miseretur
1174 591 1216 625 et
1243 597 1374 641 quem
1401 581 1498 625 vult
1520 579 1731 638 obdurat,

360 653 442 698 hoc
468 662 553 708 est,
583 653 707 712 cujus
729 651 825 695 vult
846 650 1071 695 miseretur
1095 661 1137 696 et
1165 652 1285 711 cujus
1311 667 1399 696 non
1423 650 1520 695 vult
1546 666 1634 694 non
1656 650 1733 695 mi·
1754 653 1756 680 ²

359 734 541 777 seretur,
566 737 656 767 esse
681 722 862 781 alicujus
898 723 1081 767 occultae
1101 731 1232 782 atque
1255 723 1309 766 ab
1342 723 1534 766 humano
1562 721 1734 768 modulo

362 793 672 850 investigabilis
693 792 908 851 aequitatis
923 827 934 847 ,
960 808 1058 852 quae
1080 793 1125 835 in
1146 793 1247 851 ipsis
1276 792 1403 836 rebus
1428 790 1629 836 humanis
1651 799 1734 836 ter-

360 865 560 923 renisque
571 863 867 907 contractibus
877 862 1261 907 animadvertenda
1272 872 1334 906 est
1346 883 1356 920 3
1369 863 1414 906 in
1423 862 1580 921 quibus
1589 861 1734 906 nisisu-
1752 854 1754 867 ⁵

360 949 505 992 pernae
518 934 696 994 justitiae
714 933 914 993 quaedam
932 934 1136 993 impressa
1155 934 1329 992 vestigia
1353 942 1610 987 teneremus,
1631 947 1734 977 nun-

358 1020 489 1063 quam
515 1005 560 1047 in
592 1004 734 1062 ipsum
763 1003 908 1048 cubile
929 1020 978 1048 ac
1007 1003 1225 1063 penetrale
1263 1003 1577 1047 sanctissimum
1611 999 1753 1062 atque¹

357 1074 642 1118 castissimum
670 1074 924 1133 spiritalium
951 1083 1269 1133 praeceptorum
1297 1082 1454 1117 nostrae
1481 1071 1734 1118 infirmitatis

357 1145 594 1202 suspiceret
616 1154 747 1203 atque
768 1144 953 1187 inhiaret
976 1143 1174 1188 intentio.
1200 1163 1220 1185 «
1243 1144 1361 1187 Beati
1381 1143 1458 1202 qui
1482 1143 1676 1189 esuriunt
1696 1151 1734 1187 et

360 1231 380 1253 »
405 1214 555 1258 sitiunt
571 1215 808 1273 justitiam,
833 1214 1040 1274 quoniam
1063 1215 1142 1273 ipsi
1159 1215 1472 1258 saturabuntur
1489 1215 1516 1255 ¹.
1548 1231 1566 1254 n
1595 1212 1750 1262 Inista'

356 1284 485 1341 igitur
502 1286 690 1330 siccitate
711 1285 809 1328 vitae
831 1284 1178 1344 conditionisque
1196 1284 1387 1328 mortalis
1402 1318 1413 1338 ,
1440 1283 1518 1327 nisi
1539 1296 1730 1342 asperge·
1748 1281 1750 1336 ἷ

356 1363 475 1397 retur
494 1354 678 1414 desuper
697 1354 815 1398 velut
840 1354 1086 1398 tenuissima
1108 1355 1311 1414 quaedam
1329 1369 1432 1397 aura
1450 1353 1650 1413 justitiae,
1674 1351 1749 1404 ci-¹

359 1425 440 1468 tius
456 1441 742 1469 aresceremus
758 1459 768 1479 ,
790 1441 920 1485 quam
937 1426 1165 1469 sitiremus.
1186 1427 1461 1484 Quapropter
1477 1439 1576 1468 cum
1592 1421 1730 1468 dando

354 1504 398 1538 et
434 1496 685 1554 accipiendo
723 1497 834 1539 inter
868 1511 912 1539 se
946 1495 1172 1539 hominum
1207 1496 1384 1539 societas
1416 1502 1726 1550 connectatur,

354 1566 513 1610 dentur
536 1576 679 1611 autem
707 1575 749 1610 et
780 1566 1045 1625 accipiantur
1071 1565 1137 1610 vel
1166 1566 1313 1610 debita
1344 1565 1413 1610 vel
1442 1581 1530 1610 non
1562 1565 1747 1622 debita,

353 1637 449 1695 quis
490 1653 578 1680 non
616 1637 759 1680 videat
790 1637 1026 1696 iniquitatis
1063 1637 1185 1694 argui
1221 1636 1439 1679 neminem
1473 1651 1616 1694 posse,
1656 1635 1746 1695 qui:

353 1708 473 1767 quod
494 1708 573 1751 sibi
595 1708 780 1751 debetur
795 1742 805 1762 ,
831 1708 1043 1765 exegerit?
1071 1722 1150 1750 nec
1171 1722 1271 1750 eum
1294 1715 1432 1761 certe,
1455 1707 1530 1765 qui
1552 1704 1672 1766 quod
1691 1705 1726 1750 ei
1744 1699 1745 1702 Ἴ

353 1777 539 1822 debetur
556 1812 566 1832 ,
592 1776 754 1820 donare
775 1776 995 1820 voluerit?
1018 1777 1100 1821 hoc
1123 1786 1268 1820 autem
1290 1791 1378 1820 non
1400 1791 1488 1820 esse
1511 1776 1554 1819 in
1580 1789 1724 1819 eorum
1743 1765 1745 1769 Α
1788 1814 1789 1818 ,

352 1847 427 1907 qui
450 1848 667 1891 debitores
688 1856 811 1899 sunt,
835 1846 909 1890 sed
932 1847 975 1889 in
999 1847 1090 1906 ejus
1112 1847 1179 1890 cui
1201 1846 1386 1890 debetur
1406 1845 1607 1890 arbitrio?
1627 1847 1743 1903 Haec
1786 1867 1790 1893 ς

352 1919 516 1975 imago,
545 1917 636 1972 vel,
669 1927 717 1960 ut
740 1933 866 1976 supra
892 1917 1000 1970 dixi,
1038 1918 1265 1976 vestigium
1292 1917 1474 1975 negotiis
1501 1908 1742 1979 hominumj
1787 1938 1790 1962 i

353 1988 406 2032 de
428 1987 597 2047 fastigio
629 2002 797 2031 summo
823 1988 1038 2046 aequitatis
1068 1988 1320 2046 impressum
1347 1996 1424 2030 est.
1459 1989 1569 2031 Sunt
1598 1983 1742 2045 igiturJ
1787 2016 1789 2023 ‚

351 2073 500 2102 omnes
536 2058 756 2111 homines,
795 2057 1200 2117 (quandoquidem,
1234 2066 1282 2101 ut
1313 2057 1545 2116 Apostoius
1572 2057 1646 2101 ait.
1677 2058 1724 2100 In
1787 2089 1788 2092 ,

352 2127 490 2171 Adam
514 2143 662 2171 omnes
686 2128 983 2182 moriuntur²,
1004 2144 1027 2171 a
1049 2144 1136 2188 quo
1158 2128 1202 2171 in
1225 2128 1469 2172 universum
1495 2142 1629 2186 genus
1644 2127 1723 2171 hu·
1787 2159 1789 2165 x

352 2212 528 2241 manum
541 2198 660 2256 origo
677 2198 851 2241 ducitur
867 2197 1116 2242 offensionis
1134 2198 1230 2252 Dei,
1248 2200 1363 2255 >una
1378 2196 1577 2257 quaedam
1592 2211 1721 2241 massa
1738 2250 1739 2254 Ἰ
1789 2233 1790 2237 ,

351 2269 537 2326 peccati,
572 2267 830 2327 supplicium
854 2266 1016 2312 debens
1045 2267 1203 2312 divinae
1230 2283 1496 2328 summaeque
1519 2268 1718 2327 justitiae,

350 2337 470 2397 quod
493 2339 579 2381 sive
612 2339 830 2395 exigatur,
858 2338 945 2382 sive
973 2338 1181 2393 donetur,
1216 2338 1333 2382 nulla
1355 2348 1418 2382 est
1445 2339 1661 2398 iniquitas.
1686 2338 1738 2390 A]

350 2407 510 2466 quibus
531 2417 675 2451 autem
698 2407 959 2467 exigendum
975 2442 986 2462 ,
1010 2417 1053 2452 et
1079 2409 1238 2468 quibus
1266 2407 1518 2453 donandum
1543 2409 1621 2462 sit,
1652 2394 1737 2452 suti

401 2498 405 2511 ¹
434 2490 546 2523 Matth.
576 2503 607 2529 v,
625 2491 657 2522 6.
677 2507 714 2515 -›
735 2495 747 2513 ²
768 2499 786 2523 2
805 2493 876 2524 Cor.
907 2502 960 2530 xv,
989 2500 1041 2524 22.
