1790 3187
538 195 738 226 musa-om
770 200 913 227 xxxn.
1343 190 1428 229 367

82 279 137 308 en
155 299 165 319 ,
197 265 310 308 hanc
340 262 491 308 deberi
524 263 846 309 venerationem
881 264 1012 320 facit,
1044 272 1093 310 ut
1121 280 1209 310 non
1240 266 1373 325 possit
1404 283 1428 311 a

60 334 240 380 redente
257 334 498 380 contemni.

155 481 367 528 Carmen
398 481 668 545 elegiacam
694 481 898 528 Paulini
927 482 999 529 ad
1022 483 1303 529 Lz'centizcm.

89 620 232 671 Quare
255 633 334 677 age
355 633 512 678 rumpe
534 634 692 670 moras,
718 628 762 663 et
783 618 925 663 vincla
948 621 1115 665 tenacia
1136 620 1251 665 saecli
1279 639 1288 666 ε

146 691 236 734 Nec
261 700 425 734 metuas
445 689 607 749 placidi
629 690 731 734 mite
748 691 904 750 jugum
930 690 1120 736 Domini.

87 758 274 804 Pulchra
296 761 493 820 quidem,
520 761 597 806 sed
619 761 726 806 mira
748 762 868 819 vagis
892 763 1118 821 praesentia
1139 778 1297 809 rerumf

148 831 386 886 Mentibus,
414 841 458 876 at
479 833 649 891 sapiens
671 848 761 876 non
783 841 930 891 stupet
951 833 1032 876 ista
1057 833 1241 878 animus.

85 903 212 947 Nunc
237 911 280 947 te
302 902 506 947 sollicitat
529 904 657 948 variis
680 902 929 947 malesuada
951 904 1115 960 figuris,

144 976 241 1017 Ileu
263 973 427 1018 validos
450 974 580 1018 etiam
604 984 775 1019 vertere
797 976 938 1018 Roma
959 983 1130 1033 potens.

85 1044 169 1089 Sed
192 1045 269 1088 tibi
292 1054 392 1090 nate
413 1060 584 1104 precor,
610 1060 781 1104 semper
803 1053 927 1103 pater
949 1045 1223 1103 Augustinus

141 1116 365 1171 Occurset,
390 1126 571 1161 cunctas
595 1117 722 1161 Urbis
745 1115 800 1160 ad
822 1114 1064 1171 illecebras,

83 1186 214 1231 Illum
238 1197 358 1232 tanta
381 1188 495 1232 inter
516 1187 680 1247 fragilis
702 1187 952 1232 discrimina
974 1188 1074 1233 vitae

142 1259 383 1318 Aspiciens,
408 1269 452 1304 et
474 1259 639 1303 habens
660 1268 852 1318 pectore,
878 1268 1000 1303 tutus
1023 1260 1120 1303 eris.

84 1331 177 1374 Hoc
200 1340 346 1375 tamen
369 1340 412 1376 et
441 1341 639 1390 repetens
661 1332 909 1390 iterumque
932 1331 1181 1391 iterumque
1204 1331 1416 1384 monebo,

142 1402 198 1445 Ut
219 1402 361 1460 fugias
383 1401 506 1445 durae
529 1401 697 1446 lubrica
721 1401 902 1445 militiae.

80 1469 299 1516 Blandum
321 1488 482 1517 nomen
507 1473 662 1527 bonos,
689 1472 802 1516 mala
823 1472 1024 1526 servitus,
1048 1472 1187 1515 exitus
1207 1485 1337 1530 aeger.

139 1545 279 1595 Quem
304 1559 422 1588 nunc
443 1543 555 1587 velle
572 1545 715 1603 juvat,
743 1559 842 1587 mox
864 1542 1051 1587 voluisse
1073 1543 1207 1601 piget.

81 1612 296 1658 Scandere
317 1614 428 1658 celsa
447 1615 586 1674 juvat,
612 1623 777 1658 tremor
800 1623 864 1657 est
885 1612 1151 1658 descendere
1174 1611 1297 1657 celsis
1323 1630 1331 1655 :

139 1684 181 1729 Si
205 1685 384 1740 titubes,
402 1701 571 1730 summa
590 1686 712 1745 pejus
735 1686 791 1729 ab
814 1701 910 1728 arce
928 1684 1071 1728 cades.

77 1757 202 1799 Nunc
224 1757 302 1799 tibi
326 1756 434 1801 falsa
456 1756 634 1815 placent
650 1757 914 1809 bona‚nunc
930 1756 1042 1813 rapit
1061 1754 1268 1799 omnibus
1283 1753 1413 1807 auris,

136 1827 357 1882 Ambitus,
382 1837 427 1872 et
449 1829 588 1872 vitreo
604 1828 690 1871 fert
709 1843 812 1871 cava
829 1826 947 1871 fama
971 1827 1085 1870 sinu.

78 1899 155 1940 Ast
178 1898 254 1941 ubi
276 1907 318 1942 te
337 1913 497 1958 magno
519 1898 682 1942 damno
697 1898 958 1942 succinxerit
978 1905 1128 1955 empto

132 1969 355 2024 Baltheus,
381 1979 425 2014 et
442 1969 598 2014 sterilis
614 1968 794 2028 fregerit
816 1968 920 2012 inde
937 1968 1078 2021 labor,

75 2041 202 2084 Serus
224 2050 267 2084 et
284 2041 500 2087 incassum
521 2057 617 2100 spes
640 2040 1043 2093 accusabisinanes,

130 2114 188 2155 Et
210 2112 343 2156 modo
364 2128 466 2172 quae
485 2112 636 2167 nectis,
660 2126 864 2170 rumpere
882 2109 1024 2154 vincla
1038 2108 1172 2154 voles.

72 2184 195 2226 Tunc
219 2183 502 2227 reminisceris
526 2182 687 2227 frustra
712 2182 844 2241 patris
867 2180 1102 2240 Augustini

128 2254 447 2312 Contempsisse
470 2253 623 2299 dolens
639 2252 854 2297 veridicos
867 2251 1076 2296 monitus.

70 2326 214 2378 Quare
235 2326 269 2369 si
290 2327 478 2385 sapiens,
499 2336 542 2370 et
564 2327 598 2370 si
619 2326 714 2385 pius
739 2340 783 2368 es
802 2340 927 2383 puer,
954 2322 1075 2374 audi,

127 2398 184 2439 Et
206 2412 312 2455 cape
329 2397 460 2441 verba
479 2405 672 2456 patrum,
698 2395 1019 2454 consiliumque
1041 2406 1212 2436 senum.

69 2466 184 2520 Quid
200 2468 380 2512 retrahis
394 2467 484 2513 fera
506 2467 617 2513 colla
637 2469 745 2528 jugo
766 2469 784 2511 P
806 2482 901 2511 mea
924 2465 1089 2510 sarcina
1110 2462 1238 2515 lenis,

129 2539 270 2583 Suave
279 2539 453 2599 jugum.
475 2539 634 2584 Christi
657 2547 722 2584 est
743 2554 826 2583 vox
850 2538 919 2597 pia
944 2557 956 2594 3
979 2534 1108 2584 crede
1130 2537 1222 2578 Deo
1248 2551 1257 2577 ε
