1790 3187
253 227 305 253 ne
338 226 525 252 nivensis
557 226 713 261 QUAEST.
751 226 806 253 An
838 228 1096 255 SIMPLmIAN.
1134 231 1214 257 1.1n.
1250 234 1278 257 1.
1379 223 1458 260 165

86 296 195 353 »jor
222 291 375 335 serviet
408 290 579 333 minori.
618 308 637 330 »
672 293 766 335 Non
801 308 904 350 ergo
934 295 1173 338 secundum
1205 295 1459 342 electionem

84 363 346 425 propositum
371 362 445 405 Dei
471 370 640 416 manet,
666 361 740 405 sed
775 377 825 405 ex
848 365 1066 423 proposito
1095 364 1248 411 electio
1276 386 1284 411 :
1310 368 1355 411 id
1380 379 1459 423 est,

15 442 17 449 ’
83 451 169 480 non
193 434 292 494 quia
316 432 478 476 invenit
501 435 613 475 Deus
632 447 761 491 opera
785 433 898 477 bona
916 435 961 478 in
984 436 1235 480 hominibus
1264 439 1462 498 quaeeli-

15 507 17 515 ⁴
83 515 169 566 gat,
196 505 292 549 ideo
309 513 454 548 manet
472 504 741 562 propositum
757 505 1077 564 justificationis
1094 508 1249 567 ipsius,
1269 509 1344 553 sed
1361 512 1463 570 quia

16 601 18 629 1
81 575 187 621 illud
211 583 357 619 manet
393 583 442 619 ut
470 575 678 634 justificet
714 577 961 632 credentes,
998 578 1096 622 ideo
1129 579 1462 639 invenit.ope1·a

16 639 17 646 ¹
80 648 274 708 quaejam
294 645 422 703 eligat
440 644 493 689 ad
509 660 691 704 regnum
708 646 935 691 coelorum.
951 650 1056 692 Nam
1070 648 1150 693 nisi
1164 659 1273 694 esset
1290 651 1460 708 electio,

81 734 168 763 non
198 725 337 760 essent
374 715 521 774 electi,
556 732 635 761 nec
666 726 782 761 recte
811 717 1043 774 diceretur,
1070 738 1089 762 «
1115 720 1217 773 Quis
1244 723 1465 768 accusabit

84 809 103 831 »
133 789 336 833 adversus
367 787 526 832 electos
556 788 691 832 Dei¹P
717 807 736 829 »
769 790 865 834 Non
889 798 1034 833 tamen
1068 789 1222 835 electio
1258 794 1465 851 praecedit

74 859 448 920 justificationem,
484 858 558 902 sed
589 858 844 903 electionem
875 860 1144 919 justificatio.
1183 864 1321 907 Nemo
1348 864 1464 908 enim

79 930 265 989 eligitur,
293 929 374 973 nisi
391 930 481 988 jam
505 928 667 973 distans
692 929 746 973 ab
769 929 845 974 illo
867 930 944 990 qui
967 931 1172 990 rejicitur.
1202 933 1326 977 Unde
1344 934 1461 994 quod

78 1002 241 1051 dictum
264 1009 347 1055 est,
377 1019 397 1042 «
422 1000 533 1053 Quia
562 1000 681 1058 eligit
713 1015 791 1044 nos
815 1004 927 1045 Deus
951 1012 1052 1046 ante
1072 1003 1224 1047 mundi
1249 1006 1463 1050 constitu-

81 1093 100 1115 »
121 1074 339 1117 tionem2:
368 1090 387 1113 »
415 1087 503 1115 non
533 1070 659 1117 video
684 1072 908 1132 quomodo
932 1074 984 1117 sit
1007 1072 1191 1129 dictum,
1223 1076 1304 1120 nisi
1329 1093 1464 1136 praes-

78 1144 247 1188 cientia.
271 1143 352 1187 Hic
375 1152 519 1187 autem
538 1145 656 1203 quod
682 1144 762 1199 ait,
792 1162 812 1185 «
846 1147 944 1190 Non
972 1160 1024 1189 ex
1055 1146 1281 1204 operibus,
1308 1148 1382 1192 sed
1416 1165 1467 1194 ex

80 1234 99 1257 »
126 1223 308 1259 vocante
330 1214 494 1258 dicturri
517 1223 579 1258 est
596 1215 650 1270 ei,
669 1216 779 1268 Quia
798 1217 932 1275 major
950 1217 1106 1260 serviet
1124 1218 1282 1263 minori
1302 1239 1310 1265 ε
1334 1239 1353 1261 »
1376 1236 1466 1265 non

77 1286 286 1331 electione
323 1287 599 1340 meritorum,
644 1302 744 1346 quae
778 1296 875 1346 post
913 1288 1268 1346 justificationem
1316 1292 1465 1350 gratiae

77 1358 366 1417 proveniunt,
388 1359 462 1401 sed
486 1356 746 1402 liberalitate
764 1358 978 1402 donorum
1005 1360 1080 1402 Dei
1103 1359 1239 1404 voluit
1260 1361 1460 1421 intelligi,

77 1444 132 1472 ne
154 1429 250 1488 quis
273 1429 326 1472 de
364 1429 567 1487 operibus
601 1428 848 1472 extollatur.
880 1448 899 1471 «
926 1429 1073 1473 Gratia
1109 1431 1223 1473 enim
1248 1432 1325 1475 Dei
1358 1432 1464 1477 salvi

79 1517 99 1540 n
124 1499 226 1543 facti
249 1514 422 1556 sumus,
450 1507 493 1542 et
515 1499 598 1543 1100
621 1514 709 1543 11011
730 1515 780 1543 ex
802 1500 950 1555 nobis,
972 1500 1046 1543 sed
1069 1501 1144 1545 Dei
1170 1501 1335 1546 donum
1360 1512 1423 1547 est
1450 1524 1458 1549 :

80 1587 100 1609 n
125 1584 212 1612 non
232 1584 281 1612 ex
297 1569 521 1628 operibus,
540 1585 594 1612 ne
612 1569 723 1613 forte
746 1570 850 1630 quis'
865 1569 1096 1614 extollatur
1110 1573 1141 1615 3.
1167 1589 1187 1611 ·»

135 1641 179 1682 ’7Ο
202 1640 422 1692 Quaeritur
444 1649 611 1694 autem,
639 1648 788 1683 utrum
811 1640 881 1684 vel
904 1640 1009 1685 fides
1034 1651 1252 1686 mereatur
1273 1643 1464 1689 hominis

20 1715 23 1755 ἓ
69 1710 422 1770 justificationem
440 1731 450 1768 3
471 1726 525 1754 an
543 1725 644 1754 vero
668 1726 747 1755 nec
762 1711 863 1754 fidei
886 1711 1036 1756 merita
1061 1713 1311 1771 praecedant
1332 1715 1462 1759 mise-

75 1782 305 1825 ricordiam
328 1783 421 1835 Dei,
452 1782 526 1825 sed
548 1791 591 1825 et
612 1780 718 1825 fides
739 1783 829 1840 ipsa
852 1782 965 1826 inter
992 1783 1106 1828 dona
1133 1785 1280 1842 gratiae
1304 1801 1463 1830 nume-

76 1862 208 1896 retur.
235 1853 345 1905 Quia
364 1862 406 1896 et
419 1852 612 1896 hocloco
633 1868 732 1897 cum
749 1853 938 1908 dixisset,
965 1873 983 1896 «
1004 1857 1102 1899 Non
1117 1871 1169 1899 ex
1192 1857 1418 1916 operibus,
1436 1877 1456 1900 »

74 1938 162 1968 non
188 1923 267 1977 ait,
297 1922 371 1966 sed
395 1938 443 1965 ex
472 1923 558 1966 fide
587 1942 606 1964 «
641 1922 808 1967 dictum
838 1933 900 1968 est
927 1925 982 1979 ei,
1013 1925 1123 1978 Quia
1147 1928 1284 1986 major
1307 1930 1463 1973 serviet

79 2012 97 2035 »
117 1993 274 2037 minori
295 2012 304 2037 :
331 1993 389 2036 ait
410 2002 572 2046 autem,
592 1994 664 2036 sed
683 2008 733 2036 ex
749 2003 929 2038 vocante
953 2013 971 2035 »
998 1997 1134 2041 Nemo
1158 1998 1274 2041 enim
1293 1998 1431 2044 credit
1447 2035 1457 2055 ,

22 2058 24 2067 '
74 2065 148 2124 qui
171 2080 259 2108 non
279 2073 474 2107 vocatur.
500 2064 741 2108 Misericors
763 2074 909 2108 autem
928 2069 1039 2110 Deus
1062 2076 1203 2122 vocat,
1229 2068 1360 2113 nullis
1377 2071 1460 2115 hoc

75 2135 141 2181 vel
160 2135 259 2178 fidei
296 2135 458 2178 meritis
475 2133 684 2192 largiens,
703 2136 804 2195 quia
827 2138 980 2181 merita
995 2136 1095 2180 fidei
1113 2148 1358 2198 sequuntur
1380 2157 1457 2186 vo-

75 2207 282 2251 cationem
308 2207 472 2265 potius,
497 2222 627 2266 quam
646 2207 917 2265 praecedunt.
947 2227 965 2249 «
985 2210 1217 2261 Quomodo
1241 2211 1354 2255 enim
1371 2227 1457 2257 cre-

79 2295 99 2319 »
116 2277 234 2331 dent,
262 2293 391 2342 quern
428 2293 515 2320 non
546 2278 809 2322 audierunt?
830 2281 882 2323 Et
906 2279 1130 2338 quomodo
1163 2280 1340 2327 audient
1366 2284 1457 2329 sine

79 2367 99 2391 »
118 2348 378 2407 praedicante
392 2349 434 2392 ⁴?
455 2368 473 2390 »
492 2349 579 2394 Nisi
596 2364 697 2407 ergo
713 2351 910 2395 vocando
928 2352 1144 2410 praecedat
1166 2353 1457 2401 misericordia

78 2421 168 2474 Dei,
189 2435 267 2464 nec
285 2420 459 2464 credere
476 2425 707 2482 quisquam
731 2431 892 2481 potest,
918 2432 967 2466 ut
990 2438 1040 2466 ex
1061 2424 1144 2467 hoc
1166 2424 1342 2484 incipiat
1360 2428 1456 2487 jus-

80 2490 250 2553 tificari,
270 2500 312 2535 et
343 2491 535 2551 accipere
554 2490 806 2537 facultatem
826 2493 936 2537 bene
962 2494 1186 2553 operandi.
1212 2498 1328 2555 Ergo
1358 2508 1457 2543 ante

128 2582 136 2596 ¹
161 2577 249 2607 Rom.
271 2587 341 2613 viu,
363 2577 414 2609 33.
432 2594 473 2600 --
490 2584 501 2599 2
521 2578 635 2620 Ephes.
657 2579 683 2618 Ι,
709 2577 741 2619 4.
757 2596 797 2602 --
816 2576 892 2612 ³1d.
915 2590 949 2621 n,
968 2579 1000 2612 8.
1015 2577 1086 2611 --4
1107 2581 1197 2614 Rom.
1217 2592 1248 2619 x,
1273 2582 1322 2623 ¹4·
