1790 3187
306 186 360 213 m:
392 185 579 214 mvERsls
610 186 766 223 QUAEST.
803 187 951 216 oc'soe.
987 189 1149 217 Tamus.
1339 185 1419 222 113

44 253 134 313 ipsa
159 249 323 296 diversa
343 266 433 296 non
454 252 507 296 sit
523 251 752 297 infirmitas
772 271 780 297 :
802 253 848 297 in
870 254 1083 299 ambobus
1102 255 1219 299 enim
1241 257 1297 301 ab
1318 258 1424 304 invi-

44 338 137 368 cem
157 322 218 366 ira
241 330 451 382 portatur.
485 321 553 366 Ad
574 321 792 367 diversum
828 333 973 368 autem
999 324 1260 370 infirmitatis
1290 343 1425 386 genus

24 376 27 449 i
45 392 162 437 aliud
182 391 427 451 exemplum
443 391 681 437 videndum
695 402 780 438 est:
804 394 938 438 veluti
951 396 984 439 si
1001 397 1097 456 quis
1113 395 1423 456 loquacitatem

24 453 86 508 'in
107 478 150 508 se
170 463 345 518 vicerit,
371 471 414 507 et
436 462 715 521 pertinaciam
742 464 939 509 nondum
967 467 1143 522 vicerit,
1181 468 1289 512 alius
1323 485 1425 514 vero

44 534 183 580 adhuc
203 534 383 594 loquax,
412 533 485 578 sed
503 535 592 594 jam
616 535 813 594 pertinax
831 552 920 581 non
942 538 997 582 sit
1015 555 1026 586 ;
1050 537 1182 582 debet
1203 539 1277 583 ille
1298 541 1427 600 hujus

42 606 347 667 loquacitatem
368 614 411 650 et
433 605 511 649 iste
529 604 644 649 illius
660 606 942 665 pertinaciam
961 643 972 663 ‚
997 608 1136 654 donec
1156 610 1267 655 illud
1286 612 1331 655 in
1353 612 1429 657 illo

42 687 84 722 et
99 678 179 722 hoc
201 676 244 720 in
265 677 345 720 isto
360 685 551 730 sanetur,
577 676 787 722 charitate
804 688 992 738 portare.
1021 684 1102 724 Par
1124 682 1288 742 quippe
1307 683 1429 727 infir-

42 749 164 794 mitas
180 749 225 793 in
247 747 420 793 duobus
439 749 472 792 si
490 764 580 793 uno
603 748 771 794 accidat
795 760 991 810 tempore
1012 787 1022 806 ‚
1048 752 1232 797 tolerare
1252 770 1296 798 se
1319 755 1431 799 invi-

41 835 135 866 cem
156 835 244 865 non
266 819 412 864 valent
433 854 443 875 ‚
469 835 569 864 cum
599 819 827 865 adversum
853 837 896 865 se
918 822 1176 867 intenditur.
1212 827 1320 870 Nam
1352 826 1431 869 ad-

41 906 185 936 versus
207 889 394 950 aliquem
419 890 595 934 tertium
618 925 629 945 ‚
655 900 698 935 et
720 890 809 935 duo
827 891 924 936 irati
954 893 1033 936 sibi
1057 895 1327 938 conveniunt
1348 931 1358 949 ‚
1389 907 1432 940 et

39 977 83 1008 se
107 962 292 1007 tolerant
326 980 335 1007 2
360 976 612 1021 quanquam
636 977 717 1005 nec
752 961 935 1006 tolerare
965 978 1008 1007 se
1041 964 1227 1009 invicem
1254 965 1430 1011 dicendi

39 1041 165 1087 sunt,
189 1031 264 1076 sed
293 1031 438 1091 potius
468 1047 512 1075 se
539 1031 724 1075 invicem
745 1032 974 1077 consolari.
1004 1034 1124 1079 Sicut
1144 1045 1186 1079 et
1215 1038 1356 1081 tristes
1378 1038 1433 1082 de

38 1118 83 1148 re
104 1119 213 1158 una,
239 1104 373 1161 magis
394 1118 438 1148 se
461 1111 637 1161 portant
658 1112 702 1147 et
723 1103 845 1163 quasi
867 1103 1133 1150 incumbunt
1163 1106 1242 1151 sibi
1261 1143 1271 1163 ,
1297 1124 1432 1168 quam

39 1175 72 1220 si
85 1166 208 1219 =unus
236 1175 365 1219 tristis
391 1183 501 1218 esset
526 1183 569 1218 et
591 1173 698 1217 alius
729 1174 939 1233 gauderet
967 1195 975 1220 :
996 1177 1030 1220 si
1059 1186 1206 1222 autem
1230 1178 1434 1224 adversus

37 1262 80 1291 se
99 1248 238 1291 tristes
261 1247 361 1300 sint,
388 1261 560 1305 prorsus
579 1261 623 1289 se
646 1244 833 1290 tolerare
855 1263 945 1292 non
964 1259 1162 1307 possunt.
1190 1253 1247 1294 Et
1263 1251 1363 1295 ideo
1386 1254 1431 1296 in

36 1317 286 1377 hujusmodi
300 1316 605 1362 affectionibus
622 1317 896 1376 suscipienda
912 1327 975 1364 est
997 1319 1322 1378 aliquantulum
1340 1323 1430 1382 ipsa

36 1388 249 1448 aegritudo
275 1410 285 1446 3
310 1388 364 1432 de
385 1403 470 1448 qua
494 1387 555 1431 vis
577 1386 712 1431 alium
744 1403 821 1447 per
844 1398 886 1432 te
908 1389 1084 1434 liberari
1106 1412 1116 1448 3
1147 1400 1190 1435 et
1210 1392 1269 1436 sic
1291 1396 1429 1439 susci-

36 1460 213 1520 pienda,
238 1468 287 1503 ut
307 1458 361 1503 ad
382 1458 591 1502 auxilium
606 1493 617 1512 ‚
644 1474 732 1502 non
759 1458 813 1503 ad
836 1460 1132 1520 aequalitatem
1156 1464 1338 1508 miseriae
1360 1481 1429 1510 va·
1472 1470 1476 1472 ’

35 1530 119 1575 leat
146 1550 154 1575 :
198 1529 574 1591 quemadmodum
604 1544 648 1572 se
688 1528 868 1575 inclinat
894 1566 905 1585 ‚
938 1531 1014 1591 qui
1053 1547 1230 1577 manum
1266 1537 1429 1595 jacenti

34 1599 228 1661 porrigit.
256 1601 489 1662 Non-enim
513 1615 556 1644 se
580 1600 772 1659 projicit,
809 1611 857 1645 ut
880 1603 1010 1648 ambo
1030 1604 1234 1664 jaceant3
1261 1608 1336 1651 sed
1358 1608 1424 1653 in-

33 1683 214 1719 curvant
227 1682 416 1729 tantum,
428 1682 477 1716 ut
488 1673 703 1733 jacentem
726 1674 876 1732 erigat.

91 1752 151 1790 3⁰.
162 1749 314 1806 Neque
330 1744 419 1789 ulla
445 1759 508 1788 res
527 1744 769 1788 officiosum
785 1745 915 1788 istum
930 1745 1127 1791 laborem
1142 1750 1196 1793 ad
1208 1754 1422 1809 portanda

32 1832 163 1862 onera
186 1816 367 1861 aliorum
384 1814 488 1859 facit
511 1814 696 1858 libenter
719 1816 930 1874 impendi,
955 1817 1035 1861 nisi
1057 1833 1156 1862 cum
1179 1822 1420 1879 cogitamus

41 1898 191 1948 *planta
206 1904 284 1947 pro
298 1887 424 1932 nobis
440 1885 664 1945 pertulerit
678 1887 901 1931 Dominus.
922 1888 1033 1933 Hinc
1047 1891 1162 1934 enim
1178 1892 1418 1940 admonens

69 1959 262 2020 postolus
284 1959 342 2003 ait
365 1978 373 2003 :
399 1978 419 2001 «
445 1960 537 2002 Hoc
561 1958 717 2002 sentite
739 1959 783 2001 in
807 1958 950 2013 vobis,
976 1960 1097 2019 quod
1114 1972 1157 2006 et
1173 1963 1218 2007 in
1245 1966 1417 2019 Christo

33 2049 53 2074 »
73 2034 190 2087 Jesu,
209 2031 287 2092 qui
312 2046 412 2075 cum
434 2030 479 2073 in
504 2028 644 2073 forma
663 2030 738 2073 Dei
761 2039 886 2085 esset,
904 2047 993 2075 non
1017 2033 1212 2092 rapinam
1238 2038 1416 2083 arbitra-

33 2121 53 2145 »
74 2113 142 2148 tus
164 2113 227 2148 est
243 2118 333 2147 esse
351 2100 530 2162 aequalis
545 2103 634 2145 Deo
650 2136 660 2156 7
681 2101 756 2145 sed
773 2103 1052 2161 semetipsum
1075 2105 1314 2153 exinanivit
1330 2109 1417 2154 for-

34 2192 52 2216 »
76 2170 195 2219 mam
212 2174 320 2218 servi
341 2173 571 2231 accipienS‚
597 2172 642 2214 in
660 2170 985 2217 similitudinem
1001 2175 1232 2221 hominum
1256 2179 1411 2236 factus,

33 2265 51 2289 »
71 2257 115 2292 et
129 2247 282 2291 habitu
304 2246 506 2290 inventus
526 2253 575 2287 ut
595 2243 745 2298 homo,
764 2244 1010 2289 humiliavit
1027 2249 1308 2307 semetipsum
1330 2252 1415 2298 fac-

35 2335 55 2360 »
76 2327 144 2362 tus
157 2317 363 2362 obediens
375 2330 513 2374 usque
535 2314 590 2358 ad
613 2324 814 2370 mortem,
832 2324 1016 2360 mortem
1034 2327 1178 2363 autem
1200 2323 1411 2367 crucis¹.»

33 2389 230 2449 Superius
247 2389 362 2432 enim
381 2387 547 2431 dixerat
574 2406 582 2430 :
615 2406 634 2427 (ι
656 2388 754 2431 Non
771 2403 870 2446 quaa
893 2403 967 2431 sua
986 2397 1088 2433 sunt
1111 2395 1414 2454 unusquisque

34 2476 53 2501 »
76 2459 322 2515 intendens,
344 2457 418 2502 sed
440 2473 490 2502 ea
507 2472 607 2517 quae
620 2455 802 2501 aliorum
818 2460 848 2500 ².
877 2477 893 2497 υ
918 2458 1030 2503 Huic
1063 2463 1290 2508 sententiae
1307 2481 1414 2511 con-

76 2552 84 2569 ¹
101 2545 211 2589 Philip.
231 2559 266 2584 ir,
288 2545 306 2577 5
327 2550 361 2578 et
377 2554 464 2587 seqq.
481 2560 515 2566 ·-
535 2549 546 2565 ²
568 2542 649 2575 lbid.
671 2541 701 2582 4.

211 2610 341 2641 cxcv.
1180 2604 1205 2643 3
