1790 3187
650 290 845 318 tris-rou
879 290 965 316 mv.
1405 273 1487 313 489

122 357 212 402 dita
235 359 398 401 ratione
415 358 668 401 auctoritate
685 356 772 400 sola
794 371 867 399 sua
890 371 967 399 nos
984 354 1168 399 voluisse
1189 352 1420 397 admonere
1436 368 1489 396 ue

121 428 628 487 sabbatojejunaremuS,
653 428 906 470 subsecutus
921 434 1007 480 est,
1033 435 1074 469 et
1097 425 1154 468 ait
1173 423 1276 467 mihi
1299 442 1308 468 z
1337 443 1355 464 «
1378 425 1487 468 Cum

122 500 302 541 Romam
333 501 482 552 venio,
511 499 659 558 jejuno
693 497 871 541 sabbato
899 517 907 541 :
932 511 1030 540 cum
1055 496 1125 540 hic
1159 510 1251 539 sum
1270 529 1282 550 ‚
1314 509 1398 537 non
1421 495 1487 553 je-

113 569 235 628 juno.
275 569 341 613 Sic
373 570 496 612 etiam
530 578 601 623 tn,
640 570 694 612 ad
735 584 863 628 quam
896 568 1007 611 forte
1035 566 1254 611 ecclesiam
1295 565 1486 618 veneris⁷

117 641 206 699 ejus
235 656 396 684 morem
425 656 566 693 serva,
595 640 628 683 si
652 640 852 699 cuiquam
870 655 955 683 non
979 654 1041 682 vis
1061 653 1149 682 esse
1169 635 1393 689 scandalo,
1414 650 1492 678 nec

116 725 378 769 quemquam
412 711 505 754 tibi.
546 729 564 751 n
594 712 686 754 Hoc
713 725 812 754 cum
842 709 965 753 matri
997 708 1330 759 renuntiassem,
1350 705 1490 749 liben-

116 790 180 824 ter
203 782 396 839 amplexa
420 791 497 825 est.
533 783 625 840 Ego
648 797 748 825 vero
772 781 825 824 de
853 781 934 824 hac
967 780 1179 823 sententia
1209 777 1336 821 etiam
1362 785 1491 836 atque

115 852 240 895 etiam
266 852 480 910 cogitans,
516 853 571 896 ita
600 868 767 912 semper
795 852 949 905 habui,
975 861 1180 909 tanquam
1210 864 1303 893 eam
1328 847 1491 892 coelesti

114 924 290 967 oraculo
305 925 556 983 acceperim.
579 926 695 969 Sensi
711 925 823 967 enim
843 938 956 980 saepe
972 922 1122 966 dolens
1138 930 1180 964 et
1194 935 1367 978 gemens
1386 917 1492 962 mul-

113 1004 175 1039 tas
202 996 471 1039 infirmorum
496 996 818 1055 peturbationes
840 994 956 1047 fieri,
995 1008 1070 1052 per
1101 990 1378 1052 quorundam
1405 989 1492 1033 sra-

112 1074 228 1109 trum
256 1067 568 1111 contentiosam
593 1066 926 1110 obstinationem
944 1100 954 1118 ‚
980 1063 1048 1108 vel
1074 1062 1410 1122 superstitiosam
1435 1062 1490 1104 ti-

113 1137 353 1181 miditatem
367 1173 378 1191 ,
398 1139 471 1198 qui
488 1138 532 1181 in
552 1138 678 1182 rebus
696 1135 965 1196 hujusmodi,
987 1151 1084 1195 quae
1101 1149 1243 1193 neque
1262 1133 1493 1191 Scripturae

110 1218 268 1251 sanctae
293 1209 566 1263 auctoritate,
587 1223 728 1268 neque
745 1206 995 1251 universalis
1012 1205 1214 1250 Ecclesiae
1236 1203 1465 1247 traditione
1479 1238 1489 1254 ‚

109 1292 252 1337 neque
281 1280 378 1322 vitae
409 1279 675 1337 corrigendae
697 1278 908 1332 utilitate,
934 1277 988 1321 ad
1011 1285 1172 1320 certum
1204 1284 1384 1334 possunt
1404 1283 1493 1317 ter-

110 1348 276 1392 minum
304 1351 526 1408 pervenire,
549 1352 737 1406 (tantum
767 1349 866 1409 quia
896 1349 1043 1392 subest
1069 1347 1400 1408 qualiscumque
1423 1361 1490 1387 ra-

112 1420 333 1464 tiocinatio
357 1421 587 1479 cogitantis
603 1457 613 1475 ,
640 1430 715 1464 aut
745 1421 844 1480 quia
869 1419 910 1462 in
936 1435 1009 1462 sua
1032 1418 1168 1477 patria
1191 1418 1251 1462 sic
1273 1417 1363 1476 ipse
1385 1432 1493 1460 con-

107 1492 269 1545 suevit,
290 1501 364 1535 aut
391 1494 492 1552 quia
510 1493 569 1536 ibi
591 1492 724 1544 vidit,
752 1491 828 1535 ubi
849 1490 1237 1550 peregrinationem
1261 1504 1380 1531 suam
1405 1503 1493 1547 quo

111 1564 383 1606 remotiorem
404 1579 426 1607 a
444 1563 528 1607 suis
545 1598 555 1617 ‚
577 1578 627 1607 eo
644 1562 880 1606 doctiorem
896 1561 1053 1604 factam
1073 1562 1216 1619 putat)
1233 1568 1321 1602 tarn
1339 1557 1495 1616 litigio-

106 1648 172 1676 sas
195 1635 380 1677 excitant
409 1634 669 1694 quaestiones
685 1669 696 1689 ,
735 1642 784 1676 ut
807 1633 887 1677 nisi
911 1632 1030 1692 quod
1060 1631 1139 1691 ipsi
1164 1631 1353 1684 faciunt,
1385 1630 1492 1673 nihil

108 1713 274 1748 rectum
298 1705 560 1749 existiment.

165 1777 240 1818 IV.
265 1775 430 1819 Dixerit
452 1775 606 1836 aliquis
629 1789 717 1819 non
740 1773 935 1834 quotidie
954 1773 1249 1831 accipiendam
1268 1772 1493 1816 Eucharis-

105 1845 207 1889 tiam
236 1866 245 1891 ι
271 1847 486 1906 quaesieris
508 1848 668 1906 quare?
695 1845 910 1898 Quoniam
927 1880 938 1898 ,
969 1844 1113 1904 inquit
1132 1879 1142 1898 ,
1181 1842 1367 1900 eligendi
1393 1851 1494 1886 sunt

104 1915 194 1960 dies
218 1918 377 1977 quibus
410 1919 560 1976 purius
583 1918 714 1960 homo
737 1916 1121 1975 continentiusque
1155 1914 1284 1968 vivit,
1322 1929 1411 1974 quo
1439 1913 1492 1956 ad

104 1996 274 2032 tantum
293 1999 609 2033 sacramentum
635 1989 791 2046 dignus
815 1988 1005 2031 accedat.
1031 2007 1050 2029 «
1071 1987 1154 2039 Qui
1173 1986 1287 2029 enim
1308 1985 1494 2029 mandu-

108 2077 127 2099 »
152 2060 311 2103 caverit
327 2060 522 2118 indigne,
537 2059 751 2120 judicium
765 2057 846 2102 sibi
861 2058 1094 2101 manducat
1107 2067 1149 2102 et
1166 2057 1314 2100 bibit1.
1335 2056 1493 2100 »Alius

105 2138 257 2172 contra
284 2148 292 2173 ·.
317 2132 435 2184 Imo,
460 2131 630 2189 inquit,
656 2130 689 2172 si
714 2139 830 2173 tanta
871 2141 933 2172 est
972 2128 1094 2186 plaga
1130 2128 1322 2186 peccati,
1363 2136 1493 2186 atque

106 2199 293 2258 impetus
316 2200 457 2244 morbi
475 2210 523 2244 ut
547 2201 861 2244 medicamenta
881 2199 980 2243 talia
998 2198 1238 2242 differenda
1257 2199 1366 2251 sint,
1388 2213 1492 2241 auc-

107 2270 278 2314 toritate
307 2271 520 2314 Antistitis
549 2270 679 2314 debet
707 2271 891 2330 quisque
921 2271 976 2313 ab
1015 2269 1166 2313 altario
1201 2269 1410 2313 removeri
1439 2269 1490 2312 ad

107 2343 317 2401 agendam
342 2343 667 2402 poenitentiamj
689 2353 732 2386 et
753 2343 903 2386 eadem
928 2342 1182 2386 auctoritate
1206 2339 1487 2386 reconciliari.

109 2415 200 2457 Hoc
239 2423 302 2457 est
335 2415 449 2457 enim
493 2413 670 2472 indigne
711 2414 905 2473 accipere
922 2449 932 2467 ,
972 2415 1006 2457 si
1047 2429 1098 2457 eo
1141 2422 1333 2471 tempore
1377 2412 1490 2456 acci-

109 2485 220 2543 piat,
248 2501 337 2544 quo
360 2486 490 2530 debet
516 2501 640 2544 agere
665 2485 965 2544 poenitentiam
980 2520 990 2537 ‚
1021 2500 1109 2528 non
1127 2494 1175 2528 ut
1193 2484 1372 2527 arbitrio
1385 2499 1462 2527 suo
1477 2518 1490 2538 ,

110 2570 208 2598 cum
225 2553 333 2599 libet
348 2590 359 2611 ,
375 2555 444 2600 vel
464 2554 630 2599 auferat
652 2571 695 2599 se
712 2555 1036 2609 communioni,
1062 2554 1131 2598 vel
1156 2552 1321 2598 reddat.
1347 2555 1490 2598 Caete-

164 2647 169 2660 ¹
197 2651 209 2672 1
230 2642 301 2673 Cor·v
326 2653 370 2681 xi,
390 2652 442 2683 29*
