1790 3187
258 221 310 249 m:
343 219 529 249 mvERsis
562 220 718 257 QtAEsT.
755 219 902 247 ocroc..
938 220 1100 246 Tauris.
1316 207 1370 245 97

0 307 83 336 una
104 304 236 335 massa
257 288 339 333 luti
359 287 462 332 facti
479 301 627 331 sumus
641 321 652 342 ,
674 285 795 346 quod
814 294 877 331 est
899 300 1035 330 massa
1053 284 1234 345 peccati.
1258 286 1373 330 Cum

0 377 97 422 ergo
125 360 325 405 meritum
354 356 573 417 peccando
600 357 867 401 amiserimus
886 392 896 412 ,
922 366 965 401 et
985 354 1274 401 misericordia
1297 355 1374 400 Dei

0 441 156 477 remota
177 429 284 475 nihil
309 429 427 474 aliud
452 429 732 489 peccantibus
755 428 835 472 nisi
863 438 1024 473 aeterna
1046 427 1268 472 damnatio
1297 426 1375 471 de-

0 505 147 549 beatur
165 538 176 558 ,
196 502 272 562 qui
292 501 372 546 sibi
393 500 486 546 vult
505 501 637 546 homo
659 500 714 544 de
732 501 810 545 hac
829 516 987 555 massa,
1013 509 1063 544 ut
1086 503 1174 545 Deo
1194 514 1375 558 respon-

0 575 94 621 deat
114 583 156 620 et
171 574 286 619 dicat
306 593 314 619 :
344 593 363 616 «
385 576 527 627 Quare
549 588 618 617 me
635 572 694 617 sic
711 571 876 617 fecisti?
899 592 918 614 η
948 572 990 617 Si
1011 572 1072 617 vis
1093 572 1172 617 ista
1192 587 1378 631 cognos-

0 662 115 702 cere,
150 645 239 690 noli
267 660 357 690 esse
389 644 532 689 lutum
551 679 562 699 ,
598 643 673 688 sed
701 643 871 688 efficere
906 643 1021 688 filius
1045 643 1122 688 Dei
1161 659 1236 702 per
1263 642 1378 687 illius

0 715 327 762 misericordiam
344 750 355 771 ,
386 716 462 776 qui
489 714 612 759 dedit
637 723 897 774 potestatem
930 713 1040 759 filios
1068 713 1144 759 Dei
1172 714 1266 758 fieri
1290 729 1379 759 cre-

0 788 198 834 dentibus
229 788 275 832 in
304 786 481 832 nomine
507 788 624 847 ejus¹
645 807 656 845 3
680 802 769 831 non
796 795 940 830 autern
961 821 972 840 ,
1006 785 1127 846 quod
1155 795 1204 830 tu
1226 787 1348 845 cupis
1367 821 1377 839 ,

0 868 228 919 antequam
245 857 450 913 credant,
468 856 613 903 divina
632 872 756 901 nosse
770 857 1061 916 cupientibus.
1084 859 1248 901 Merces
1266 856 1381 900 enim

0 929 253 989 cognitionis
282 929 445 973 meritis
479 927 703 983 redditur,
742 926 961 972 credendo
995 936 1142 972 autem
1177 927 1383 971 meritum

0 1009 284 1059 comparatur.
316 1002 413 1059 Ipsa
444 1008 588 1043 autem
614 998 749 1057 gratia
781 1013 880 1058 quae
910 998 1008 1042 data
1030 1008 1093 1041 est
1114 1013 1191 1057 per
1221 996 1379 1050 fidem,

2 1070 128 1117 nullis
158 1071 312 1115 nostris
347 1070 508 1114 meritis
542 1067 890 1128 praecedentibus
922 1068 1022 1112 data
1056 1078 1133 1113 est.
1162 1067 1292 1121 Quod
1322 1077 1386 1112 est

0 1141 113 1186 enim
140 1142 343 1186 meritum
377 1140 613 1201 peccatoris
642 1149 685 1185 et
718 1140 869 1200 impii?
901 1140 1098 1186 Christus
1126 1149 1271 1184 autem
1307 1155 1386 1199 pro

1 1211 142 1272 impiis
173 1221 216 1258 et
245 1212 543 1272 peccatoribus
571 1219 767 1256 mortuus
799 1212 913 1266 est2,
947 1219 997 1255 ut
1029 1209 1085 1255 ad
1117 1209 1387 1255 credendum

0 1297 87 1326 non
109 1283 286 1337 merito,
309 1282 383 1327 sed
404 1282 538 1341 gratia
557 1298 833 1338 vocaremur,
853 1280 1074 1326 credendo
1092 1290 1238 1325 autem
1257 1282 1386 1324 etiam

0 1352 206 1397 meritum
230 1351 553 1398 collocaremus.
589 1356 836 1397 Peccatores
867 1352 999 1410 igitur
1021 1352 1196 1395 credere
1222 1351 1387 1410 juben—

0 1432 90 1478 tur,
125 1432 175 1468 ut
215 1440 238 1468 a
276 1425 460 1483 peccatis
498 1424 716 1468 credendo
746 1432 1002 1483 purgentur.
1033 1423 1243 1468 Nesciunt
1271 1422 1389 1466 enim

0 1494 107 1555 quid
139 1504 254 1540 recte
287 1494 472 1540 vivendo
499 1495 631 1539 visuri
659 1495 760 1540 sint.
798 1497 1074 1554 Quapropter
1107 1510 1207 1538 cum
1243 1494 1390 1539 videre

2 1581 90 1611 non
110 1567 300 1626 possint,
325 1567 406 1611 nisi
436 1575 552 1612 recte
583 1566 754 1622 vivant,
780 1582 859 1611 nec
882 1575 999 1610 recte
1020 1567 1165 1611 vivere
1187 1565 1388 1622 valeant,

2 1637 81 1681 nisi
94 1638 300 1695 credant,
324 1635 603 1681 manifestum
624 1647 686 1681 est
709 1654 731 1681 a
752 1636 839 1681 fide
859 1637 1156 1697 incipiendum
1175 1672 1184 1692 ,
1212 1647 1261 1682 ut
1284 1653 1389 1696 prae-

3 1717 127 1767 cepta
161 1709 323 1768 quibus
357 1708 583 1753 credentes
614 1725 637 1752 a
673 1707 832 1752 saeeulo
869 1709 954 1753 hoc
993 1717 1276 1763 avertuntur,
1319 1724 1394 1753 cor

4 1779 216 1824 mundum
250 1779 432 1834 faciant,
470 1780 548 1823 ubi
586 1778 721 1823 videri
748 1783 860 1824 Deus
892 1780 1040 1839 possit.
1079 1799 1097 1822 «
1124 1781 1244 1824 Beati
1277 1780 1393 1823 enim

7 1850 220 1895 »mundo
247 1850 400 1905 corde,
442 1850 543 1910 quia
581 1850 661 1909 ipsi
697 1854 834 1895 Deum
876 1850 1137 1895 videbu11t³.
1177 1870 1196 1893 »
1228 1854 1284 1895 Et
1317 1866 1394 1910 per

0 1921 275 1982 prophetiam
299 1920 493 1975 canitur,
528 1939 546 1961 «
576 1923 626 1964 In
656 1920 930 1979 simplicitate
955 1921 1097 1966 cordis
1123 1922 1307 1982 quaerite
1338 1921 1394 1965 il-

0 1987 26 2066 l»
51 1989 185 2035 lum4.
215 2009 235 2033 »
272 1993 546 2050 Quapropter
568 2000 682 2035 recte
713 1991 872 2035 dicitur
903 1992 1157 2036 hominibus
1180 1993 1225 2036 in
1248 2002 1395 2037 vetus-

0 2069 92 2138 ltate
113 2062 214 2106 vitae
236 2062 514 2106 manentibus
535 2096 545 2116 ,
577 2071 618 2105 et
642 2071 869 2121 propterea
902 2062 1184 2107 tenebrosum
1215 2063 1394 2108 oculum

2 2133 160 2184 {animae
183 2134 434 2192 gerentibus
462 2153 469 2178 :
508 2152 527 2175 «
554 2135 590 2177 Ο
620 2134 774 2188 homo,
805 2143 853 2178 tu
875 2135 971 2194 quis
995 2149 1062 2190 es,
1096 2136 1171 2195 qui
1214 2151 1395 2194 respon-

10 2221 29 2244 »
54 2203 152 2248 deas
175 2207 289 2249 Deo?
320 2205 541 2265 Numquid
572 2204 676 2249 dicit
698 2206 954 2263 figmentum
988 2206 1027 2249 ei
1051 2207 1127 2265 qui
1160 2222 1202 2250 se
1231 2207 1354 2251 finxit
1381 2226 1389 2251 :

12 2291 31 2314 »
55 2275 195 2327 Quare
217 2290 286 2318 me
309 2275 367 2319 sic
390 2275 559 2319 fecisti?
579 2278 667 2319 Aut
690 2290 778 2319 non
800 2275 930 2319 habet
954 2285 1212 2334 potestatem
1235 2277 1396 2336 figulus

13 2362 31 2384 »
56 2343 139 2389 luti
161 2361 212 2389 ex
241 2346 392 2390 eadem
416 2347 720 2406 conspersione
747 2347 890 2391 facere
914 2346 1033 2391 aliud
1056 2347 1234 2408 quidem
1259 2365 1331 2393 vas
1354 2351 1397 2393 in

18 2434 34 2455 »
58 2415 266 2460 honorem
285 2452 296 2472 ,
333 2415 450 2460 aliud
481 2417 524 2460 in
554 2418 891 2462 contumeliam?
927 2421 1131 2479 Expurga
1163 2430 1286 2464 vetus
1312 2419 1398 2464 fer·

17 2502 35 2526 »
61 2491 300 2544 mentum⁵,
334 2498 383 2533 ut
407 2488 462 2533 sis
487 2504 597 2533 nova
628 2489 899 2549 conspersio,
924 2508 943 2531 »
976 2489 1082 2535 etin
1114 2506 1162 2535 ea
1189 2491 1279 2551 ipsa
1307 2508 1399 2537 non

65 2575 72 2592 ¹
92 2573 181 2604 Joan.
201 2584 225 2611 1,
249 2580 363 2606 12.-²
384 2575 473 2606 Rom.
494 2584 525 2615 v,
540 2571 638 2606 6.—-3
656 2574 769 2607 Matth.
791 2586 823 2616 v,
843 2574 936 2606 8.-4
954 2576 1027 2617 Sap.
1045 2587 1070 2614 1,
1092 2575 1182 2608 i.--⁵
1201 2589 1211 2609 1
1230 2579 1301 2610 Cor.
1320 2589 1349 2615 v,
1367 2590 1397 2621 7.

202 2638 331 2669 CXLV.
1190 2634 1213 2670 τ

9 2594 16 2794 't

13 2800 20 3001 'f

20 3100 24 3187 ῑ
