1790 3187
328 179 412 220 450
772 194 804 220 s.
841 191 1070 220 Auens-mm
1102 193 1279 220 merscom

323 257 559 301 constituto
578 291 589 312 ‚
632 264 864 316 antequam
904 258 1138 318 Majorinus
1171 257 1373 301 adversus
1414 256 1694 302 Caecilianum

322 328 609 372 ordinaretur.
624 329 750 372 Hunc
761 344 863 387 ergo
879 329 1230 375 interventorem¹
1245 329 1288 373 in
1305 344 1382 373 suo
1391 327 1693 375 conventiculo

324 413 348 442 a
371 398 525 443 nostris
548 398 717 442 dicebat
738 399 941 444 occisum.
969 398 1095 454 Quod
1116 397 1253 444 fateor
1270 433 1281 454 ,
1313 414 1536 459 nunquam
1570 407 1694 449 antea

322 483 495 529 ‘prorsus
518 468 752 525 audieram,
779 485 879 518 cum
901 480 989 515 tam
1014 471 1150 516 multa
1168 472 1223 518 ab
1246 471 1304 515 eis
1325 471 1492 531 objecta
1516 471 1694 515 crimina

326 541 640 596 refellerentur,
664 551 706 586 et
737 541 1097 600 redarguerentur
1129 559 1152 587 3
1181 543 1350 596 nostris,
1388 551 1516 603 atque
1550 543 1594 586 in
1623 556 1694 590 eos

322 613 446 672 plura
473 623 515 658 et
541 614 701 673 majora
732 614 993 673 jacerentur.
1022 613 1104 659 Sed
1138 623 1284 659 tamen
1315 623 1590 675 posteaquam
1611 614 1695 664 hoc

320 684 522 738 narravit,
554 699 699 729 rursus
720 699 744 728 a
766 699 834 728 me
856 684 1064 729 instanter
1087 684 1220 743 coepit
1237 699 1429 745 quaerere
1456 699 1585 744 quem
1601 684 1696 744 jus-

320 764 411 801 tum
441 766 654 815 putarem,
681 771 862 800 eum-ne
895 756 971 816 qui
1001 755 1175 811 occidit,
1209 772 1265 801 an
1287 771 1386 801 eum
1417 749 1506 816 qui*
1529 755 1695 815 occisus

317 835 450 883 esset3
472 827 594 886 quasi
611 827 702 886 jam
723 826 830 870 mihi
851 827 1133 886 probavisset,
1157 827 1214 871 ita
1250 835 1298 871 ut
1323 835 1586 882 narraverat,
1606 840 1695 876 esse

317 896 607 942 commissum.
635 896 840 946 Dicebam
856 912 974 956 ergo,
1003 897 1119 958 prius
1141 906 1288 946 utrum
1308 911 1458 948 verum
1480 905 1588 946 esset
1606 910 1695 946 esse

318 966 603 1026 quaerendum
624 987 635 1024 3
660 982 751 1013 11011
773 968 888 1013 0111111
913 977 1075 1012 temere
1097 967 1215 1012 credi
1245 976 1444 1027 oportere
1471 981 1695 1027 quaecum-

317 1053 402 1097 que
423 1037 628 1087 dicuntur
653 1057 662 1082 :
686 1048 730 1085 et
748 1048 892 1083 tamen
911 1039 1004 1083 fieri
1026 1038 1231 1099 potuisse,
1257 1048 1306 1087 ut
1330 1038 1397 1082 vel
1419 1037 1546 1086 ambo
1568 1051 1694 1098 aeque

316 1107 418 1152 mali
435 1117 589 1161 essent,
611 1107 687 1153 vel,
701 1108 831 1153 etiam
852 1110 1042 1168 pejorem
1056 1109 1284 1168 quisquam
1303 1107 1441 1152 malus
1460 1107 1689 1153 occideret.

318 1181 482 1227 Revera
514 1179 628 1222 enim
656 1179 749 1222 fieri
780 1187 935 1238 potest,
971 1187 1020 1222 ut
1051 1178 1296 1222 sceleratior
1327 1179 1376 1223 fit
1407 1178 1694 1238 rebaptizator

319 1249 448 1301 totius
469 1249 670 1305 hominis,
696 1264 828 1309 quam
849 1249 979 1294 solius
1003 1248 1192 1309 corporis
1215 1249 1513 1308 interemptor.

377 1322 452 1366 tx.
480 1319 604 1365 Unde
625 1321 754 1364 etiam
775 1319 899 1376 illud,
921 1320 1040 1380 quod
1061 1336 1084 1364 a
1108 1335 1177 1364 me
1199 1328 1347 1379 postea
1368 1319 1580 1379 quaesivit,
1598 1321 1688 1380 jam

317 1391 600 1449 quaerendum
620 1406 709 1435 11011
723 1399 826 1436 erat.
846 1390 917 1436 Ait
930 1395 1044 1436 enim
1058 1391 1186 1436 0113111
1203 1390 1367 1435 malum
1385 1406 1474 1440 non
1490 1389 1690 1439 debuisse

318 1460 456 1505 occidi
477 1478 499 1505 a
521 1461 772 1506 Christianis
794 1471 836 1506 et
864 1461 989 1522 justis
1010 1482 1020 1518 3
1050 1462 1170 1522 quasi
1207 1477 1285 1506 nos
1316 1477 1409 1527 eos1
1434 1460 1510 1522 qui
1532 1461 1625 1506 haec
1644 1460 1690 1509 in

317 1530 539 1581 Catholica
560 1531 743 1586 faciunt,
763 1534 902 1592 justos
928 1548 1131 1578 vocemus
1158 1552 1167 1578 ;
1192 1549 1290 1593 quae
1313 1542 1460 1578 tamen
1479 1532 1604 1578 nobis
1634 1531 1690 1576 ab

315 1601 402 1646 istis
425 1601 508 1646 dici
530 1602 696 1647 facilius
716 1618 847 1663 quam
870 1604 1043 1662 probari
1076 1602 1241 1659 solent,
1283 1619 1384 1648 cum
1417 1614 1505 1648 tam
1531 1602 1690 1647 multas

313 1674 638 1720 violentissimas
663 1675 801 1719 caedes
823 1684 866 1720 et
893 1686 1052 1735 strages
1081 1675 1276 1736 plerique
1298 1677 1488 1735 ipsorum
1512 1685 1555 1719 et
1575 1675 1688 1734 epis-

315 1746 412 1804 copi
433 1755 477 1790 et
497 1746 737 1805 presbyteri
771 1756 813 1791 et
845 1746 1031 1806 quilibet
1065 1746 1208 1791 clerici
1250 1746 1518 1804 congregatis
1552 1745 1690 1794 turbis

316 1815 542 1862 hominum
571 1816 973 1872 furiosissimorum,
1010 1832 1099 1861 non
1133 1815 1356 1861 catholicis
1388 1825 1578 1871 tantum,
1614 1814 1690 1859 sed

313 1900 628 1946 nonnunquam
641 1886 769 1932 etiam
786 1887 886 1942 suis,
911 1887 988 1930 ubi
1009 1895 1206 1946 possunt,
1221 1886 1380 1931 inferre
1397 1902 1486 1931 non
1502 1894 1684 1933 cessent.

315 1958 422 2009 Quae
437 1972 538 2001 cum
556 1958 612 2002 ita
627 1958 726 2012 sint,
738 1957 1011 2003 dissimulans
1031 1958 1238 2003 tamenab
1254 1957 1583 2002 sceleratissimis
1598 1956 1689 2000 13οψ

316 2025 368 2070 113
383 2042 575 2082 suorum,
592 2043 691 2087 quae
705 2027 794 2086 ipse
814 2027 911 2087 plus
933 2029 1071 2084 novit,
1099 2029 1281 2087 urgebat
1301 2028 1572 2082 utdicercm,
1592 2026 1688 2087 quis

313 2097 526 2155 justorum
548 2097 616 2143 vel
635 2096 798 2144 malum
834 2098 1024 2158 aliquem
1047 2097 1265 2143 occiderit.
1296 2098 1424 2151 Quod
1445 2096 1610 2142 etiamsi
1632 2095 1686 2145 ad

316 2183 487 2216 causam
516 2170 605 2229 jam
631 2185 720 2213 non
748 2170 1022 2229 pertinebat,
1045 2170 1291 2215 fatebamur
1322 2169 1438 2213 enim
1463 2169 1556 2213 11300
1587 2167 1687 2213 ubi—

316 2254 502 2299 cumque
524 2240 604 2284 sub
628 2241 803 2285 nomine
825 2241 1059 2286 christiano
1082 2241 1249 2296 fierent,
1272 2255 1360 2284 non
1376 2239 1469 2283 fieri
1486 2255 1510 2283 a
1531 2238 1683 2283 bonis:

315 2306 388 2354 sed
401 2321 545 2357 tamen
558 2320 607 2356 ut
623 2312 927 2358 admoneretur
945 2313 1052 2374 quid
1073 2322 1181 2357 esset
1201 2311 1503 2372 quaerendum,
1516 2325 1684 2370 respon-

315 2380 471 2436 dimus,
491 2392 733 2442 quaerentes
754 2392 902 2429 utrum
924 2383 1041 2431 Elias
1059 2384 1200 2443 justus
1223 2383 1261 2427 ei
1277 2381 1494 2429 videretur
1515 2381 1644 2426 fuisse
1671 2399 1680 2424 :

311 2450 428 2509 quod
450 2467 606 2511 negare
624 2469 714 2498 non
730 2455 886 2513 potuit.
914 2453 1082 2499 Deinde
1102 2454 1361 2514 subjecimus
1378 2468 1506 2513 quam
1524 2451 1683 2498 multos

357 2542 363 2558 ¹
386 2538 587 2570 Inter-ventor
606 2538 772 2573 dicebatur
788 2541 862 2584 qui,
884 2544 1026 2574 vacante
1040 2540 1135 2581 sede,
1154 2539 1285 2581 regebat
1301 2536 1483 2572 Ecclesiam·
