1790 3187
335 229 387 270 44
761 244 792 266 ε.
830 239 1059 269 ΑυθυεΤιΝῐ
1096 242 1276 271 EPISCOPI

334 323 408 367 per
440 316 607 366 tempus
629 316 669 350 et
705 306 836 359 locos,
873 315 916 350 et
942 308 1083 351 anima
1115 308 1203 366 ipsa
1226 306 1464 361 rationalis,
1495 306 1616 367 quod
1639 307 1720 351 ali-

331 378 509 437 quando
529 378 713 437 sapiens,
732 376 967 436 aliquando
982 376 1112 422 stulta
1130 387 1209 431 est,
1229 378 1514 422 ‘mutationem
1538 378 1715 436 patitur.
1755 400 1758 402 v
1779 378 1781 391 '

331 452 459 502 Quod
483 459 626 492 autem
653 463 821 506 scmper
842 447 994 492 eodem
1014 448 1144 493 modo
1162 457 1240 503 est,
1267 447 1420 493 melius
1443 448 1639 508 profecto
1656 458 1719 493 est

328 535 459 579 quam
477 519 521 562 id
544 517 662 579 quod
683 533 770 562 non
793 518 851 561 ita
870 526 947 561 est.
972 521 1058 563 Nec
1077 518 1317 578 quidquam
1341 528 1403 562 est
1425 517 1578 562 melius
1595 518 1718 563 ratio-

329 590 414 634 nali
437 591 598 644 anima,
627 589 706 632 nisi
726 592 853 632 Deus.
881 590 994 633 Cum
1014 590 1146 648 igitur
1167 588 1371 647 intelligit
1390 588 1579 648 aliquid,
1598 590 1717 648 quod

325 675 493 720 semper
517 659 670 704 codem
694 660 824 703 modo
848 674 937 702 sose
961 659 1117 714 habet,
1143 661 1284 719 ipsum
1307 660 1397 704 sine
1428 660 1565 704 dubio
1588 660 1718 703 intel-

326 730 433 789 ligit.
481 733 582 774 Haec
616 740 760 775 autem
790 739 853 774 cst
884 730 973 789 ipsa
995 731 1149 775 veritas
1177 752 1187 789 3
1215 732 1284 775 cui
1304 732 1403 790 quia
1432 730 1717 789 intelligendo

322 802 464 846 anima
489 801 708 846 rationalis
726 802 949 862 jungitur,
975 810 1017 846 et
1037 802 1120 847 hoc
1137 803 1301 847 bonum
1325 811 1389 845 θεῖ
1406 802 1575 857 animae,
1602 810 1716 845 recte
1775 805 1776 809 ’

323 872 534 931 accipitur
567 871 611 916 id
633 887 723 917 esse
756 871 876 933 quod
899 872 1067 917 dictum
1089 881 1152 918 est
1185 892 1193 917 :
1225 891 1242 915 «
1264 872 1371 917 Mihi
1397 880 1542 916 autem
1566 870 1715 916 adhae-

325 961 344 983 »
370 959 462 987 rere
488 947 574 988 Deo
591 944 760 988 honum
780 953 858 988 est.

379 1017 577 1068 QuAEsuo
618 1018 706 1059 LV.
739 1043 790 1047 —
819 1016 1028 1059 Denarius
1058 1031 1263 1060 numerus
1301 1024 1441 1075 potest
1472 1015 1714 1073 significare

324 1086 612 1130 universitatis
642 1086 880 1130 scientiam.
904 1089 1012 1140 Quae
1034 1087 1065 1130 si
1091 1086 1144 1130 ad
1170 1086 1373 1130 interiora
1397 1095 1440 1129 ct
1467 1084 1714 1143 intelligibi-

321 1154 375 1199 lia
396 1155 632 1212 referatur,
660 1173 758 1216 quac
780 1157 948 1201 senario
975 1173 1156 1201 numero
1179 1157 1496 1216 significantur,
1521 1156 1570 1198 fit
1591 1156 1712 1215 quasi

317 1226 629 1282 decies-sexies,
656 1230 774 1286 quod
795 1237 856 1272 est
879 1231 1124 1287 sexaginta:
1150 1229 1182 1272 si
1206 1228 1259 1272 ad
1283 1237 1448 1272 terrena
1474 1236 1517 1271 et
1536 1242 1713 1286 corrup·
1771 1222 1773 1225 ⁴

318 1296 453 1341 tibilia
475 1332 486 1351 ,
510 1313 608 1357 quae
632 1299 854 1342 octonario
884 1314 1067 1343 numero
1095 1299 1324 1356 significari
1358 1306 1537 1357 possunt
1563 1333 1573 1352 ,
1599 1298 1712 1341 fiunt

316 1367 641 1422 decies-octies,
688 1369 807 1428 quod
842 1379 904 1412 θεῖ
934 1370 1170 1427 octoginta.
1217 1370 1394 1426 Reginae
1434 1384 1568 1427 ergo,
1610 1377 1711 1411 sunt

315 1438 469 1481 animae
485 1450 715 1498 regnantes
736 1441 781 1483 in
805 1440 1147 1498 intelligibilibus
1165 1451 1207 1484 et
1225 1440 1504 1499 spiritalibus.
1533 1442 1710 1485 Concu-
1769 1453 1770 1457 ’

316 1508 450 1564 binae,
477 1525 576 1569 quae
597 1509 840 1554 mercedem
864 1511 1083 1570 accipiunt
1115 1521 1384 1555 terrenorum
1405 1515 1413 1535 ¹
1438 1547 1448 1565 ,
1474 1510 1529 1554 de
1549 1511 1708 1571 quibus
1767 1565 1769 1569 ι

312 1578 479 1623 dictum
509 1591 569 1624 θεῖ
606 1601 613 1625 ;
644 1601 659 1621 ι’(
689 1585 960 1641 Acceperunt
986 1582 1227 1627 mercedem
1265 1597 1386 1626 suam
1418 1585 1450 1626 ’ἢ
1482 1600 1500 1622 »
1532 1580 1707 1625 Adoles-
1767 1574 1769 1583 ’

310 1651 498 1695 centulae
516 1688 526 1706 ,
552 1669 736 1712 quarum
763 1669 851 1697 non
874 1663 937 1697 cst
959 1669 1189 1708 numerus,
1217 1669 1403 1713 quarum
1428 1668 1517 1697 non
1540 1661 1604 1696 est
1626 1652 1706 1696 de-
1766 1649 1768 1671 ⁶

313 1722 537 1765 terminata
562 1722 754 1776 scientia,
773 1733 816 1766 et
838 1722 1014 1767 diversis
1044 1723 1322 1781 dogmatibus
1352 1722 1585 1782 periclitari
1611 1738 1704 1782 pos-

311 1801 411 1835 sunt
438 1812 446 1836 :
473 1802 521 1837 ut
540 1809 770 1847 numerus,
794 1793 912 1852 quod
935 1793 1100 1838 dictum
1134 1804 1223 1847 est,
1245 1796 1458 1853 significet
1480 1803 1639 1838 certam
1662 1803 1705 1838 et

311 1861 600 1907 indubitatam
621 1865 994 1908 confirmationem
1018 1866 1226 1909 scientiae.
1763 1916 1765 1919 v

369 1936 566 1986 QUAEsno
585 1937 696 1978 LVI.
715 1963 767 1967 -—
790 1937 870 1980 Sex
889 1951 1061 1990 novem,
1079 1936 1328 1989 duodecim,
1355 1937 1505 1979 decem
1528 1945 1569 1980 et
1583 1946 1698 1989 octo,

310 2004 402 2047 haec
435 2005 477 2047 in
502 2021 638 2048 unum
662 2006 773 2049 fiunt
796 2005 1317 2066 quadraginta-quinquc.
1355 2006 1479 2051 Adde
1510 2022 1613 2065 ergo
1633 2009 1701 2066 ip·
1762 2034 1763 2047 i

309 2091 404 2118 sum
433 2091 569 2120 unum
589 2112 599 2131 ,
630 2077 741 2120 fiunt
764 2078 1147 2136 quadraginta-sex
1176 2098 1183 2122 :
1212 2079 1295 2121 hoc
1318 2079 1465 2133 sexies,
1485 2079 1598 2122 fiunt
1619 2079 1702 2122 du-
1761 2066 1763 2107 l

308 2149 843 2206 centa-scptuaginta-sex.
880 2149 1043 2192 Dicitur
1074 2159 1218 2193 autern
1251 2150 1480 2208 conceptio
1510 2151 1699 2193 humana

308 2218 366 2262 sic
392 2219 623 2277 procedere
645 2230 687 2263 et
712 2220 888 2279 perfici,
916 2230 964 2264 ut
991 2221 1137 2280 primis
1163 2237 1233 2264 sex
1253 2221 1407 2265 diebus
1430 2221 1552 2280 quasi
1578 2221 1700 2265 lactis
1759 2256 1760 2262 ,

307 2288 465 2333 habeat
483 2289 824 2345 similitudinem,
852 2291 1134 2350 sequentibus
1158 2307 1312 2335 novem
1338 2292 1491 2336 (liebus
1514 2307 1698 2336 conver-
1758 2329 1759 2334 ,

309 2368 424 2402 tatur
458 2360 502 2403 in
532 2362 814 2419 sauguinem,
842 2362 1000 2405 deinde
1023 2361 1254 2406 duodecim
1284 2362 1438 2406 diebus
1468 2362 1694 2417 solidetur,
1758 2402 1759 2408 ,

306 2429 481 2490 reliquis
501 2431 649 2475 decem
677 2441 719 2475 ct
741 2442 838 2476 octo
862 2432 1016 2476 diebus
1043 2433 1252 2476 formetur
1276 2449 1414 2491 usque
1431 2433 1481 2476 ad
1507 2434 1697 2492 perfecta
1756 2452 1758 2479 i

357 2539 362 2554 ¹
392 2534 482 2564 Cant.
507 2545 549 2571 vi,
572 2543 600 2571 ς.
621 2541 686 2557 --2
707 2535 818 2566 Mami.
840 2546 873 2570 u,
904 2536 950 2567 16.
970 2554 1010 2558 -
1030 2535 1041 2557 3
1069 2538 1158 2570 Joan,
1187 2547 1245 2572 xii,
1271 2537 1321 2567 31.
1339 2534 1405 2565 ——fu
1428 2536 1503 2567 Vide
1531 2535 1586 2567 lib.
1608 2547 1637 2567 iv
1657 2536 1696 2568 de
1756 2554 1757 2564 κ

305 2587 413 2620 'Pi-init.
433 2598 506 2630 cap.
531 2588 560 2620 5.
