1790 3187
376 218 458 256 100
814 231 846 254 s.
884 228 1110 256 AUGUSTtNI
1146 230 1324 256 EPISCOPI

369 293 450 337 sibi
473 302 615 352 potest
638 293 827 337 tribuere
849 293 968 352 quod
988 303 1166 338 vocatus
1189 304 1266 338 est.
1292 295 1378 348 Qui
1403 304 1548 339 autem
1572 305 1748 342 vocatus
1788 322 1790 327 ·

370 379 459 408 non
480 364 624 418 venit,
649 364 759 407 sicut
781 378 869 407 non
890 363 1044 409 habuit
1067 365 1268 409 meritum
1298 366 1464 424 praemii
1495 375 1544 410 ut
1568 382 1759 411 vocare--

371 443 441 479 tur
458 470 469 490 ,
489 435 548 479 sic
565 435 741 479 inchoat
757 434 957 479 meritum
979 435 1147 495 suplicii
1170 451 1269 480 cum
1301 446 1478 481 vocatus
1505 438 1650 481 venire
1672 453 1749 481 ne·
1786 467 1789 474 ·

370 506 565 565 glexerit.
589 509 654 550 Ita
676 514 803 549 erunt
825 505 913 550 duo
933 505 1006 550 illa
1033 526 1042 551 ε
1078 526 1097 549 ι(
1118 507 1452 552 Misericordiam
1478 517 1520 551 et
1534 507 1749 567 judicium
1786 502 1790 534 ·’

371 595 390 617 »
417 577 604 621 cantabo
624 576 719 629 tibi,
741 577 963 620 Domine1.
986 595 1005 617 n
1024 576 1091 621 Ad
1115 577 1448 622 misericordiam
1471 578 1659 637 pertinet
1675 593 1750 622 vo·
1785 605 1788 611 ι

367 648 480 691 catio
510 666 519 692 z
553 646 606 691 ad
622 645 837 706 judicium
859 647 1048 706 pertinet
1081 647 1308 693 beatitudo
1337 663 1486 693 eorum
1517 648 1594 708 qui
1614 663 1747 693 vene-
1776 658 1790 683 '³

367 726 470 762 runt
501 718 664 772 vocati,
697 727 740 762 et
761 718 1019 777 supplicium
1045 733 1196 763 eorum
1219 719 1294 779 qui
1320 720 1467 763 venire
1492 718 1743 763 noluerunt.

363 788 589 848 Numquid
614 803 715 847 ergo
738 789 902 833 latebat
935 789 1204 834 Pharaonem
1227 798 1441 848 quantum
1467 789 1572 834 boni
1593 804 1747 833 conse·
1782 797 1783 851 J

363 869 477 904 cutae
494 859 658 904 fuerint
676 869 801 904 terrae
819 859 905 903 illae
921 875 999 919 per
1016 859 1253 905 adventum
1271 861 1431 920 Joseph
1443 861 1488 903 ²?
1511 859 1632 903 Illius
1648 873 1748 917 ergo

364 931 425 974 rei
448 940 577 989 gestae
609 931 824 990 cognitio,
860 931 1029 975 vocatio
1053 932 1142 991 ejus
1171 930 1253 975 fuit
1269 966 1279 986 ,
1311 939 1359 975 ut
1380 929 1592 990 populum
1617 929 1748 974 Israe'l

363 1000 698 1046 misericorditer
731 1010 915 1046 tractans
948 1017 1037 1046 non
1065 1011 1174 1045 esset
1198 1002 1406 1060 ingratus.
1443 1000 1572 1054 Quod
1601 1009 1748 1044 autem

362 1071 465 1115 huic
484 1072 701 1116 vocationi
723 1072 1023 1131 obtemperare
1045 1071 1187 1116 noluit
1206 1107 1216 1126 ‚
1243 1071 1317 1116 sed
1346 1071 1536 1115 exercuit
1558 1071 1747 1116 crudeli-

362 1151 497 1186 tatem
514 1143 559 1186 in
576 1143 657 1198 eis,
676 1143 835 1202 quibus
854 1144 1098 1187 humanitas
1116 1153 1158 1188 et
1177 1143 1467 1187 misericordia
1484 1141 1743 1197 debebatur,
1778 1175 1780 1182 .

363 1213 522 1257 meruit
543 1229 721 1273 poenam
742 1248 753 1268 2
778 1223 828 1257 ut
853 1213 1131 1258 induraretur
1149 1213 1211 1257 illi
1232 1229 1326 1268 cor,
1361 1223 1406 1257 et
1432 1222 1598 1257 tantam
1619 1213 1746 1258 caeci·
1778 1235 1780 1238 >

362 1290 497 1327 tatem
515 1283 670 1327 mentis
692 1292 913 1343 pateretur
928 1318 939 1338 ,
957 1293 1006 1327 ut
1023 1293 1088 1328 tot
1110 1293 1152 1327 et
1170 1285 1299 1328 tantis
1317 1293 1493 1343 tamque
1511 1283 1746 1327 manifestis

362 1354 440 1397 Dei
461 1354 590 1413 signis
613 1369 700 1398 non
721 1353 974 1412 crederet33
999 1370 1088 1414 quo
1116 1363 1258 1414 posset
1281 1355 1371 1414 ejus
1393 1353 1604 1414 supplicio
1622 1389 1633 1408 ,
1658 1354 1746 1399 sive
1776 1344 1777 1349 Ἰ

360 1424 661 1469 obdurationis
677 1460 688 1479 ,
713 1426 802 1469 sive
824 1425 990 1469 ultimae
1020 1424 1198 1469 visibilis
1220 1425 1526 1470 submersionis
1542 1460 1553 1480 ,
1584 1423 1746 1468 erudiri
1767 1413 1771 1491 l

361 1494 548 1554 populus
563 1530 573 1550 ,
609 1496 731 1555 cujus
755 1495 987 1539 afflictione
1009 1494 1082 1539 ille
1100 1531 1110 1550 ‚
1137 1505 1180 1539 et
1203 1495 1385 1540 occultae
1412 1495 1649 1540 obtusionis
1668 1529 1678 1550 ,
1703 1501 1745 1538 et
1766 1544 1768 1546 ,

361 1565 601 1610 manifestae
623 1566 931 1610 submersionis
954 1567 1156 1610 meritum
1178 1567 1257 1610 sibi
1279 1575 1564 1626 compararet.
1765 1552 1769 1610 l

421 1640 482 1681 6⁰.
502 1641 604 1682 Haec
623 1647 765 1681 autem
785 1638 970 1692 vocatio,
990 1653 1089 1697 quae
1107 1638 1195 1681 sive
1212 1638 1257 1681 in
1280 1637 1456 1695 singulis
1475 1637 1741 1691 hominibus,

361 1709 450 1754 sive
477 1709 522 1752 in
545 1709 732 1768 populis,
758 1718 889 1769 atque
911 1711 956 1752 in
972 1709 1064 1768 ipso
1083 1724 1237 1766 genere
1263 1710 1455 1753 humano
1474 1724 1551 1768 per
1572 1718 1743 1767 tempo-

363 1794 460 1823 rum
475 1779 821 1839 opportunitates
842 1789 1061 1838 operatur,
1079 1778 1176 1823 altae
1195 1789 1237 1823 et
1258 1778 1490 1838 profundae
1505 1779 1743 1824 ordinatio-

360 1849 427 1893 nis
444 1859 523 1893 est.
545 1852 642 1903 Quo
665 1849 851 1909 pertinet
869 1849 994 1893 etiam
1014 1848 1139 1904 illud,
1160 1869 1179 1891 «
1198 1853 1248 1893 In
1267 1858 1391 1894 utero
1408 1850 1666 1893 sanctificavi
1682 1858 1740 1904 te,
1762 1867 1770 1910 ιε

363 1938 383 1961 ))
403 1929 446 1964 et
466 1935 565 1964 cum
585 1935 695 1964 esses
717 1921 762 1963 in
778 1920 956 1963 renibus
975 1920 1108 1978 patris
1126 1920 1206 1975 tui,
1227 1920 1315 1963 vidi
1334 1921 1417 1963 te4.
1443 1938 1462 1960 »
1481 1923 1552 1974 Et,
1573 1919 1741 1964 «Jacob
1760 1915 1768 1966 Ι·

360 2009 381 2032 »
399 1990 543 2046 dilexi,
569 1992 682 2035 Esaii
701 2001 845 2035 autem
871 1991 971 2035 odio
993 1991 1168 2035 habui⁵.
1190 2010 1209 2032 »
1236 2006 1337 2035 cuni
1359 1990 1522 2035 dictum
1547 1991 1600 2035 sit
1622 1980 1762 2035 ante-¹

355 2077 488 2122 quam
511 2071 805 2107 nascerentur.
831 2065 919 2108 Nec
942 2062 1253 2122 comprehendi
1277 2071 1433 2122 potest,
1462 2062 1542 2106 nisi
1562 2060 1671 2107 forte
1689 2061 1741 2106 ab

353 2133 413 2177 eis
435 2134 511 2193 qui
526 2133 713 2192 diligunt
731 2138 867 2178 Deum
884 2149 936 2178 ex
958 2142 1050 2178 toto
1064 2134 1194 2178 corde
1212 2143 1254 2178 et
1269 2150 1319 2178 ex
1336 2143 1423 2178 tota
1444 2134 1602 2188 anima,
1624 2143 1667 2178 et
1689 2149 1740 2177 ex

352 2212 442 2248 tota
462 2213 608 2249 mente
625 2220 717 2259 sua,
746 2214 788 2249 et
809 2204 997 2263 diligunt
1016 2205 1231 2264 proximos
1251 2220 1350 2249 suos
1375 2216 1581 2265 tanquam
1609 2220 1652 2248 se
1675 2205 1741 2263 ip·
1755 2229 1764 2264 l-

350 2277 453 2319 sosss.
468 2277 604 2318 Tanta
620 2275 735 2318 enim
749 2275 958 2319 charitate
974 2274 1143 2319 fundati
1161 2277 1434 2334 possuntjam
1450 2274 1627 2320 fortasse
1639 2289 1738 2318 cum

351 2346 516 2390 Sanctis
533 2346 901 2405 comprehendere
918 2335 1250 2401 longitudinem,
1269 2345 1562 2399 latitudinem,
1585 2346 1735 2389 altitu·
1754 2342 1758 2397 l

347 2413 520 2470 dinem,
546 2426 589 2460 et
618 2415 927 2476 profundum7.
956 2415 1071 2460 Illud
1097 2425 1242 2459 tamen
1274 2416 1616 2460 constantissima
1648 2413 1732 2459 fide
1754 2473 1755 2479 1

397 2526 402 2540 ¹
426 2519 505 2550 Psal.
523 2529 553 2556 c,
582 2531 609 2550 1.
624 2536 662 2542 —-
706 2521 784 2552 Gen.
806 2530 868 2550 xm.
887 2535 925 2541 -
943 2516 954 2540 3
973 2519 1073 2550 Exod.
1098 2529 1127 2555 v,
1148 2519 1180 2556 6,
1202 2525 1233 2550 ct
1250 2530 1306 2559 vn,
1326 2521 1380 2551 28.
1395 2535 1430 2540 —-
1446 2517 1461 2542 Δ
1475 2520 1596 2550 Jerem.
1614 2530 1638 2560 1,
1656 2517 1755 2549 5.-

350 2572 365 2598 5
383 2575 521 2608 Malacli.
543 2587 564 2616 ι,
586 2585 603 2607 2
623 2576 701 2608 ⁴:13.
722 2591 754 2598 -
771 2573 784 2598 fi
805 2578 896 2608 Dent.
920 2586 960 2615 vi,
980 2574 1012 2616 ἶ),
1035 2580 1067 2607 et
1084 2575 1201 2606 matth.
1224 2586 1298 2613 xxii,
1320 2575 1372 2617 57.
1389 2582 1456 2607 -7
1478 2574 1661 2617 Ephes.1n‚
1685 2573 1732 2606 18.
1751 2594 1754 2616 Υ
