1790 3187
338 179 423 220 240
770 187 802 216 s.
838 188 1068 216 Aususnm
1101 189 1280 216 13121500121

336 255 467 302 corde
483 257 523 313 ¹3
550 263 717 299 rectum
735 262 880 298 autem
900 269 968 298 cor
997 262 1082 309 est,
1107 269 1196 298 non
1219 253 1413 297 resistere
1432 255 1544 313 patri
1568 269 1718 298 emen·
1738 269 1741 271 ·
1761 247 1764 268 ’

337 326 484 381 danti,
509 335 552 370 et
573 324 747 370 credere
768 323 993 383 pollicenti
1020 343 1028 370 ε
1055 340 1144 370 non
1166 339 1316 369 eorum
1339 325 1497 383 quibus
1525 339 1719 369 commo-

337 406 494 443 ventur
504 397 649 456 pedes,
664 395 1010 440 eteffunduntur
1025 411 1191 455 gressus
1208 404 1339 456 atque
1357 394 1583 450 labuntur,
1607 396 1720 440 sicut

337 469 383 512 in
404 468 487 512 alio
512 466 681 511 Psalmo
698 466 890 522 canitur,
909 466 1015 511 dum
1032 467 1171 511 zelant
1189 467 1235 510 in
1250 466 1550 526 peccatoribus
1568 482 1720 526 pacem

336 548 615 600 peccatorum
637 536 858 582 videntes2
875 573 886 592 ‚
916 548 957 583 et
981 547 1138 598 putant
1162 538 1301 597 perire
1327 553 1458 596 opera
1491 553 1588 590 sua,
1620 538 1722 597 quia
1760 528 1764 542 '

337 625 428 654 non
462 610 521 654 eis
556 623 718 653 merces
751 608 947 653 redditur
972 609 1179 669 peritura.
1214 611 1271 652 At
1293 608 1372 652 iste
1402 608 1465 652 vir
1493 608 1569 667 qui
1598 608 1722 651 timet
1774 640 1775 643 ,

337 680 573 724 Dominum
589 713 600 734 ‚
626 688 669 723 et
690 679 735 722 in
756 678 969 738 templum
990 688 1186 723 sanctum
1209 678 1286 721 Dei
1307 677 1588 722 conversione
1615 677 1722 722 recti

337 750 480 795 cordis
502 758 697 809 aptatur,
719 764 798 794 nec
821 750 1001 808 gloriam
1023 750 1249 794 hominum
1272 749 1454 808 quaerit,
1479 764 1560 793 nec
1582 758 1719 792 terre·
1776 779 1779 782 >

336 837 412 865 nas
434 820 603 865 divitias
624 821 890 880 concupiscit
913 840 921 865 :
947 830 989 865 et
1011 830 1155 865 tamen
1170 857 1181 877 ,
1208 840 1227 863 «
1253 820 1401 865 Gloria
1424 830 1466 864 et
1494 820 1655 865 divitiae
1677 821 1722 864 in
1760 867 1763 884 ÷

339 910 359 934 »
386 893 517 937 domo
540 893 674 953 ejus3.
704 910 724 934 >)
756 896 918 937 Domus
947 894 1062 936 enim
1085 894 1175 952 ejus
1201 908 1275 936 cor
1302 893 1392 952 ejus
1414 901 1475 935 cst
1492 927 1502 945 ,
1528 891 1604 934 ubi
1633 894 1721 935 Deo

334 962 542 1008 laudante
564 963 813 1023 opulentius
836 963 1002 1008 habitat
1023 979 1123 1007 cum
1146 979 1220 1022 spe
1242 964 1341 1007 vitae
1363 972 1538 1006 aeternae
1554 997 1564 1017 ,
1589 976 1720 1021 quam
1784 967 1786 972 ’

336 1033 587 1078 hominibus
611 1032 892 1077 adulantibus
915 1034 960 1077 in
982 1034 1253 1077 marmoratis
1275 1032 1575 1093 laqueatisque
1599 1032 1722 1075 tectis
1780 1055 1790 1077 ι,

335 1119 436 1148 cum
465 1104 620 1148 timore
641 1103 790 1147 mortis
824 1114 1013 1147 aeternae.
1041 1105 1179 1163 Hujus
1201 1104 1316 1146 enim
1343 1122 1363 1145 «
1388 1104 1554 1163 justitia
1575 1111 1722 1146 manet
1784 1150 1785 1155 Ἰ

338 1192 358 1216 »
386 1174 432 1217 in
453 1174 660 1218 saeculum
684 1173 846 1217 saeculi.
875 1191 895 1214 »
922 1177 1018 1233 Ipsa
1039 1174 1131 1233 ejus
1150 1173 1307 1232 gloria,
1333 1173 1436 1232 ipsae
1456 1173 1634 1218 divitiae.
1659 1173 1720 1216 Il·
1759 1180 1762 1202 ¹

334 1243 418 1288 lius
433 1254 577 1289 autem
596 1259 789 1304 purpura
806 1253 849 1288 et
865 1244 1016 1301 byssus
1033 1253 1076 1288 et
1093 1243 1234 1303 epulae
1248 1242 1486 1302 splendidae
1502 1245 1517 1268 4
1529 1278 1540 1297 ,
1560 1253 1602 1287 et
1620 1258 1721 1287 cum

334 1324 493 1374 praesto
511 1324 612 1359 sunt
627 1350 637 1369 ‚
664 1324 914 1371 transeunt3
939 1323 981 1358 et
1003 1329 1103 1358 cum
1127 1313 1180 1358 ad
1203 1315 1334 1357 finem
1352 1315 1569 1369 venerint,
1596 1328 1720 1373 aquae
1759 1342 1762 1371 3
1783 1334 1787 1354 z

335 1395 500 1444 guttam
525 1401 578 1429 ex
600 1385 736 1444 digito
759 1385 949 1429 stillante
978 1384 1226 1428 desiderans
1243 1419 1254 1439 ‚
1281 1385 1436 1428 ardens
1459 1384 1606 1442 lingua
1630 1383 1719 1428 cla-
1783 1403 1787 1416 ε

335 1457 487 1500 mabit.
510 1459 611 1500 Haec
630 1466 731 1500 sunt
748 1472 847 1516 quae
875 1456 920 1499 in
942 1455 1059 1500 dicto
1077 1456 1248 1500 Psalmo
1271 1456 1516 1514 exposuisse
1539 1471 1608 1499 me
1631 1470 1722 1499 me-

335 1526 466 1580 mini,
493 1535 536 1570 ct
565 1526 620 1570 ad
651 1526 900 1585 quaestionis
930 1534 1017 1569 tuae
1049 1535 1205 1585 quarto
1227 1524 1324 1570 loco
1348 1529 1580 1586 propositae
1601 1525 1720 1569 solu-

335 1596 496 1640 tionem
536 1596 635 1639 satis
670 1611 759 1640 esse
790 1611 907 1639 nunc
937 1596 1150 1639 existimo.
1182 1595 1346 1648 Quinto
1377 1606 1524 1639 autem
1556 1595 1653 1639 loco
1676 1595 1722 1639 id

335 1665 617 1725 proposuisti,
639 1666 757 1709 unde
775 1675 872 1725 post
893 1666 1037 1710 omnia
1061 1665 1386 1724 disputaturum
1407 1681 1476 1709 me
1502 1681 1591 1710 csse
1621 1681 1722 1725 pro-

335 1736 446 1779 misi.

395 1807 593 1858 QUAEsno
622 1807 699 1849 VI.
730 1831 784 1838 -—
809 1807 868 1849 1⁰.
892 1807 1016 1850 Sexta
1037 1813 1112 1848 tua
1138 1804 1377 1864 propositio
1399 1814 1462 1849 est
1484 1823 1492 1849 :
1520 1823 1540 1847 «
1566 1807 1721 1849 Utrum
1780 1830 1784 1839 ·

330 1876 453 1935 juxta
486 1875 708 1919 historiam
739 1874 840 1918 libri
871 1878 1123 1933 Regnorum
1156 1876 1412 1933 pythonissa
1450 1876 1590 1935 ipsum
1625 1891 1723 1935 pro·

335 1946 509 2005 phetam
537 1944 780 1990 Samuelem
801 1945 855 1989 de
874 1945 1046 1990 inferno
1064 1946 1374 1990 invocaverit5.
1402 1964 1421 1987 »

396 2017 456 2059 20.
480 2018 572 2060 Hoc
592 2032 616 2059 a
632 2031 700 2059 me
715 2016 853 2059 beatae
868 2017 1086 2060 memoriae
1106 2015 1407 2074 Simplicianus
1424 2016 1723 2060 Mediolanen-

336 2085 390 2129 sis
409 2085 636 2145 episcopus
654 2085 889 2145 aliquando
909 2085 1121 2145 quaesivit.
1152 2086 1267 2138 Quid
1290 2101 1392 2144 ergo
1421 2087 1460 2129 ei
1483 2087 1720 2145 responde-

336 2156 418 2200 rim
434 2191 445 2208 ,
470 2157 696 2201 subditum
718 2155 812 2214 lege
836 2158 870 2200 ⁶.
897 2159 1006 2200 Item
1029 2157 1210 2216 quaeris,
1231 2157 1434 2216 inquam,
1462 2166 1609 2200 utrum
1631 2157 1720 2216 spi-

337 2227 444 2271 ritus
467 2227 718 2271 immundus
737 2261 748 2281 ‚
773 2227 850 2287 qui
871 2236 962 2270 erat
993 2227 1038 2269 in
1062 2227 1320 2283 Pythonissa
1338 2262 1349 2282 ‚
1374 2228 1567 2286 potuerit
1596 2242 1722 2286 agere

336 2308 386 2343 ut
411 2298 583 2343 Samuel
616 2315 639 2343 a
672 2298 798 2343 Saiile
829 2298 1048 2342 videretur
1070 2307 1113 2341 et
1136 2297 1389 2357 loqueretur
1415 2314 1516 2343 cum
1549 2314 1614 2342 eo.
1639 2297 1723 2342 Sed
1754 2291 1757 2350 Ι

338 2369 478 2413 multo
503 2369 676 2428 majoris
698 2368 893 2412 miraculi
922 2378 985 2412 est
1005 2403 1015 2422 ,
1047 2369 1167 2428 quod
1197 2370 1285 2428 ipse
1316 2372 1492 2414 Satanas
1521 2370 1720 2428 princeps
1754 2384 1757 2438 Ι

386 2478 394 2494 ¹
416 2471 601 2512 Psal.Lxx1‚
625 2483 652 2503 1.
668 2488 705 2494 —-
723 2478 734 2492 ²
754 2471 834 2503 Ibid.
856 2480 935 2503 2.—
952 2468 1118 2511 31d-cx1,
1140 2472 1170 2502 3.
1187 2488 1227 2494 —-
1244 2472 1256 2498 4
1275 2474 1350 2505 Luc.
1370 2484 1438 2505 xvr.
1464 2471 1585 2514 19.--5
1607 2484 1618 2504 1
1640 2475 1717 2514 Reg.
1754 2466 1756 2501 l

337 2537 393 2568 xx,
412 2538 442 2569 7.
459 2525 526 2551 ...6
545 2528 592 2559 Ex
608 2526 664 2559 lib.
683 2539 703 2560 .;
721 2528 837 2565 Quaest.
860 2526 900 2559 ad
917 2525 1109 2569 Simplician.
1129 2530 1241 2569 quaest,
1265 2527 1296 2559 3.
1754 2511 1756 2604 ξ

1753 2616 1755 2634 l

1752 2785 1754 2830 ἔ
