1790 3187
0 2362 14 2399 ’μὲ

0 2400 14 2469 εἰ

0 2604 2 2621 l

28 2901 35 3187 ψ-ᾼᾼὴ,
28 2854 32 2894 ΑᾹᾸ
19 2015 31 2845 ——-———.—-——-—-——————=·.

375 219 428 246 DE
461 217 563 245 oc‘ro
596 217 783 244 mchrrn
816 213 1143 253 quffis'nomnus.
1361 203 1446 244 249

71 306 92 330 »
111 289 166 331 Et
181 285 352 345 spiritus
370 283 446 327 Dei
467 280 820 341 superferebatur
841 297 970 341 super
994 282 1198 343 aquam1?
1214 299 1233 322 »
1247 283 1313 325 An
1336 297 1448 341 quo-

69 357 183 402 niam
200 371 358 414 egenus
377 364 507 413 atque
523 354 695 411 indigus
710 368 829 396 amor
850 354 906 397 ita
931 347 1104 412 ditigiu,
1123 361 1172 396 ut
1194 351 1322 396 rebus
1342 368 1448 411 quas

69 427 205 485 diligit
239 426 507 484 subjiciatur,
527 433 753 483 propterea
782 439 879 468 cum
904 433 1316 467 commemoraretur
1350 423 1448 483 Spi-

69 499 175 544 ritus
216 497 316 550 Dei,
350 497 395 539 in
428 511 516 555 quo
552 505 698 538 saneta
731 496 823 555 ejus
856 495 1157 539 benevolentia
1185 493 1449 555 dilectioque

68 567 324 624 intelligitur
339 602 349 619 ,
367 563 599 625 superferri
622 564 761 608 dictus
784 574 846 608 est
869 567 887 608 P
909 581 963 609 nc
987 564 1183 609 facienda
1203 580 1330 625 opera
1354 580 1447 620 sua,

68 655 145 700 per
164 639 412 697 indigentiae
436 638 728 680 necessitatem
765 636 906 695 potius
927 672 938 691 ,
963 653 1090 696 quam
1116 652 1193 696 per
1216 635 1449 680 abundan-

69 711 171 756 tiam
195 709 491 754 benefieentiae
516 712 629 752 Deus
643 723 785 752 amare
803 718 1041 767 putaretur.
1055 710 1190 769 Cujus
1208 708 1266 752 rei
1285 723 1452 752 memor

67 780 301 841 Apostolus
326 780 531 831 ,dicturus
571 779 625 823 (le
654 779 886 833 charitate,
911 780 1306 839 supereminentem
1339 779 1452 822 viam

69 853 468 896 demonstraturum
492 865 536 894 se
558 850 631 893 ait.
659 853 713 893 Et
735 850 818 893 alio
838 851 934 893 loco
950 884 960 903 ,
985 869 1003 890 u
1028 849 1450 907 Supereminentem,

73 943 92 965 »
117 924 282 983 inquit,
318 923 507 966 scientiae
542 921 794 965 charitatem
835 920 1039 964 Christi&
1070 921 1220 964 «Cum
1256 935 1357 977 ergo
1395 920 1453 964 sic

69 1003 286 1053 oporteret
311 993 518 1036 insinuari
544 992 748 1051 Spiritum
778 992 871 1043 Dei,
895 1002 944 1035 ut
966 990 1198 1050 superferri
1217 990 1452 1046 diceretur,

69 1066 339 1112 commodius
376 1054 541 1109 sactum
581 1073 673 1119 est,
712 1073 762 1108 ut
799 1064 918 1123 prius
958 1064 1253 1107 insinuaretur
1290 1062 1456 1124 aliquid

70 1138 338 1191 inchoatum,
360 1137 428 1180 cui
444 1136 676 1196 superferri
694 1136 935 1180 diceretur:
959 1152 1045 1179 non
1071 1146 1217 1180 autem
1231 1135 1354 1191 loco,
1380 1133 1453 1179 sed

71 1210 213 1256 omnia
237 1219 468 1269 superante
490 1225 538 1253 ac
562 1208 838 1267 praecellente
860 1208 1068 1267 potentia.

128 1283 326 1334 Qua-sno
350 1282 401 1324 V.
423 1307 481 1313 —-
514 1288 572 1323 1⁰.
602 1282 697 1323 Jam
723 1295 839 1323 nunc
862 1278 971 1323 illud
1000 1279 1120 1339 quod
1156 1276 1458 1322 disserendum

71 1351 338 1407 distuleram,
366 1350 582 1411 paulisper
608 1350 801 1394 intende.
821 1350 987 1403 Quaeris
1005 1349 1120 1393 enim
1151 1364 1285 1409 quare
1304 1348 1459 1392 dixerit

72 1423 304 1477 Dominus,
337 1422 542 1466 nimirum
575 1421 778 1480 praescius
812 1420 1084 1475 futurorum,
1114 1438 1134 1461 «
1163 1418 1286 1478 Elegi
1320 1417 1457 1462 David

75 1511 96 1535 »
121 1492 362 1537 secundum
399 1508 473 1536 cor
507 1507 802 1549 meum,cum
837 1490 938 1535 talia
973 1500 1179 1551 tantaque
1201 1490 1291 1549 ipse
1326 1490 1459 1533 homo

75 1582 96 1606 υ
121 1563 383 1608 commiserit
401 1564 433 1607 4.
462 1580 483 1604 n

133 1637 194 1679 2⁰.
239 1635 368 1688 Quod
407 1633 620 1694 quidem,
653 1633 687 1677 si
721 1632 776 1676 de
797 1633 891 1692 ipso
926 1631 1086 1686 David,
1123 1631 1197 1692 qui
1231 1630 1463 1690 reprobato

77 1705 204 1750 Saiile
225 1713 268 1748 et
291 1705 480 1748 extincto
511 1703 595 1748 fuit
630 1720 703 1747 rex
734 1704 892 1758 Israel,
934 1704 1101 1747 dictum
1131 1701 1425 1761 intelligamus
1450 1723 1462 1760 3

75 1777 210 1835 magis
233 1777 334 1835 quia
368 1779 481 1820 Deus
504 1776 707 1835 praescius
732 1774 978 1819 futurorum
1000 1783 1090 1829 est,
1116 1774 1316 1834 praevidit
1344 1773 1388 1816 in
1411 1787 1463 1817 eo

77 1856 242 1890 tantam
268 1847 470 1905 pietatem
503 1856 680 1906 tamque
701 1861 897 1890 veracem
920 1846 1222 1904 poenitentiam
1239 1880 1249 1898 ,
1283 1853 1334 1888 ut
1355 1853 1465 1888 esset

76 1918 119 1962 in
158 1933 310 1962 eorum
352 1934 552 1972 numero,
587 1919 642 1962 de
671 1918 832 1978 quibus
871 1918 961 1976 ipse
989 1916 1128 1961 dicit:
1155 1936 1175 1958 «
1206 1917 1325 1960 Beati
1353 1931 1465 1976 quo-

80 2008 101 2032 »
127 2006 224 2034 rum
264 1991 449 2034 remissae
477 2000 579 2035 sunt
602 1990 858 2050 iniquitates
878 2025 889 2045 ,
922 1999 965 2034 et
994 2003 1183 2048 quorum
1217 1997 1331 2032 tecta
1363 1996 1466 2032 sunt

82 2083 100 2104 »
122 2072 314 2122 peccata.
342 2065 498 2106 Beatus
511 2062 591 2117 vir,
617 2063 687 2106 cui
709 2078 797 2106 non
820 2061 1053 2120 imputavit
1077 2059 1286 2104 Dominus
1309 2075 1464 2119 peeca-

81 2153 101 2177 »
127 2144 220 2178 tum
241 2137 272 2178 ⁵.
302 2153 321 2175 »
348 2136 459 2179 Cum
482 2150 583 2192 ergo
605 2134 825 2194 praesciret
844 2149 942 2177 eum
968 2136 1081 2177 Deus
1099 2141 1399 2192 peccaturum,
1424 2142 1467 2176 ct

79 2215 253 2266 peccata
278 2221 353 2250 sua
377 2206 449 2265 pia
470 2205 717 2250 humilitate
745 2214 789 2249 et
811 2205 974 2250 sincera
1000 2204 1259 2264 poenitentia
1292 2203 1467 2247 deletu-

81 2293 173 2322 rum
195 2313 206 2333 ,
245 2293 323 2322 cur
352 2293 440 2321 non
471 2277 668 2322 diceret:
710 2297 729 2319 «
766 2277 918 2321 Inveni
950 2276 1086 2320 David
1122 2273 1362 2319 secundum
1395 2289 1471 2318 cor

85 2367 105 2390 »
121 2363 265 2392 meum
285 2349 414 2403 3»cui
432 2364 520 2392 non
543 2358 633 2392 erat
651 2349 945 2408 imputaturus
968 2355 1196 2406 peccatum
1216 2354 1306 2389 tam
1330 2344 1468 2389 multa

82 2419 195 2465 bona
218 2419 410 2476 facienti,
431 2429 588 2464 etcum
606 2429 726 2465 tanta
750 2420 908 2480 pietate
929 2419 1107 2474 viventi,
1133 2428 1176 2462 et
1198 2418 1288 2477 ipsa
1309 2417 1469 2477 pietate

130 2529 138 2545 ¹
160 2524 240 2555 Gen.
268 2534 295 2564 1,
315 2523 346 2554 3.
360 2541 401 2546 —
425 2534 436 2555 ι
450 2503 455 2506 ⁹
469 2524 541 2556 Cor.
563 2534 619 2564 xn,
641 2523 693 2555 31.
710 2540 751 2546 —
768 2520 781 2545 3
804 2522 920 2564 Ephes.
940 2532 986 2558 ni,
1009 2533 1059 2563 ¹9·
1086 2538 1118 2544 x-
1133 2519 1150 2551 4
1173 2523 1247 2553 Act.
1267 2530 1335 2562 xm,
1355 2528 1408 2553 22.
1428 2537 1469 2542 —

85 2575 99 2600 ⁵
128 2577 207 2610 Psal.
225 2589 315 2619 xxxr,
338 2590 366 2610 1.
