1790 3187
196 174 250 199 DE
282 173 469 199 DlVERsls
500 171 657 208 QuAEscr.
695 172 749 199 An
780 173 1039 201 ειΜΡιιαιΑΝ.
1076 176 1159 201 Lm.
1197 177 1245 201 11.
1345 167 1424 204 195

19 281 21 289 A
43 237 192 283 versali
221 236 410 296 quadam
431 236 748 295 conspiratione
766 247 1039 295 vegetantem
1057 248 1187 298 atque
1202 241 1426 284 continen-

42 317 144 354 tem.
171 307 255 353 Sed
275 322 417 367 neque
450 308 520 352 hic
542 307 668 352 video
688 308 795 368 quid
823 309 1032 369 impediat
1064 310 1309 370 intelligere
1333 312 1428 372 Spi-

43 380 172 424 ritum
200 387 395 423 sanctum
413 412 425 433 ,
454 393 555 423 cum
584 379 674 438 ipse
698 382 811 424 Deus
842 381 959 425 dicat
990 381 1107 441 apud
1139 382 1425 441 Prophetam‚

45 468 64 492 α
88 449 261 496 Coelum
284 458 327 494 et
344 458 501 493 terram
522 464 600 508 ego
617 450 778 510 impleo
792 454 821 495 ¹.
844 470 864 494 »
886 455 983 498 Non
1001 454 1115 497 enim
1131 453 1223 497 sine
1240 469 1319 498 suo
1339 455 1429 514 Spi-

42 521 125 566 ritu
151 529 299 565 sancto
328 520 480 580 implet
503 524 617 565 Deus
642 521 805 566 eoelum
823 531 867 568 et
886 533 1063 568 terram.
1085 523 1203 577 Quid
1225 539 1328 584 ergo
1351 525 1426 569 mi«

19 597 22 611 ⁴
40 607 135 637 rum
151 592 186 636 si
204 593 260 636 de
284 592 446 652 Spiritu
466 602 616 638 sancto
638 594 730 654 ejus
753 594 921 639 dictum
950 604 1029 649 est,
1050 588 1254 655 Reple'vit
1275 597 1429 643 orbem

42 664 277 708 terrarum?
304 662 441 708 Aliter
461 665 578 708 enim
598 663 737 724 replet
758 665 1088 722 sanctificando,
1119 667 1232 712 sicut
1250 668 1305 712 de
1332 670 1430 713 Ste-

39 735 182 795 phano
204 734 382 791 dicitur,
403 755 423 778 «
445 736 654 796 Repletus
672 746 735 782 est
752 738 915 797 Spiritu
932 740 1107 783 sancto³
1125 760 1135 798 3
1158 759 1177 782 »
1200 749 1244 785 et
1264 740 1430 785 caeteris

39 805 196 850 talibus
218 825 227 851 :
253 805 376 851 aliter
396 821 497 865 ergo
516 807 654 867 replet
671 809 969 854 sanctificante
993 810 1145 867 gratia,
1170 811 1282 856 sicut
1298 826 1431 871 quos-

37 877 135 922 dam
153 887 345 936 sanctos;
375 879 500 922 aliter
527 887 759 924 attestante
783 889 917 940 atque
931 880 1161 925 ordinante
1179 883 1426 941 praesentia,

35 949 144 994 sicut
160 948 319 993 omnia.
345 949 641 1002 Quamobrem
660 950 804 995 nescio
822 959 971 995 utrum
990 961 1110 997 certo
1128 952 1276 1014 aliquo
1294 953 1428 999 docu-

36 1028 181 1065 mento
205 1021 527 1079 Scripturarum
548 1021 681 1080 possit
698 1021 868 1066 ostendi
891 1038 993 1067 cum
1017 1023 1109 1067 sine
1130 1023 1223 1068 ullo
1252 1024 1427 1070 addita·

35 1100 180 1136 mento
193 1092 353 1136 dicitur
369 1092 543 1152 spiritus
555 1093 633 1137 Dei
647 1093 715 1138 vel
732 1094 906 1153 spiritus
921 1095 1111 1151 Domini,
1127 1095 1244 1140 aliud
1261 1095 1429 1157 aliquid

33 1162 261 1222 significari
279 1179 411 1224 quam
433 1165 641 1224 Spiritum
659 1174 875 1210 sanctum.
898 1166 982 1211 Sed
1000 1167 1076 1211 etsi
1100 1176 1163 1212 est
1176 1167 1290 1213 forte
1304 1168 1428 1229 quod

33 1232 76 1277 in
91 1235 319 1293 praesentia
337 1251 427 1279 non
445 1245 659 1291 occurrat,
682 1236 792 1281 illud
808 1245 925 1281 certe
947 1238 1133 1283 arbitror
1147 1254 1237 1283 non
1259 1248 1425 1284 temere

33 1304 132 1360 dici,
166 1307 337 1365 quoties
377 1306 422 1350 in
449 1307 605 1352 sanctis
634 1307 819 1367 eloquiis
846 1318 1215 1368 commemoratur
1245 1310 1424 1369 spiritus

35 1377 125 1432 Dei,
147 1392 290 1437 nequo
308 1377 486 1423 additur
508 1378 690 1439 aliquid,
715 1380 805 1424 sive
822 1379 892 1424 ille
911 1381 1028 1424 Patri
1046 1390 1089 1425 et
1106 1380 1219 1426 Filio
1236 1381 1422 1426 consub-

33 1447 237 1492 stantialis
263 1449 446 1508 Spiritus
465 1459 661 1506 sanctus,
687 1451 775 1495 sive
797 1450 944 1511 aliqua
966 1460 1164 1497 creatura
1192 1452 1418 1497 invisibilis

32 1518 310 1578 intelligatur,
332 1518 496 1564 malum
512 1529 657 1564 tamen
672 1536 760 1564 non
784 1520 1119 1580 posseintelligi‚
1133 1522 1213 1566 nisi
1231 1521 1418 1567 addatur

31 1589 155 1633 etiam
183 1590 338 1634 malus.
355 1590 472 1636 Malo
495 1591 612 1635 enim
628 1591 731 1651 quia
751 1592 864 1635 bene
880 1593 1020 1636 utitur
1035 1596 1149 1637 Deus
1160 1593 1215 1638 ad
1229 1593 1421 1638 ministe-

24 1654 138 1714 lrium
149 1660 301 1720 judicii
318 1662 400 1717 sui,
418 1661 663 1721 appellatur
684 1663 813 1706 etiam
832 1663 923 1721 ipse
942 1663 1117 1722 spiritus
1136 1664 1230 1719 Dei,
1255 1664 1310 1709 ad
1325 1665 1416 1710 vin-

24 1715 186 1774 ¹dictam
209 1730 758 1791 malorumetdisciplinam
769 1731 840 1777 vel
862 1733 1166 1792 probationem
1180 1734 1414 1779 bonorum.

84 1804 145 1846 60.
186 1805 275 1848 Nec
314 1802 425 1848 illud
469 1819 643 1849 movere
667 1805 757 1863 jam
801 1819 879 1849 nos
917 1803 1074 1860 debet,
1114 1805 1237 1865 quod
1268 1815 1418 1865 postea

46 1872 233 1931 criptum
251 1883 342 1929 est,
368 1874 573 1918 eumdem
606 1874 779 1919 Saiilem
800 1875 956 1934 spiritu
977 1875 1054 1919 Dei
1075 1891 1206 1935 super
1233 1892 1277 1921 se
1299 1876 1416 1922 facto

57 1944 317 2004 rophetasse,
346 1945 571 2006 quomodo
593 1957 686 2005 post
709 1946 874 1991 bonum
897 1947 1096 2006 spiritum
1120 1949 1295 2007 spiritus
1318 1964 1413 1994 ma-

44 2030 112 2069 υε,
137 2024 179 2059 et
201 2032 372 2060 rursum
403 2025 503 2077 post
535 2015 699 2060 malum
723 2017 908 2062 bonusss.
943 2021 1037 2063 Hoc
1066 2018 1181 2063 enim
1211 2020 1288 2076 fit,
1321 2036 1412 2065 non

72 2086 312 2131 utabilitate
344 2087 529 2146 Spiritus
552 2088 689 2132 sancti
705 2122 716 2143 ‚
742 2089 818 2148 qui
836 2097 899 2133 est
917 2090 1288 2136 incommutabilis
1309 2107 1412 2136 cum

60 2166 148 2201 atre
162 2167 204 2202 et
218 2157 345 2214 Filio,
366 2158 442 2217 sed
461 2159 754 2203 mutabilitate
771 2160 903 2204 animi
924 2160 1123 2216 humani,
1144 2164 1234 2207 Deo
1251 2172 1411 2208 cuncta

58 2228 310 2275 istribuente
325 2265 336 2286 ‚
385 2231 474 2276 sive
517 2230 642 2275 malis
683 2247 762 2291 pro
805 2232 963 2277 merito
1006 2231 1297 2279 damnationis
1341 2233 1413 2280 vel

31 2301 354 2357 emendationis,
385 2301 473 2347 sive
494 2301 619 2347 bonis
642 2318 721 2363 pro
743 2303 941 2362 largitate
962 2305 1113 2363 gratiae
1134 2321 1239 2350 suae.
1266 2309 1413 2360 Quan-

44 2386 152 2429 {uam
188 2372 324 2418 videri
351 2374 484 2433 possit
506 2374 635 2418 etiam
666 2374 782 2418 idem
811 2374 941 2419 fuisse
975 2376 1052 2420 Dei
1084 2377 1259 2436 spiritus
1289 2394 1404 2423 sem-

31 2456 101 2500 per
119 2443 164 2487 in
189 2445 318 2504 Saiil3
342 2444 484 2489 malus
516 2454 661 2490 autem
685 2445 769 2502 illi,
800 2447 923 2507 quod
946 2449 1038 2508 ejus
1068 2451 1306 2495 sanctitatis
1340 2466 1412 2495 ca-

76 2533 86 2549 ¹
105 2529 223 2561 Jerem.
242 2541 332 2570 xxiii,
352 2529 406 2572 24.
426 2546 467 2552 —-
488 2535 501 2552 ²
527 2531 599 2562 Aet.
621 2542 665 2568 vi,
690 2531 723 2571 5,
743 2536 777 2563 et
799 2542 860 2571 vn,
880 2531 934 2564 55.
951 2549 989 2555 <-
1010 2531 1022 2556 3
1042 2542 1060 2565 2
1080 2536 1156 2575 ch.
1177 2546 1242 2575 xiv,
1266 2535 1320 2567 23.

1158 2591 1219 2626 13.

28 2575 31 2712 i

29 2723 32 2807 ¹
