1790 3187
226 222 279 250 οε
313 221 502 250 n1vnns1s
534 220 692 257 QnAEs‘r.
730 219 784 248 An
815 221 1073 249 smpucmiv.
1110 221 1193 249 mn.
1229 222 1278 250 11.
1373 211 1458 251 203

67 302 253 350 quorum
271 287 372 347 quia
393 300 531 330 unum
547 299 789 344 congruere
802 285 1019 330 credimus
1035 289 1142 340 Deo,
1164 284 1207 330 id
1221 294 1301 341 est,
1323 301 1459 346 praes-

67 359 290 414 cientiam,
321 372 529 416 negamus
555 356 600 400 in
634 372 684 401 eo
722 372 812 401 esse
848 357 1166 416 poeniteutiam.
1208 359 1320 402 Cum
1356 374 1459 404 vero

66 430 174 476 alius
204 427 436 489 liquidiore
464 428 808 472 consideratione
842 427 922 472 ista
950 437 1239 487 pertractans,
1272 431 1457 489 quaesie-

65 502 120 547 rit
152 497 524 562 quemadmodum
556 497 626 543 vel
662 499 751 558 ipsa
789 500 1057 558 praescientia
1093 502 1183 544 Deo
1216 510 1454 559 congruat,

65 582 107 618 et
137 572 349 617 invenerit
387 571 515 631 hujus
540 571 669 615 etiam
699 570 821 614 verbi
852 571 1075 615 notionem
1101 570 1214 616 illius
1245 571 1458 617 ineffabili

65 642 288 688 divinitate
325 641 455 701 longe
487 641 658 702 lateque
691 642 913 700 superari,
946 657 1036 686 non
1066 642 1249 686 miratur
1283 652 1457 688 utrum-

16 728 20 774 ῃ
63 729 146 775 que
169 713 224 758 de
244 713 318 758 illo
341 722 518 773 propter
546 711 743 757 homines
766 711 851 756 dici
870 712 1081 772 potuisse,
1108 713 1163 757 de
1180 729 1270 773 quo
1288 723 1459 758 utrum-

62 801 147 847 que
168 794 346 846 propter
383 785 526 845 ipsum
560 784 800 844 incongrue
830 784 1063 828 diceretur.
1096 784 1213 837 Quid
1245 794 1309 829 est
1342 787 1456 830 enim

61 856 351 918 praescientia,
387 856 466 899 nisi
501 854 678 899 scientia
713 854 994 898 futurorum?
1023 854 1140 908 Quid
1161 864 1306 899 autem
1331 855 1456 900 futu-

61 943 156 973 rum
175 929 366 988 estjDeO,
393 928 469 987 qui
493 927 639 971 omnia
667 926 995 986 supergreditur
1023 929 1251 986 tempora?
1275 928 1318 972 Si
1340 929 1457 973 enim

61 998 236 1045 scientia
250 999 327 1043 Dei
345 1014 410 1043 res
428 999 538 1058 ipsas
553 998 702 1052 habet,
721 1013 808 1042 non
827 1007 927 1042 sunt
945 998 983 1042 ei
1001 997 1164 1043 futurae
1180 998 1255 1044 sed
1271 1015 1458 1059 praesen-

61 1081 139 1128 tes3
150 1087 198 1116 ac
211 1086 287 1130 per
300 1071 382 1115 hoc
395 1085 484 1115 non
494 1071 582 1130 jam
596 1069 887 1129 praescientia,
901 1069 978 1114 sed
992 1079 1164 1114 tantum
1178 1071 1356 1116 scientia
1369 1071 1456 1118 dici

61 1151 213 1204 potest.
235 1142 276 1187 Si
295 1151 443 1187 autem
456 1142 568 1186 sicut
585 1142 629 1185 in
645 1140 797 1186 ordine
815 1142 1121 1201 temporalium
1136 1152 1452 1199 creaturarum,

60 1214 118 1260 ita
140 1223 182 1258 et
201 1213 316 1274 apud
332 1228 434 1257 eum
450 1212 649 1258 nondum
663 1222 764 1258 sunt
779 1229 879 1273 quae
894 1212 1042 1258 futura
1058 1224 1175 1270 sunt,
1191 1215 1266 1260 sed
1288 1231 1337 1259 ea
1353 1231 1458 1275 prae-

61 1285 176 1331 venit
191 1284 390 1343 sciendo3
409 1285 473 1329 bis
491 1300 594 1344 ergo
612 1300 660 1328 ea
673 1287 819 1340 sentit,
839 1301 928 1330 uno
949 1285 1127 1345 quidem
1151 1286 1284 1341 modo
1301 1301 1456 1331 secun-

60 1357 164 1402 dum
198 1356 453 1401 futurorum
496 1356 836 1416 praescientiam,
887 1356 1022 1401 altero
1060 1372 1164 1401 vero
1211 1358 1454 1402 secundum

60 1427 337 1487 praesentium
369 1427 608 1471 scientiam.
636 1426 815 1487 Aliquid
838 1442 943 1486 ergo
968 1426 1266 1486 temporaliter
1288 1428 1455 1473 accedit

59 1499 247 1543 scientiae
270 1499 347 1543 Dei
368 1518 377 1543 ι
399 1497 520 1559 quod
543 1498 900 1543 absurdissimum
919 1508 1050 1558 atque
1071 1497 1349 1544 salsissimum
1371 1510 1449 1545 est.

58 1571 144 1616 Nec
166 1569 281 1614 enim
304 1578 448 1629 potest
469 1585 570 1630 quae
593 1578 777 1614 ventura
801 1570 1032 1629 praenoscit
1053 1586 1181 1625 nosse
1203 1586 1304 1615 cum
1327 1587 1455 1616 vene-

22 1697 23 1703 *
58 1641 158 1695 rint,
186 1642 266 1684 nisi
295 1641 361 1685 bis
378 1641 669 1696 innotescant,
695 1652 736 1686 et
754 1643 1068 1702 praenoscendo
1093 1653 1328 1704 antequam
1351 1644 1451 1699 sint,

21 1707 24 1758 Ι
57 1719 99 1756 et
122 1711 427 1771 cognoscendo
456 1727 556 1756 curn
579 1713 668 1772 jam
700 1722 818 1757 sunt.
848 1716 912 1757 Ita
933 1714 1004 1768 fit,
1036 1713 1258 1773 ut(quod
1279 1713 1408 1772 longe
1430 1731 1452 1759 a

55 1782 236 1827 veritate
259 1783 476 1827 seclusum
499 1784 904 1844 est)temporaliter
926 1784 1092 1845 aliquid
1114 1786 1292 1829 accedat
1311 1786 1452 1830 scien-

56 1854 126 1899 tiae
144 1854 236 1909 Dei,
258 1869 358 1898 curn
376 1854 631 1914 temporalia
647 1872 747 1916 quae
765 1857 1055 1915 prae-sciuntur
1076 1858 1206 1900 etiam
1223 1859 1452 1916 praesentia

56 1925 318 1980 sentiuntur,
339 1942 439 1986 quae
468 1942 558 1971 non
586 1927 887 1972 sentiebantur
916 1937 1152 1988 antequam
1177 1929 1354 1983 fierent,
1376 1929 1453 1973 sed

57 1997 361 2041 tantummodo
390 1998 746 2056 praesciebantur.
777 1999 818 2043 Si
836 2014 940 2043 vero
963 2000 1093 2043 etiam
1112 2014 1211 2043 cum
1229 2000 1449 2053 venerint,

23 2055 26 2121 i
55 2084 152 2129 quae
174 2069 513 2129 praesciebantur
531 2086 621 2114 esse
636 2080 844 2126 ventura,
871 2071 980 2115 nihil
996 2071 1098 2116 novi
1117 2071 1294 2116 accedet
1318 2073 1452 2116 scien-

23 2136 26 2168 ἶ
56 2140 126 2184 tiae
159 2142 251 2195 Dei,
288 2141 363 2191 sed
398 2143 593 2186 manebit
626 2142 697 2187 illa
733 2143 1004 2202 praescientia
1041 2144 1155 2188 sicut
1195 2153 1286 2188 erat
1321 2144 1450 2188 etiam

57 2211 307 2272 priusquam
350 2213 548 2258 venirent
578 2230 678 2274 quae
713 2215 1052 2273 praeciebantur‚
1090 2215 1316 2274 quomodo
1358 2217 1449 2275 jam

58 2283 322 2342 praescientia
350 2284 536 2336 dicetur,
573 2285 752 2345 quando
787 2301 875 2330 non
907 2295 970 2329 est
996 2301 1142 2329 rerum
1173 2286 1451 2330 futurarum?

57 2355 151 2398 Jam
170 2355 285 2399 enim
310 2356 539 2415 praesentia
561 2365 685 2410 sunt,
709 2373 810 2417 quae
826 2355 976 2401 futura
997 2357 1226 2412 cernebat,
1249 2367 1291 2402 et
1315 2358 1447 2417 paulo

58 2434 152 2484 post
179 2436 307 2472 erunt
344 2428 574 2486 praeterita.
610 2428 931 2472 Praeteritarum
962 2438 1107 2473 autem
1141 2444 1308 2484 rerum,
1336 2429 1448 2474 sieut

58 2497 357 2554 praesentium,
383 2497 506 2543 nullo
529 2499 662 2543 modo
685 2508 824 2558 potest
846 2497 931 2543 dici
954 2499 1238 2558 praescientia.
1262 2499 1448 2544 Reditur

60 2581 160 2624 ergo
183 2566 237 2612 ad
267 2568 328 2624 id,
354 2578 403 2614 ut
431 2570 507 2613 fiat
535 2570 663 2615 rebus
683 2570 771 2630 jam
803 2571 1090 2631 praesentibus
1117 2571 1320 2627 scientia,
1344 2587 1446 2631 quae
