1790 3187
352 201 430 239 130
780 212 812 235 s.
849 208 1082 236 AUGUSTINI
1114 210 1295 236 Episcopi

349 294 370 317 »
408 275 700 334 subjiciuntur
727 293 738 329 ς
771 272 847 316 sed
878 273 923 316 in
947 274 1029 319 hoc
1063 273 1274 330 gaudete,
1313 273 1521 332 quoniam
1552 274 1728 320 nomina

348 364 367 386 »ι
405 354 544 389 vestra
565 345 722 402 scripta
741 351 844 386 sunt
864 343 910 386 in
926 343 1049 388 coelis
1076 345 1107 386 1.
1140 363 1156 384 »

403 418 463 458 40.
490 416 603 458 Cum
624 428 727 470 ergo
756 411 857 455 talia
879 411 1046 457 faciunt
1067 413 1209 470 magi,
1235 412 1379 472 qualia
1413 403 1747 471 nonnunquam'
1786 433 1790 439 ·

343 484 481 528 sancti
505 483 666 527 faciant
683 516 694 535 ‚
724 481 822 525 talia
853 482 1028 540 quidem
1048 481 1274 527 visibiliter
1295 497 1383 526 esse
1400 491 1634 541 apparent,
1656 481 1732 527 sed
1784 505 1790 531 z

343 563 387 598 ct
417 554 587 597 diverso
625 553 713 595 fine
745 561 792 595 et
817 552 987 597 diverso
1015 554 1112 612 jure
1143 554 1270 597 fiunt.
1311 552 1380 596 Illi
1416 554 1530 596 enim
1567 551 1732 598 faciunt
1788 568 1790 575 ¹

342 632 589 683 quaerentes
606 621 789 679 gloriam
813 636 936 664 suam
954 655 964 675 ‚
989 622 1057 665 isti
1080 631 1322 680 quaerentes
1342 621 1519 680 gloriam
1548 622 1620 665 Dei
1655 640 1664 666 ι
1690 631 1733 667 et
1788 648 1790 665 2

342 692 405 736 illi
436 691 604 735 faciunt
634 706 708 748 per
736 690 940 749 quaedam
962 691 1247 748 potestatibus
1275 706 1475 735 concessa
1506 692 1552 749 iq
1579 690 1729 736 ordine
1786 712 1790 737 i

342 777 421 805 suo
441 795 452 815 ‚
476 761 599 819 quasi
631 761 794 818 privata
827 762 1086 804 commercia
1115 760 1182 804 vel
1213 762 1420 805 veneficia
1440 794 1450 814 ,
1487 761 1556 804 isti
1585 769 1729 807 autem
1785 776 1790 809 ι

341 831 515 890 publica
550 831 925 874 administratione
945 865 956 884 ‚
978 832 1100 889 jussu
1123 832 1214 889 ejus
1247 831 1316 874 cui
1344 839 1503 874 cuncta
1536 839 1730 875 creatura
1785 840 1790 884 1

340 903 531 961 subjecta
555 911 632 944 est.
662 900 799 944 Aliter
829 900 942 944 enim
979 901 1149 959 cogitur
1183 916 1398 960 possessor
1435 916 1597 960 equum
1629 899 1731 946 dare
1786 886 1790 896 ¹

346 972 504 1025 militi,
532 971 655 1014 aliter
678 986 778 1014 eum
803 971 934 1014 tradit
966 971 1147 1029 emptori
1171 1006 1181 1025 ‚
1208 970 1272 1015 vel
1296 971 1475 1015 cuilibet
1502 970 1636 1014 donat
1658 978 1733 1015 aut
1767 964 1770 965 ⁷

345 1042 609 1087 commodat.
658 1044 713 1084 Et
761 1041 1133 1100 quemadmodum
1178 1041 1372 1101 plerique
1413 1041 1515 1085 mali
1556 1040 1729 1096 milites,

345 1133 454 1175 quos
476 1115 709 1174 imperialis
732 1114 959 1173 disciplina
984 1115 1246 1159 condemnat
1267 1150 1277 1169 ‚
1302 1116 1432 1173 signis
1463 1115 1733 1173 imperatoris

347 1190 411 1230 sui
435 1185 670 1229 nonnullos
691 1200 951 1242 possessores
969 1186 1236 1239 territant,et
1253 1187 1308 1228 ab
1331 1186 1389 1229 eis
1414 1184 1595 1244 aliquid,
1616 1186 1733 1244 quod

351 1255 526 1315 publice
553 1255 836 1314 noujubetur
859 1288 869 1307 ‚
904 1263 1165 1313 extorquent
1191 1274 1199 1298 2
1225 1255 1284 1298 ita
1302 1270 1617 1314 nonnunquam
1639 1253 1735 1299 mali

349 1326 606 1379 Christiani,
621 1324 689 1369 vel
707 1324 983 1378 schismatici,
1010 1324 1075 1367 vel
1101 1324 1289 1368 haeretici
1311 1340 1386 1382 per
1407 1340 1566 1368 nomen
1578 1324 1735 1376 Christi

350 1405 425 1439 aut
457 1396 587 1439 verba
628 1403 701 1437 aut
736 1403 1002 1437 sacramenta
1039 1395 1271 1438 christiana
1299 1395 1482 1451 exigunt
1520 1393 1685 1453 aliquid
1711 1408 1737 1450 a

351 1467 638 1525 potestatibus
658 1499 668 1517 ‚
695 1465 855 1523 quibus
877 1465 1033 1507 honori
1056 1465 1214 1508 Christi
1244 1459 1397 1509 cedere
1419 1463 1632 1508 indictum
1656 1473 1732 1508 est.
1769 1482 1775 1490 ’

349 1540 461 1582 Cum
483 1545 627 1580 autem
649 1534 1041 1594 malisjubentibus
1063 1535 1255 1588 cedunt,
1281 1534 1506 1578 voluntate
1531 1535 1586 1578 ad
1607 1535 1756 1586 sedus}

351 1606 512 1651 cendos
544 1605 741 1649 homines
763 1604 927 1648 cedunt
951 1638 961 1658 ‚
987 1619 1174 1662 quorum
1198 1619 1341 1648 errore
1375 1603 1594 1647 laetantur.
1620 1589 1755 1657 Quav'

354 1685 530 1736 propter
543 1675 666 1719 aliter
681 1675 790 1731 magi
814 1673 981 1718 faciunt
1004 1673 1358 1728 miracula‚aliter
1373 1673 1734 1729 boniChristiani„
1775 1708 1777 1714 .

351 1746 477 1790 aliter
497 1744 599 1788 mali
621 1744 854 1789 Christiani
881 1762 889 1788 :
915 1744 1025 1801 magi
1048 1759 1123 1802 per
1142 1744 1329 1802 privatos
1347 1752 1612 1799 contractus,
1638 1743 1738 1795 boni

353 1815 585 1862 Christiani
623 1830 699 1873 per
728 1813 950 1873 publicam
977 1814 1218 1873 justitiam,
1260 1813 1364 1858 mali
1400 1814 1634 1859 Christiani
1665 1829 1746 1874 perr

353 1888 475 1945 signa
498 1884 686 1944 publicae
711 1883 902 1943 justitiae.
929 1886 1016 1928 Nec
1040 1884 1200 1927 mirum
1237 1893 1328 1939 est,
1360 1884 1480 1942 quod
1503 1884 1596 1928 haec
1622 1885 1737 1942 signa
1776 1909 1777 1917 κ

354 1956 517 2009 valent,
534 1970 634 1999 cum
657 1954 712 1997 ab
741 1954 800 1997 eis
831 1952 1094 1998 adhibentur
1112 1975 1122 2011 3
1140 1954 1317 2014 quando
1339 1954 1472 1998 etiam
1489 1969 1591 1998 cum
1615 1969 1739 2000 usur?

358 2036 516 2085 paritur
541 2025 596 2069 ab
628 2024 839 2068 extraneis
864 2059 874 2077 ‚
899 2025 974 2084 qui
994 2026 1172 2069 omnino
1193 2037 1320 2068 suum
1342 2040 1504 2069 nomen
1532 2024 1588 2069 ad
1617 2016 1743 2080 istaut¹

357 2095 553 2140 militiam
576 2110 665 2138 non
683 2093 901 2138 dederunt
920 2104 1112 2154 ‚propter
1126 2095 1335 2139 honorem
1356 2104 1500 2139 tamen
1523 2094 1737 2157 excellena-

358 2165 512 2210 rissimi
548 2165 825 2224 Imperatoris
856 2165 1017 2209 valent.
1043 2168 1105 2210 Ex
1143 2167 1302 2225 quibus
1336 2165 1422 2210 suit
1449 2166 1522 2210 ille
1539 2201 1550 2220 ‚
1571 2165 1626 2210 de
1650 2180 1741 2226 quos

355 2234 565 2295 Discipuli
595 2234 780 2279 Domino
811 2237 1124 2280 nuntiaverunt
1148 2270 1158 2290 ‚
1196 2237 1317 2296 quod
1352 2237 1396 2280 in
1426 2235 1607 2281 nomine
1651 2236 1741 2300 ejus

353 2307 525 2366 ejiceret
541 2305 755 2350 daemonia
775 2340 785 2358 ‚
812 2307 1006 2366 quamvis
1026 2322 1127 2351 cum
1156 2307 1214 2351 eis
1235 2322 1335 2351 eum
1353 2323 1442 2352 non
1463 2315 1739 2367 sequereturf.¹

348 2378 461 2422 Cum
484 2385 632 2420 autem
660 2391 749 2421 non
775 2375 937 2421 cedunt
956 2377 1021 2421 his
1045 2377 1176 2436 signis
1212 2377 1460 2437 hujusmodi
1488 2385 1732 2435 potestates,

347 2448 459 2490 Deus
479 2446 568 2506 ipse
597 2446 801 2505 prohibet
828 2446 1012 2492 occultis
1034 2446 1200 2500 modis,
1233 2462 1332 2491 cum
1358 2447 1398 2490 id
1417 2447 1583 2506 justum
1609 2456 1735 2508 atque

1773 3104 1781 3179 ἒ

400 2537 406 2552 ¹
432 2531 508 2563 Luc.
530 2541 563 2568 ιι,
585 2538 637 2562 20.
1738 2539 1741 2571 Ι
