1790 3187
336 215 388 240 mc
423 216 610 240 Divuusis
645 216 689 246 ῳ(
716 215 799 238 ivr.
839 216 986 241 (uriom.
1029 216 1190 241 imnis.
1411 207 1462 244 45

70 279 326 324 lineamenta
366 281 560 324 omnium
599 280 893 322 membrorum
916 316 924 332 ⁷
973 289 1015 324 et
1044 280 1250 340 hincjam
1297 280 1462 343 reliquo

15 366 19 392 ι
70 359 261 409 tempore
285 365 421 410 usque
449 349 502 393 ad
525 359 698 408 tempus
721 358 867 407 partus
897 349 1196 407 magnitudine
1231 361 1456 409 augeatur.

67 419 355 479 Quadraginta
375 436 477 479 ergo
496 420 694 480 quinque
715 419 867 463 diebus
887 420 1036 464 addito
1060 436 1166 475 uno,
1187 420 1307 480 quod
1327 422 1462 480 signi·

66 491 164 536 ficat
184 508 394 537 summam
421 511 428 536 :
466 492 565 552 quia
590 506 662 535 sex
684 500 726 534 et
753 507 906 534 novem
927 501 969 535 et
996 490 1226 535 duodecim
1251 501 1294 536 et
1309 494 1458 538 decem

65 571 106 606 et
140 571 238 607 octo
276 563 319 606 in
349 578 485 606 unum
521 562 714 615 coactis,
748 562 860 605 fiunt
895 561 1412 623 quadraginter-quinque
1448 584 1456 609 :

64 632 211 678 addito
233 649 336 693 ergo
351 670 366 689 ,
392 643 440 677 ut
462 632 630 678 dictum
659 640 724 675 est
741 667 751 687 ‚
772 648 884 687 uno5
909 634 1020 678 fiunt
1039 634 1454 694 quadraginta-seii.

9 704 12 718 ⁸
62 705 146 758 Qui
174 719 272 749 cum
296 704 458 749 fuerint
488 702 766 763 multiplicati
797 720 871 763 per
894 704 1033 763 ipsum
1057 706 1274 749 senarium
1300 721 1456 749 nume-

62 791 155 819 rum
173 811 183 830 ,
219 776 295 835 qui
317 776 447 835 hujus
472 775 757 818 ordinationis
790 784 922 833 caput
947 785 1089 829 tenet,
1118 776 1230 820 fiunt
1252 777 1456 821 ducenti-

60 846 427 906 septuaginta—sex
454 865 461 890 :
486 846 530 889 id
563 854 624 889 cst
647 881 657 899 ,
687 861 842 889 novem
869 861 1034 889 menses
1061 855 1104 890 ct
1132 861 1203 890 sex
1228 846 1317 890 dies
1342 881 1352 902 ‚
1379 849 1455 907 qui

59 926 368 975 computantur
391 917 445 960 ab
469 924 622 960 octavo
656 915 754 959 Kal.
782 916 939 974 Aprilis
966 952 975 971 ,
1002 932 1090 976 quo
1125 916 1194 961 die
1218 927 1455 977 conceptus

59 988 266 1032 Dominus
282 988 487 1042 creditur,
506 987 606 1048 quia
626 986 779 1031 eodem
804 986 873 1031 die
889 988 1017 1032 etiam
1042 1003 1190 1047 passus
1211 997 1288 1040 est,
1315 1004 1454 1048 usque

57 1058 110 1103 ad
134 1069 334 1104 octavum
359 1058 456 1103 Kal.
485 1060 727 1113 Januarias,
755 1075 843 1119 quo
866 1059 936 1103 die
966 1068 1093 1104 natus
1124 1069 1201 1104 est.
1224 1063 1319 1105 Non
1344 1076 1449 1120 ergo

55 1130 241 1175 absurde
275 1130 592 1191 quadraginta-
613 1147 684 1175 sex
721 1132 843 1175 annis
875 1131 1036 1176 dicitur
1070 1130 1330 1176 fabricatum
1362 1148 1452 1177 esse

56 1201 297 1260 templum,
331 1201 449 1261 quod
483 1217 640 1261 corpus
663 1203 752 1261 ejus
791 1202 1098 1259 significabat:
1138 1211 1186 1245 ut
1219 1211 1328 1261 quot
1349 1204 1451 1247 anni

55 1273 234 1318 luerunt
254 1274 298 1318 in
319 1273 601 1318 fabricatione
623 1274 792 1332 templi,
815 1282 879 1318 tot
898 1272 989 1318 dies
1008 1272 1173 1317 suerint
1190 1273 1233 1316 in
1258 1275 1450 1334 corporis

53 1344 265 1388 Dominici
295 1345 576 1404 perfectione.

111 1417 309 1467 Quazsrrio
330 1417 604 1459 LV11.-10.
624 1414 808 1457 «Omnia
831 1422 987 1468 vestra,
1003 1428 1077 1457 vos
1101 1421 1246 1457 autem
1267 1413 1444 1469 Christi7

53 1503 74 1527 »
101 1485 297 1530 Christus
318 1495 462 1530 autem
487 1486 563 1529 Dei
588 1487 617 1528 ¹.
648 1503 667 1525 »
705 1484 747 1529 Si
771 1500 792 1527 a
816 1485 957 1544 capite
990 1495 1303 1539 numerentur⁷
1330 1487 1447 1529 inve-

50 1556 234 1601 niuntur
255 1572 410 1611 unum,
444 1556 533 1600 duo
549 1591 558 1609 ,
586 1555 666 1599 tria
690 1590 699 1609 ‚
721 1564 925 1615 quatuor.
950 1559 1060 1599 Item
1084 1574 1092 1599 :
1130 1575 1149 1597 «
1176 1558 1321 1615 Caput
1344 1571 1443 1599 mu-

52 1644 72 1667 »
104 1625 216 1670 lieris
243 1628 333 1682 vir,
369 1635 501 1685 caput
532 1626 612 1669 viri
652 1626 878 1681 Christus,
922 1635 1054 1685 caput
1099 1635 1244 1670 autem
1284 1625 1444 1671 Christi

51 1715 71 1738 »
100 1694 216 1742 ‘Deus
251 1702 282 1741 ¹2.
314 1716 333 1739 »
370 1698 411 1742 Si
447 1697 600 1742 eodem
640 1696 773 1741 modo
808 1706 1122 1751 numerentur,
1158 1697 1443 1742 inveniuntur

48 1767 243 1812 similiter
262 1783 416 1822 unum,
439 1767 545 1822 duo,
575 1767 654 1810 tria
674 1776 716 1810 et
737 1776 942 1826 quatuor.
971 1770 1104 1811 Porro
1123 1782 1262 1811 unum
1287 1776 1330 1810 et
1352 1767 1441 1812 duo

48 1847 91 1882 et
125 1839 205 1882 tria
233 1848 276 1883 et
301 1848 490 1899 quatuor
509 1836 638 1882 simul
661 1836 791 1881 ducta
823 1837 936 1881 fiunt
963 1837 1130 1881 decem.
1168 1842 1441 1896 Quapropter

47 1907 335 1968 disciplinam,
358 1924 456 1969 quae
478 1908 668 1951 insinuat
689 1907 958 1952 conditorem
988 1910 1127 1951 Deum
1150 1916 1193 1950 et
1217 1908 1438 1953 conditam

46 1988 318 2036 creaturam,
356 1989 470 2024 recte
506 1979 721 2038 significat
758 1978 962 2022 denarius
994 1993 1217 2022 numerus.
1253 1981 1310 2022 Et
1340 1995 1439 2023 cum

46 2065 201 2110 corpus
225 2049 467 2110 perfectum
496 2059 627 2109 atque
649 2049 1026 2093 inexterminabile
1056 2049 1260 2094 subditur
1284 2051 1440 2094 animae

46 2121 248 2181 perfectae
269 2131 399 2182 atque
419 2120 809 2176 inexterminabili,
849 2136 1084 2181 rursusque
1113 2122 1202 2181 ipsa
1234 2121 1440 2166 subditur

45 2194 237 2249 Christo,
266 2203 308 2238 et
337 2193 410 2238 ille
439 2197 556 2247 Deo,
579 2208 667 2237 non
690 2202 898 2253 tanquam
927 2191 1142 2236 dissimilis
1167 2202 1242 2237 aut
1262 2192 1438 2238 alterius

43 2273 227 2319 naturae,
248 2264 322 2308 sed
349 2273 554 2324 tanquam
580 2263 695 2307 Patri
716 2262 851 2307 Filius
871 2298 880 2318 ,
904 2264 987 2307 hoc
1015 2272 1157 2307 totum
1179 2262 1333 2307 eodem
1349 2279 1436 2307 nu·

43 2350 161 2380 mero
179 2334 357 2380 denario
374 2344 490 2379 recte
507 2335 789 2393 significatur,
813 2334 932 2395 quod
958 2343 1053 2393 post
1072 2335 1434 2379 resurrectionem

44 2408 231 2466 corporis
254 2416 450 2467 speratur
471 2405 669 2450 futurum
692 2406 736 2449 in
755 2415 983 2450 aeternum.
1020 2409 1076 2453 Et
1098 2405 1277 2450 fortasse
1300 2421 1434 2466 prop⁶

44 2486 157 2522 terea
190 2479 266 2539 qui
296 2479 607 2524 conducuntur
640 2479 696 2522 ad
717 2478 888 2522 vineam
913 2512 923 2532 ‚
949 2477 1175 2521 denarium
1213 2477 1436 2537 accipiunt

92 2570 101 2588 ¹
121 2566 210 2598 Joan.
232 2575 298 2607 xxi,
321 2576 371 2598 11.
388 2572 456 2589 —2
480 2576 491 2597 1
513 2568 588 2598 Cor.
609 2575 654 2606 ni,
674 2573 730 2603 ¹22,
749 2566 790 2598 23
812 2568 844 2597 et
860 2575 903 2606 xi,
925 2564 954 2599 3.
970 2579 1008 2587 -·-
1026 2562 1040 2586 3
1059 2564 1170 2597 Matth.
1192 2574 1243 2601 xx,
1264 2572 1296 2597 2.
