1790 3187
321 218 376 256 72
755 231 787 256 s.
825 228 1051 256 AUGUSTmI
1086 229 1265 256 Emscom

317 293 536 339 civitatem
561 302 608 337 ut
642 293 760 337 cibos
792 303 1000 349 emerent,
1026 303 1067 338 et
1094 293 1247 338 dicunt
1263 293 1326 339 ei:
1351 313 1370 336 «
1389 294 1547 349 Rabbi,
1569 310 1693 339 man·
1755 281 1756 293 ¹

319 382 341 406 »
365 363 491 409 duca.
517 363 596 407 Ille
629 373 775 407 autem
807 363 912 407 dixit
934 364 992 407 eis
1009 399 1020 419 ,
1051 366 1144 422 Ego
1165 363 1307 408 habeo
1339 379 1477 409 escam
1505 363 1694 408 mandu-
1731 377 1733 379 ·
1755 354 1757 367 ³

318 452 340 477 »
364 449 477 490 care,
499 450 631 494 quam
659 449 734 479 vos
757 435 944 480 nescitis.
982 435 1141 479 Dicunt
1169 450 1272 494 ergo
1293 436 1498 496 Discipuli
1530 438 1619 495 ejus
1642 439 1696 480 ad

318 523 340 547 »
366 505 656 550 alterutrum:
687 505 910 564 Numquid
947 505 1099 566 aliquis
1138 505 1283 550 attulit
1317 507 1355 550 ci
1397 506 1698 551 manducare?

317 594 338 618 u
365 576 481 620 Dixit
499 576 562 620 'eis
584 579 707 620 Jesus
726 576 884 621 :Cibus
907 591 1026 621 meus
1048 586 1132 631 est,
1151 585 1199 620 ut
1214 576 1370 621 faciam
1390 579 1482 636 ejus
1497 576 1699 622 volunta-

316 665 337 689 »
363 656 452 691 tem
465 648 541 707 qui
552 663 621 691 me
635 648 764 701 misit,
790 657 833 692 et
846 656 894 691 ut
912 648 1128 707 perficiam
1152 663 1259 706 opus
1278 649 1367 707 ejus
1390 651 1449 692 ¹.»
1474 647 1698 708 Numquid

314 718 386 762 hic
406 717 665 777 intelligitur
682 719 763 763 alia
779 719 981 764 voluntas
997 719 1149 774 Patris,
1171 719 1246 778 qui
1263 734 1359 763 eum
1381 720 1513 775 misit,
1529 729 1570 764 et
1590 735 1699 779 opus
1758 721 1760 778 ζ

314 788 405 847 ejus
422 787 544 847 quod
562 804 606 833 se
624 789 830 848 perficere
851 789 962 834 velle
980 788 1217 849 respondit,
1234 789 1316 833 nisi
1336 798 1385 833 ut
1408 805 1485 834 nos
1498 789 1553 834 ad
1568 789 1696 833 fidem

313 873 436 903 suam
459 873 482 902 a
513 859 754 917 pernicioso
787 860 940 903 mundi
964 875 1107 904 errore
1129 869 1400 904 converteret
1421 861 1438 901 ‘?
1467 858 1616 912 Qualis
1639 869 1701 903 est

313 943 417 988 ergo
439 929 562 973 cibus
591 931 681 990 ejus
699 966 709 985 ,
735 923 910 974 talis⁷et
940 939 1084 990 potus.
1122 933 1397 990 Quapropter
1424 931 1507 974 hoc
1542 932 1588 973 in
1629 929 1701 974 illa
1760 983 1763 992 β

314 999 497 1042 muliere
520 1000 692 1044 sitiebat
718 1035 728 1055 ‚
758 1009 807 1044 ut
838 998 1006 1044 faceret*
1020 1001 1064 1043 in
1096 1015 1145 1044 ea
1175 999 1443 1044 voluntatem
1474 999 1635 1054 Patris,
1661 1008 1704 1043 et

312 1069 541 1128 perficeret
563 1085 673 1127 opus
691 1071 796 1130 ejus.
819 1071 902 1115 Sed
926 1070 1157 1114 carnaliter
1177 1069 1423 1128 intelligens
1449 1068 1670 1128 respondit
1691 1088 1698 1113 :

315 1157 337 1182 «
365 1142 430 1183 Tu
446 1155 548 1184 cum
573 1141 627 1184 sis
650 1140 852 1196 Judaeus,
885 1141 1108 1200 quomodo
1138 1157 1160 1184 a
1179 1156 1247 1183 me
1272 1141 1419 1183 bibere
1441 1141 1578 1199 petis,
1604 1153 1704 1183 cum

315 1209 442 1252 »sim
478 1209 636 1253 mulier
676 1212 941 1254 Samaritana
976 1212 1112 1255 PNon
1142 1211 1256 1254 enim
1290 1220 1530 1255 coutuntur
1563 1209 1704 1253 Judaei

315 1297 335 1321 »
370 1279 652 1324 Samaritanis
676 1281 707 1323 ².
737 1299 756 1321 »
783 1281 865 1325 Cui
892 1280 1103 1323 Dominus
1126 1289 1272 1323 noster
1294 1279 1403 1323 dixit
1430 1299 1438 1324 ;
1469 1299 1489 1321 «
1516 1281 1558 1324 Si
1577 1280 1705 1323 scires

315 1368 337 1392 »
368 1349 534 1394 donum
558 1351 653 1404 Dei,
679 1360 721 1395 et
744 1351 841 1410 quis
864 1361 926 1394 est
948 1351 1023 1410 qui
1046 1349 1151 1394 dicit
1170 1351 1271 1395 tibi:
1304 1354 1364 1395 Da
1385 1351 1493 1394 mihi
1516 1350 1666 1394 bibere
1692 1370 1702 1406 3
1763 1376 1765 1389 ι

314 1438 336 1462 »
364 1429 414 1464 tu
426 1420 575 1478 magis,
593 1421 786 1480 petiisses
801 1421 854 1464 ab
875 1436 941 1475 eo,
959 1429 1002 1464 et
1020 1420 1209 1464 dedisset
1223 1420 1304 1463 tibi
1321 1436 1478 1480 aquam
1502 1420 1642 1465 vivam
1658 1439 1666 1464 ;
1682 1438 1701 1460 »

312 1499 363 1534 ut
381 1490 483 1534 hinc
503 1491 540 1534 ei
557 1490 821 1544 ostenderet,
835 1507 925 1535 non
945 1506 988 1535 se
1004 1491 1133 1535 talem
1154 1506 1312 1550 aquam
1326 1491 1514 1550 petiisse,
1529 1490 1703 1550 qualem

313 1561 404 1620 ipsa
420 1560 716 1606 intellexerat:
736 1561 809 1606 sed
833 1562 934 1621 quia
957 1561 1047 1621 ipse
1069 1562 1241 1606 sitiebat
1259 1560 1389 1604 fidem
1414 1563 1521 1620 ejus,
1547 1559 1706 1604 eidem·
1764 1568 1766 1631 ζ

313 1646 401 1691 que
422 1631 583 1676 sitienti
607 1632 815 1691 Spiritum
839 1640 1036 1676 sanctum
1067 1633 1172 1676 dare
1195 1632 1415 1691 cupiebat.
1449 1634 1571 1675 Hanc
1590 1631 1705 1674 enim

315 1711 433 1745 recte
453 1701 737 1760 intelligimus
759 1718 915 1762 aquam
937 1702 1102 1756 vivam,
1124 1704 1244 1761 quod
1271 1701 1507 1746 estdonum
1530 1702 1622 1754 Dei,
1648 1701 1706 1743 si-
1765 1711 1766 1719 ¹

317 1781 392 1816 cut
408 1772 499 1830 ipse
513 1772 593 1825 ait,
615 1791 632 1813 «
655 1773 696 1817 Si
715 1775 842 1817 scires
858 1772 1023 1817 donum
1040 1773 1129 1816 Dei.
1152 1775 1240 1816 »Et
1262 1773 1373 1816 sicut
1389 1773 1504 1815 idem
1519 1773 1707 1815 Joannes

318 1841 581 1900 evangelista
599 1851 782 1886 testatur
804 1843 886 1887 alio
909 1843 1006 1887 loco
1023 1843 1186 1897 dicens,
1213 1842 1332 1902 quod
1352 1842 1494 1886 stabat
1511 1844 1649 1895 Jesus,
1665 1849 1707 1884 ct

319 1911 536 1957 clamabat
551 1930 589 1957 2«
604 1913 645 1957 Si
662 1913 758 1972 quis
782 1913 887 1967 sitit,
909 1913 1054 1956 veniat
1069 1921 1111 1956 et
1134 1912 1257 1956 bibat
1280 1932 1288 1956 :
1310 1912 1385 1971 qui
1403 1911 1539 1955 credit
1559 1912 1603 1954 in
1619 1925 1704 1964 me,

323 2001 344 2024 »
358 1983 469 2027 sicut
484 1981 590 2027 dicit
610 1984 829 2043 Scriptura
848 2018 858 2037 ‚
880 1983 1059 2026 flumina
1075 1983 1129 2026 de
1146 1992 1298 2027 ventre
1315 1983 1404 2041 ejus
1424 1982 1561 2025 fluent
1584 1997 1708 2041 aquae

322 2052 465 2097 »vivae
480 2053 513 2097 3.
539 2071 559 2094 »
586 2055 912 2113 Consequenter
932 2053 1130 2107 omnino,
1162 2071 1181 2093 «
1203 2051 1287 2104 Qui
1310 2051 1468 2105 credit,
1484 2051 1642 2110 inquit,
1663 2052 1708 2094 in

324 2142 345 2165 >›
357 2138 442 2179 me,
457 2122 638 2168 flumina
654 2123 708 2169 de
718 2133 869 2168 ventre
881 2126 972 2183 ejus
989 2124 1126 2167 fluent
1141 2138 1265 2182 aquae
1280 2123 1387 2167 vivae
1401 2141 1408 2166 :
1420 2140 1439 2163 »
1453 2122 1553 2181 quia
1569 2121 1708 2180 primo

324 2195 541 2240 credimus
566 2231 576 2251 ,
616 2205 665 2240 ut
696 2197 791 2240 haec
819 2196 933 2239 dona
970 2210 1226 2238 mereamur.
1262 2196 1365 2237 erc
1394 2208 1495 2251 crgo
1527 2193 1709 2236 flumina

325 2281 449 2327 aquae
467 2266 592 2322 vivae,
607 2282 705 2326 quae
721 2266 783 2310 illi
796 2265 966 2310 mulieri
984 2265 1158 2309 volebat
1180 2263 1297 2318 dare,
1324 2278 1485 2307 merces
1502 2273 1566 2306 est
1586 2263 1705 2316 fidei,

325 2352 458 2398 quam
475 2337 594 2396 prius
612 2338 657 2380 in
679 2336 750 2380 illa
768 2337 954 2380 sitiebat.
969 2336 1102 2394 Cujus
1125 2349 1249 2394 aquae
1269 2334 1378 2379 vivae
1392 2332 1709 2392 interpretatio-

326 2423 427 2453 nem
447 2409 507 2453 ita
529 2409 702 2468 subjicit
721 2428 730 2452 ι
760 2426 779 2449 «
797 2410 891 2452 Hoc
913 2416 1074 2460 autem,
1099 2406 1260 2465 inquit,
1285 2404 1456 2448 dicebat
1473 2405 1527 2447 de
1547 2404 1708 2462 Spiritu

328 2498 350 2521 »
375 2494 508 2540 quem
538 2479 755 2538 accepturi
793 2486 914 2522 erant
948 2478 991 2521 bi
1028 2476 1103 2536 qui
1131 2476 1176 2520 in
1206 2490 1304 2519 eum
1339 2473 1543 2519 credituri
1567 2483 1703 2518 erant.
1769 2493 1771 2542 ὲ

377 2566 384 2582 ¹
408 2561 498 2590 Joan.
518 2557 658 2600 1v74-31
685 2561 715 2590 et
733 2568 819 2600 seqq.
836 2575 875 2581 -—
893 2564 904 2579 ²
927 2557 971 2588 ld.
990 2566 1011 2596 9
1030 2559 1061 2588 et
1080 2566 1168 2597 seqq.
1184 2572 1222 2577 —-
1239 2552 1252 2577 3
1272 2553 1317 2586 Id.
1338 2538 1397 2594 an
1413 2553 1467 2593 37,
1489 2552 1541 2585 38.
