1790 3187
330 231 414 272 234
742 243 776 270 s.
813 239 1043 268 At‘GUs'rth
1076 239 1258 267 EPISCOPI

328 309 416 353 sive
435 308 599 351 bonum
618 340 628 360 ‚
649 305 737 348 sive
755 304 940 359 malum,
962 302 1171 347 reddente
1192 303 1376 348 Domino
1396 302 1633 362 unicuique
1649 317 1712 346 se-

328 377 522 424 cundum
543 392 672 436 opera
696 376 802 435 ejus.
829 377 884 419 Ut
901 375 1016 418 enim
1032 375 1115 418 hoc
1130 372 1530 434 qnodimpeuditur
1547 407 1558 427 ,
1581 372 1712 431 possit
1774 363 1776 388 ³

328 450 367 494 ei
389 448 590 508 prodesse
614 455 708 505 post
729 460 907 505 corpus,
938 445 983 489 in
1003 461 1053 490 ea
1073 446 1162 489 vita
1187 453 1250 488 est
1273 443 1554 503 acquisitum,
1578 459 1711 504 quam

327 520 452 577 gessit
470 519 514 561 in
538 531 734 575 corpore.
1772 515 1775 528 ¹

386 592 447 634 4⁰.
472 589 565 634 Dixi
588 588 715 631 etiam
740 585 826 631 tale
847 585 1012 646 aliquid
1033 585 1087 630 ad
1113 585 1421 640 Laurentium,
1447 584 1567 645 quod
1589 585 1648 629 ita
1668 599 1713 629 se

327 659 486 704 habet¹
525 677 534 703 z
570 661 757 717 Tempus
786 666 955 711 autem,
989 657 1195 716 inquam,
1233 656 1354 715 quod
1379 655 1492 699 inter
1527 655 1716 699 hominis
1768 689 1770 693 ⁷

326 739 509 774 mortem
533 738 576 772 et
597 728 796 771 ultimam
817 726 1175 770 resurrectionem
1197 725 1499 784 interpositum
1522 734 1601 780 est,
1621 725 1717 769 ani·
1777 747 1781 750 ·

327 816 418 844 mas
440 798 596 844 abditis
621 798 902 858 receptaculis
921 797 1133 852 continet,
1155 797 1266 841 sicut
1289 812 1565 856 unaquaeque
1587 796 1717 854 digna
1768 847 1770 853 ¹

327 880 389 915 est
410 870 479 915 vel
510 870 659 930 requie
689 868 759 914 vel
791 884 1013 924 aerumna,
1047 884 1126 927 pro
1161 883 1212 911 eo
1240 867 1360 928 quod
1396 868 1546 912 sortita
1577 878 1641 912 est
1672 868 1720 911 in
1768 903 1773 916 ,-

327 956 455 986 carne
483 941 588 985 dum
612 941 789 985 viveret.
831 942 982 999 Neque
1016 938 1269 997 negandum
1307 949 1370 983 est
1409 937 1721 983 defunctorum
1766 955 1768 963 ἶ

328 1013 491 1056 animas
541 1012 700 1070 pietate
741 1026 920 1054 suorum
970 1010 1210 1054 viventium
1256 1010 1466 1065 relevari,
1502 1024 1603 1053 cum
1642 1024 1722 1068 pro

328 1081 411 1125 illis
440 1081 695 1124 sacrificium
723 1080 974 1125 Mediatoris
1003 1079 1214 1135 offertur,
1253 1079 1322 1123 vel
1357 1079 1643 1137 eleemosynae
1675 1079 1722 1122 in

329 1151 523 1196 Ecclesia
552 1152 680 1194 fiunt.
707 1150 792 1195 Sed
825 1150 883 1193 eis
906 1151 999 1194 haec
1029 1159 1234 1209 prosunt,
1267 1150 1343 1210 qui
1371 1166 1472 1194 cum
1499 1149 1717 1205 viverent,

328 1232 378 1266 ut
394 1223 487 1266 haec
503 1222 582 1265 sibi
600 1230 746 1281 postea
769 1231 943 1280 possent
966 1222 1185 1280 prodesse,
1209 1231 1480 1265 meruerunt.
1506 1224 1582 1265 Est
1603 1221 1718 1264 enim
1771 1263 1773 1266 .

328 1293 507 1353 quidam
531 1291 706 1337 vivendi
732 1292 912 1347 modus,
946 1307 1026 1336 nec
1051 1301 1138 1335 tam
1161 1292 1323 1347 bonus,
1349 1302 1398 1336 ut
1419 1308 1507 1336 non
1531 1292 1723 1351 requirat
1762 1347 1763 1352 Ἰ

327 1365 405 1408 ista
431 1372 526 1423 post
554 1372 737 1407 mortem
763 1382 772 1408 ε
805 1378 884 1407 nec
908 1372 994 1407 tam
1020 1363 1185 1419 malus,
1212 1372 1260 1407 ut
1283 1364 1321 1407 ei
1344 1380 1432 1408 non
1451 1363 1618 1423 prosint
1640 1362 1720 1407 ista
1771 1395 1775 1400 -

329 1445 426 1495 post
450 1444 648 1478 mortem.
678 1437 754 1478 Est
776 1450 877 1478 vero
897 1434 992 1478 talis
1006 1435 1050 1477 in
1070 1436 1203 1488 bono,
1229 1444 1278 1478 ut
1298 1435 1362 1478 his
1385 1451 1473 1479 non
1497 1435 1718 1494 requirat,

328 1517 392 1551 est
414 1516 457 1550 et
481 1522 627 1550 rursus
654 1506 746 1550 talis
771 1506 817 1549 in
852 1505 994 1559 malo,
1020 1515 1066 1550 ut
1091 1522 1171 1550 nec
1198 1507 1263 1550 his
1296 1506 1466 1562 valeat,
1497 1522 1597 1550 cum
1626 1506 1720 1550 haec

327 1579 413 1622 vita
452 1578 688 1631 transierit,
729 1576 940 1636 adjuvari.
985 1577 1196 1630 Quocirca
1231 1578 1300 1621 hic
1348 1593 1477 1622 omne
1517 1577 1719 1621 meritum

327 1658 619 1707 comparatur,
639 1664 727 1708 quo
747 1656 842 1707 post
860 1648 971 1691 hanc
984 1649 1114 1691 vitam
1134 1649 1267 1707 possit
1285 1648 1464 1691 relevari
1479 1649 1715 1707 quispiam,
1773 1635 1785 1684 Ἀ

327 1721 395 1765 vel
429 1721 611 1779 gravari.
637 1723 775 1765 Nemo
808 1735 852 1763 sc
881 1730 1027 1763 autem
1065 1730 1230 1779 speret,
1256 1719 1376 1778 quod
1414 1720 1482 1763 hic
1505 1719 1717 1777 neglexit,
1779 1739 1782 1742 ⁴

330 1808 430 1836 cum
462 1792 632 1846 obierit,
661 1790 776 1850 apud
799 1794 932 1834 Deum
953 1791 1204 1849 promereri.
1232 1794 1328 1835 Non
1350 1791 1593 1848 igiturista,
1620 1807 1720 1850 quae

332 1879 411 1921 pro
459 1862 676 1905 defunctis
709 1861 1062 1905 commendandis
1098 1861 1350 1921 frequentat
1391 1861 1581 1905 Ecclesia
1607 1895 1618 1916 ‚
1659 1859 1724 1904 illi
1758 1855 1790 1909 ¹ll

331 1933 581 1993 apostolicae
599 1942 700 1975 sunt
720 1932 894 1975 adversa
915 1931 1157 1986 sententiae,
1179 1948 1263 1990 qua
1288 1932 1452 1976 dictum
1472 1941 1551 1987 est,
1575 1951 1594 1973 «
1610 1933 1718 1975 Om-
1756 1926 1790 2004 *l

334 2023 354 2045 »
380 2020 455 2048 nes
480 2004 593 2046 enim
619 2004 855 2047 astabimus
872 2012 971 2046 ante
991 2002 1370 2058 tribunalChristi,
1389 2012 1437 2045 ut
1454 2002 1565 2046 ferat
1581 2018 1720 2046 unus—
1771 2012 1790 2065 sq

334 2094 354 2117 »
381 2076 569 2135 quisque
591 2074 833 2118 secundum
865 2090 910 2117 ea
935 2090 1034 2135 quae
1056 2090 1130 2133 per
1159 2090 1315 2133 corpus
1340 2075 1495 2133 gessit,
1521 2075 1608 2118 sive
1638 2074 1722 2118 bo·
1787 2075 1790 2080 ’

336 2165 356 2188 »
384 2163 490 2190 num
525 2146 613 2189 sive
645 2145 837 2189 malum2
870 2165 878 2189 :
918 2164 936 2186 »
973 2146 1073 2204 quia
1109 2147 1237 2188 ctiam
1280 2146 1362 2189 hoc
1395 2145 1597 2189 meritum
1641 2146 1723 2190 sibi
1759 2138 1779 2174 ἦ

333 2218 519 2276 quisque
541 2231 639 2260 cum
665 2217 708 2259 in
727 2231 908 2274 corpore
930 2217 1093 2259 viveret
1116 2216 1398 2274 comparavit,
1424 2225 1473 2259 ut
1492 2217 1528 2258 ei
1549 2224 1724 2275 possent

331 2289 409 2331 ista
435 2286 651 2346 prodesse.
680 2289 774 2330 Non
799 2286 913 2329 enim
939 2288 1142 2329 omnibus
1166 2295 1350 2343 prosunt
1378 2305 1386 2330 :
1413 2296 1453 2330 ct
1477 2302 1611 2345 quare
1633 2302 1722 2330 non
1783 2303 1790 2342 a,

334 2359 537 2403 omnibus
560 2366 759 2417 prosunt,
792 2357 873 2400 nisi
897 2366 1074 2416 propter
1108 2358 1399 2400 differentiam
1433 2357 1556 2412 vitae,
1588 2373 1720 2417 quam
1786 2346 1790 2403 l

336 2430 522 2489 quisque
545 2429 674 2487 gessit
691 2429 734 2471 in
758 2431 963 2487 corpore?
987 2430 1098 2472 Cum
1120 2444 1222 2486 crgo
1239 2428 1443 2472 sacrificia
1469 2463 1479 2483 ,
1500 2429 1587 2472 sive
1610 2427 1720 2471 alta·
1786 2424 1790 2471 Ι

338 2500 416 2555 ris,
457 2502 545 2543 sive
579 2514 955 2559 quarumcumque
982 2498 1356 2556 elcemosynarum
1391 2515 1467 2558 pro
1501 2499 1720 2557 baptizatis
1787 2522 1790 2577 1

391 2592 396 2606 ¹
420 2585 454 2615 In
483 2584 644 2617 Euchirid.
666 2595 740 2626 cap.
767 2595 829 2625 ¹09
847 2588 880 2616 et
901 2594 971 2616 100.
990 2601 1029 2606 —
1046 2589 1058 2605 2
1080 2592 1098 2615 2
1119 2586 1190 2616 Cor.
1211 2594 1242 2625 v,
1267 2595 1314 2617 10·
