1790 3187
602 205 798 232 EPISTOLA
836 206 944 231 xxm.
1382 196 1462 234 3οῡ

79 271 218 314 carnis
253 269 389 313 oculis
416 270 646 328 inspicit,)
677 268 750 312 scd
780 269 908 312 etiam
943 268 1137 328 quotidie
1168 268 1460 314 celebrentur.

79 344 184 393 Quae
207 338 381 384 foeditas
407 340 440 383 si
469 349 638 383 tanturn
673 339 882 397 flagitiosa
912 349 955 382 et
977 355 1066 383 non
1096 339 1224 382 etiam
1259 340 1465 399 sacrilega

78 421 186 455 esset
208 412 560 471 quibuscumque
582 409 821 454 tolerantiae
846 411 1009 455 viribus
1029 411 1358 454 sustentandam
1384 427 1467 470 pu-

78 491 280 526 taremus.
308 484 568 540 Quanquam
591 481 666 524 ubi
685 490 745 525 est
767 480 876 524 illud
893 516 903 535 ,
930 480 1170 541 quodcum
1194 480 1333 524 multa
1363 481 1466 525 vitia

78 562 369 596 enumerasset
389 552 503 596 idem
523 551 752 611 Apostolus
771 587 781 606 ,
806 552 920 595 inter
941 568 1040 612 quae
1058 552 1205 610 posuit
1228 551 1462 606 ebriosos¹‚

77 622 134 667 ita
170 622 404 676 conclusit,
435 631 484 666 ut
507 622 670 666 diceret
702 637 803 666 cum
836 623 995 666 talibus
1021 637 1100 667 nec
1129 638 1284 681 panem
1313 622 1469 666 edere?

80 692 162 738 Sed
200 692 388 738 seramus
414 694 508 738 haec
538 694 582 737 in
612 693 718 738 luxu
747 704 790 738 et
817 694 916 738 labe
941 695 1206 749 domestica,
1241 703 1282 738 et
1316 709 1468 738 eorum

77 765 404 819 conviviorum,
436 782 534 825 quae
559 767 733 824 privatis
762 766 999 824 parietibus
1027 766 1330 819 continentur,
1358 765 1472 810 acei-

75 836 333 896 piamusque
365 853 464 881 cum
494 837 552 881 eis
581 853 738 894 corpus
762 838 948 890 Christi,
980 852 1080 881 cum
1115 837 1274 895 quibus
1312 851 1468 895 panem

75 906 204 950 edere
237 907 546 965 prohibeniur‚
586 906 738 950 salussn
766 906 820 950 de
852 915 1105 950 sanctorun1
1138 921 1372 963 corporurn
1406 920 1472 949 se—

76 976 258 1035 pulcris,
279 976 429 1020 saltem
453 976 507 1020 de
529 976 634 1020 locis
652 985 1045 1030 sacramentorum,
1075 975 1130 1018 de
1156 975 1360 1018 domibus
1380 990 1471 1019 ora·

76 1047 245 1090 tionum
267 1056 436 1091 tantum
458 1047 646 1091 dedecus
669 1055 881 1091 arceatur²
904 1046 1009 1100 Quis
1032 1046 1146 1089 enim
1171 1046 1303 1089 audet
1324 1056 1472 1090 vetare

75 1117 274 1174 privatim
288 1152 298 1171 ,
322 1116 442 1176 quod
463 1132 564 1161 cum
593 1116 897 1177 frequentatur
917 1117 962 1161 in
982 1116 1140 1160 sanctis
1163 1114 1269 1160 locis
1285 1150 1296 1171 ‚
1324 1116 1469 1160 honor

74 1188 317 1243 Martyrum
341 1188 626 1231 nominatur?

136 1260 211 1302 IV.
237 1261 338 1302 Haec
353 1259 384 1301 si
399 1259 536 1316 prima
556 1257 698 1302 Africa
716 1266 904 1301 tentaret
923 1256 1093 1300 auferre
1109 1271 1131 1300 a
1147 1257 1314 1300 caeteris
1331 1258 1470 1311 terris,

77 1327 321 1372 imitatione
350 1327 481 1386 digna
518 1344 607 1372 esse
635 1328 813 1372 deberet
846 1347 855 1372 ι
887 1343 986 1371 curn
1016 1342 1118 1371 vero
1151 1336 1194 1370 et
1226 1343 1302 1385 per
1338 1327 1474 1371 Italiae

75 1399 303 1442 maximam
327 1409 517 1457 partem,
543 1409 586 1442 et
608 1400 652 1442 in
677 1398 769 1442 aliis
791 1399 994 1442 omnibus
1018 1407 1090 1441 aut
1111 1413 1246 1456 prope
1269 1398 1473 1441 omnibus

75 1471 370 1513 transnuninss
394 1469 616 1523 Ecehssns,
644 1470 923 1529 parfflnicpfia
947 1466 1472 1528 nunquanilacuisunt,

75 1540 230 1598 partim
250 1541 351 1599 quia
374 1541 441 1584 vel
464 1549 557 1584 orta
579 1540 649 1584 vel
666 1542 905 1584 inveterata
924 1575 934 1594 ,
957 1550 1207 1583 sanctorum
1233 1548 1275 1582 et
1293 1554 1395 1582 vere
1421 1538 1476 1582 de

74 1610 626 1670 vualuturacogstantnun
649 1608 1476 1670 epsscoporun}dihgentkletanhnad-

74 1682 269 1725 versione
292 1683 482 1726 extincta
505 1692 636 1741 atque
656 1681 798 1725 deleta
831 1683 917 1725 sint
935 1717 945 1735 ,
971 1681 1227 1725 dubitamus
1251 1679 1475 1740 quomodo

75 1766 306 1810 possumus
339 1762 504 1796 tantam
537 1768 710 1795 morum
744 1752 891 1796 labem
920 1753 989 1796 vel
1017 1751 1238 1810 proposito
1269 1760 1355 1793 tam
1387 1750 1477 1795 lato

75 1822 274 1880 exemplo
303 1822 568 1866 emendare?
593 1826 648 1866 Et
678 1838 755 1866 nos
777 1823 958 1881 quidem
985 1822 1154 1865 illarum
1181 1822 1368 1880 partium
1393 1822 1476 1865 ho-

76 1893 479 1937 nnnenihabeHUffl
507 1893 1478 1952 epsseopuniundeinagnfflsagnnusgrauas

77 1965 167 2007 Deo
202 1981 211 2007 :
245 1979 498 2023 quanquam
525 1965 616 2023 ejus
649 1963 874 2007 modestiae
903 1973 1034 2023 atquc
1063 1962 1251 2006 lenitatis
1277 1972 1361 2016 est,
1387 1964 1478 2021 ejus

80 2031 272 2091 denique
293 2034 542 2092 prudentiae
570 2043 612 2077 et
636 2033 942 2078 sollicitudinis
962 2035 1006 2077 in
1037 2034 1244 2087 Domino,
1268 2042 1318 2076 ut
1347 2033 1476 2076 ctiam

79 2103 112 2146 si
134 2102 237 2146 Afer
262 2113 394 2157 esset,
424 2106 510 2148 cito
533 2103 594 2148 illi
624 2103 679 2147 de
703 2105 935 2164 Scripturis
961 2104 1296 2163 persuaderetur
1317 2119 1478 2148 curan-

80 2173 353 2234 dun1,qu0d
379 2174 669 2219 beenfiosacst
702 2176 815 2219 nude
847 2174 1287 2220 hbemiconsuetudo
1320 2174 1480 2217 vulnus

81 2244 250 2289 inflixit.
293 2245 377 2291 Sed
408 2255 525 2289 tanta
560 2245 803 2305 pestilentia
839 2256 902 2290 est
930 2248 1059 2306 hujus
1088 2245 1216 2299 mali,
1254 2255 1301 2288 ut
1339 2246 1479 2289 sanari

83 2330 280 2374 prorsus,
302 2326 519 2377 quantum
546 2318 651 2362 mihi
676 2317 871 2372 videtur,
903 2317 983 2361 nisi
1016 2316 1189 2361 concilii
1219 2317 1479 2360 auctoritate

86 2401 172 2430 non
192 2388 338 2446 possit.
359 2391 448 2432 Aut
466 2388 499 2431 si
519 2388 575 2431 ab
593 2404 679 2432 una
697 2389 876 2433 ecclesia
897 2387 1145 2432 inchoando
1161 2396 1224 2430 est
1242 2387 1475 2441 medicina,

90 2457 199 2502 sicut
216 2458 388 2502 videtur
405 2457 598 2503 audaciae
610 2494 620 2514 ‚
641 2469 810 2504 mutare
826 2458 974 2504 conari
991 2457 1111 2518 quod
1128 2457 1479 2516 Carthaginensis

134 2549 139 2565 ¹
175 2546 280 2578 1Cor.
308 2557 341 2585 v,
365 2556 413 2577 ιι.

248 2610 378 2639 CXLV.
1238 2600 1289 2637 20
