1790 3187
337 217 389 241 nr:
423 217 610 243 ortensis
644 217 798 251 QUAEST.
836 219 983 244 coron.
1022 221 1183 245 'ruint-s.
1402 209 1452 246 47

67 282 269 342 aequitate
298 280 591 326 administrata
623 282 857 342 corporalis
885 293 927 327 et
953 283 1129 328 visibilis
1156 284 1453 343 temporaliter

0 394 1 406 ,
67 354 177 398 actio
208 351 518 413 perfectionem
544 354 707 398 homini
735 364 973 414 comparat.
999 358 1106 408 Quae
1129 354 1365 415 perfectio,
1398 357 1457 400 si-

0 418 1 427 *
65 435 138 470 cut
160 424 326 470 dictum
348 435 437 481 est,
467 426 644 470 denario
675 442 859 471 numero
880 427 1150 486 significatur
1174 447 1182 470 :
1208 427 1319 472 sicut
1345 444 1454 488 qua-

63 495 341 555 dragenarius
363 511 570 540 numerus
593 496 836 557 aequalibus
855 498 940 541 suis
958 498 1154 557 partibus
1172 499 1216 542 in
1239 514 1457 543 summam

65 566 245 612 redactis
264 566 490 612 denarium
515 583 744 612 numerum
767 569 902 628 parit,
929 569 1136 630 quoniam
1159 568 1213 613 ad
1233 570 1457 630 quinqua-

63 638 281 697 genarium
302 674 312 694 ,
333 638 445 683 sicut
462 654 590 699 supra
612 638 776 683 dictum
802 650 891 695 est,
917 641 1128 700 pervenit.
1163 643 1305 684 Unum
1338 641 1455 684 enim

62 709 181 770 quod
196 710 360 754 habent
380 710 666 770 quadraginta
687 711 943 771 quadragies
956 747 966 766 ,
987 721 1029 756 et
1048 711 1136 756 duo
1151 711 1270 772 quod
1286 712 1455 756 habent

61 780 211 837 vicies,
237 791 278 825 et
299 791 486 840 quatuor
513 781 635 841 quod
657 782 822 826 habent
844 782 985 826 decies
1002 818 1012 837 ,
1037 792 1080 827 et
1103 783 1300 843 quinque
1332 782 1454 843 quod

62 851 227 896 habent
251 853 382 897 octies
399 888 409 908 ,
435 862 478 897 et
503 861 602 897 octo
625 852 742 913 quod
767 854 931 897 habent
952 854 1205 914 ‹piinquies,
1235 863 1277 897 et
1302 852 1453 897 decem

61 920 180 982 quod
214 917 378 967 habent
409 932 584 984 quater,
623 933 665 968 et
688 922 836 983 viginti
866 923 984 984 quod
1010 924 1176 967 habent
1207 924 1292 979 bis,
1325 922 1454 967 simul

61 991 192 1037 ducta
210 993 320 1037 fiunt
336 994 670 1055 quinquaginta.
697 993 853 1040 Nullus
871 995 985 1039 enim
1008 994 1116 1039 alius
1133 1010 1341 1039 numerus
1359 1010 1452 1039 me-

60 1063 129 1107 tiri
151 1079 228 1124 per
252 1074 392 1124 partes
415 1066 605 1126 aequales
622 1066 1012 1126 quadragenarium
1038 1082 1269 1110 numerum
1293 1076 1449 1126 potest,

59 1144 214 1194 praeter
235 1136 313 1180 hos
331 1152 440 1198 quos
469 1137 840 1194 enumeravimus,
874 1147 916 1182 et
938 1147 1213 1197 computatos
1242 1137 1293 1182 ad
1321 1138 1453 1198 quin-

57 1208 370 1268 quagenarium
408 1225 640 1253 numerum
669 1209 966 1269 perduximus.
1009 1210 1196 1253 Peractis
1231 1225 1332 1268 ergo
1364 1212 1452 1254 Do·-

58 1278 200 1323 minus
214 1279 501 1339 quadraginta
525 1279 678 1324 diebus
702 1289 798 1340 post
821 1280 1179 1324 resurrectionem
1204 1296 1304 1324 cum
1322 1279 1452 1324 disci-

57 1347 169 1408 pulis
209 1350 296 1393 suis
314 1352 325 1375 ¹
342 1385 352 1405 2
393 1350 437 1393 id
473 1360 536 1395 est
558 1385 568 1405 7
608 1349 917 1395 commendans
953 1351 1012 1393 eis
1051 1350 1169 1410 quod
1210 1365 1289 1410 pro
1329 1350 1451 1393 nobis

59 1420 350 1480 temporaliter
373 1429 541 1479 gestum
559 1430 623 1464 est
638 1456 648 1475 ‚
674 1419 870 1464 ascendit
890 1420 933 1463 in
952 1420 1112 1464 coelum
1136 1439 1143 1464 :
1165 1429 1208 1464 et
1229 1430 1327 1480 post
1344 1420 1450 1465 alios

56 1489 203 1534 decem
243 1491 336 1534 dies
367 1491 482 1535 misit
518 1491 724 1551 Spiritum
753 1500 976 1546 sanctum,
1017 1507 1108 1550 quo
1134 1492 1450 1550 perficerentur

57 1560 334 1620 spiritualiter
352 1563 404 1606 ad
423 1561 651 1607 invisibilia
671 1562 879 1622 capienda
898 1598 907 1616 ,
929 1562 1003 1622 qui
1022 1561 1266 1607 visibilibus
1285 1572 1449 1622 tempo-

59 1629 305 1692 ralibusque
326 1632 614 1677 crediderant.
645 1634 752 1692 Ipsis
775 1632 979 1677 videlicet
998 1632 1149 1677 decem
1174 1634 1329 1678 diebus
1351 1644 1449 1694 post

56 1718 164 1764 quos
180 1703 293 1748 misit
317 1704 524 1764 Spiritum
549 1715 746 1749 sanctum
766 1741 776 1759 ,
798 1706 997 1749 eamdem
1013 1704 1324 1764 perfectionem
1349 1722 1448 1765 quae

56 1790 130 1834 per
155 1775 362 1834 Spiritum
378 1785 575 1820 sanctum
595 1776 820 1820 confertur
835 1776 1013 1820 denario
1031 1791 1214 1820 numero
1230 1776 1444 1832 indicans,

59 1846 187 1889 buem
209 1846 574 1905 quadragenarius
595 1848 853 1904 computatis
876 1846 1120 1906 aequalibus
1143 1848 1337 1906 partibus
1361 1847 1448 1891 suis

56 1916 175 1972 edit,
214 1925 255 1960 et
288 1917 338 1960 fit
358 1917 759 1976 quinquagenarius
790 1936 798 1961 ;
830 1917 941 1961 sicut
970 1917 1197 1977 temporali
1228 1918 1448 1977 dispensa-

58 1987 172 2031 tione
195 2002 294 2031 cum
312 1988 518 2046 aequitate
538 1988 836 2031 administrata
864 1988 1116 2048 pervenitur
1134 1989 1188 2032 ad
1211 1988 1446 2048 perfectio-

56 2072 154 2102 nem
177 2093 187 2112 ,
224 2073 352 2118 quam
385 2058 588 2102 denarius
623 2074 830 2103 numerus
865 2059 1106 2118 signifieat,
1139 2061 1213 2120 qui
1241 2060 1445 2104 denarius

56 2127 183 2172 simul
213 2143 313 2172 cum
345 2128 691 2189 quadragenario
719 2129 1144 2190 quinquagenarium
1179 2128 1295 2174 facit.
1328 2134 1445 2190 Ergo

57 2199 259 2258 quoniam
276 2198 484 2259 perfectio
503 2217 602 2261 quae
620 2201 669 2244 fit
684 2216 760 2260 per
777 2201 985 2260 Spiritum
1003 2209 1219 2256 sanetum,
1245 2201 1444 2261 quandiu

57 2269 198 2314 adhuc
215 2270 260 2314 in
277 2286 405 2315 carne
425 2271 720 2326 ambulamus,
743 2270 941 2332 quamvis
966 2287 1051 2315 non
1074 2271 1269 2315 vivamus
1291 2288 1444 2316 carna-

57 2338 153 2384 liter
170 2374 180 2394 ,
206 2356 305 2385 cum
332 2341 422 2401 ipsa
444 2342 765 2401 dispensatione
792 2340 1015 2400 temporali
1045 2341 1296 2401 copulatur,
1327 2351 1444 2387 recte

57 2409 226 2455 videtur
242 2413 637 2472 quinquagenarius
655 2428 863 2456 numerus
881 2411 936 2456 ad
955 2411 1192 2457 Ecclesiam
1209 2415 1440 2473 pertinere,

58 2480 131 2526 sed
147 2483 236 2542 jam
264 2492 494 2544 purgatam
519 2493 649 2545 atque
676 2482 914 2544 perfectam
930 2518 941 2536 ‚
967 2499 1067 2544 quae
1090 2485 1338 2545 temporalis
1359 2486 1444 2530 dis-

106 2572 114 2588 ¹
136 2567 290 2609 Act.1‚9
308 2572 340 2600 et
356 2578 389 2608 n,
409 2578 438 2598 ι.
