1790 3187
335 197 417 237 186
754 210 787 234 s-
825 209 1052 236 AUGUSTINI
1088 210 1266 237 zviscom

333 275 388 317 rit
417 274 537 333 quod
575 272 761 317 delectet
795 282 926 331 atque
960 274 1114 318 invitet
1143 275 1358 327 animum,
1390 274 1553 317 moveri
1587 274 1707 320 nullo

334 343 464 389 modo
485 353 626 403 potest
650 363 657 387 :
686 344 767 387 hoc
785 352 929 386 autem
952 353 1001 387 ut
1023 353 1242 398 occurrat,
1268 359 1357 387 non
1381 352 1445 387 est
1465 344 1510 386 in
1525 343 1709 389 hominis
1735 391 1738 394 ,
1788 370 1790 374 -

334 423 558 473 potestate.
591 412 707 466 Quid
739 412 911 457 volebat
940 412 1116 469 Saulus,
1154 414 1234 456 nisi
1258 411 1459 457 invadere
1477 448 1488 468 ,
1514 414 1708 470 trahere,

334 485 517 538 vincire,
561 498 714 527 necare
753 483 1071 527 Christianos¹P
1115 485 1254 537 Quam
1301 483 1451 527 rabida
1486 482 1709 540 voluntas,

334 571 465 615 quam
487 555 673 609 furiosa,
697 569 827 614 quam
857 555 990 598 caeca!
1024 555 1101 614 qui
1123 563 1268 598 tamen
1291 570 1376 598 una
1405 555 1590 614 desuper
1609 569 1713 599 voce

335 634 585 685 prostratus,
612 633 868 668 occurrente
896 625 1048 684 utique
1073 624 1146 669 tali
1173 625 1281 680 viso,
1312 641 1400 684 quo
1428 640 1548 668 mens
1578 623 1650 668 illa
1673 634 1714 670 et

334 696 535 739 voluntas
557 693 739 739 refracta
756 694 916 739 saevitia
932 703 1256 755 retorqueretur
1283 705 1325 740 et
1354 696 1640 753 corrigeretur
1661 696 1715 741 ad

335 767 482 820 fidem,
511 775 688 825 repente
710 781 760 809 ex
792 764 1014 823 Evangelii
1037 765 1224 809 mirabili
1246 775 1519 825 persecutore
1541 766 1716 810 mirabi-

334 837 416 881 lior
452 835 711 896 praedicator
745 836 926 880 effectus
959 845 1035 880 est.
1078 839 1132 880 Et
1175 846 1320 880 tamen
1361 836 1468 896 quid
1500 836 1718 882 dicemus?

339 927 358 949 «
387 908 612 968 Numquid
633 907 838 967 iniquitas
852 916 914 951 est
933 908 1049 966 apud
1074 910 1254 962 Deum2,
1279 925 1298 948 »
1324 907 1566 966 exigentem
1586 923 1608 951 a
1631 916 1717 968 quo

338 977 506 1037 placet,
531 976 765 1021 donantem
794 978 863 1021 cui
901 976 1068 1036 placet?
1094 977 1169 1037 qui
1202 992 1478 1037 nequaquam
1502 978 1632 1036 exigit
1652 977 1718 1021 in·
1754 996 1758 1008 ²

337 1048 552 1104 debitum,
578 1063 851 1108 nequaquam
882 1048 1017 1092 donat
1043 1048 1247 1093 alienum.
1278 1067 1296 1090 «
1316 1047 1541 1108 Numquid
1560 1048 1719 1107 iniqui-

338 1138 357 1160 »
379 1128 442 1162 tas
471 1129 533 1162 est
563 1119 681 1177 apud
714 1121 879 1162 Deum?
904 1119 1040 1163 Absit.
1070 1138 1088 1160 n
1111 1121 1255 1172 Quare
1279 1128 1421 1162 tamen
1444 1118 1547 1162 huic
1575 1118 1633 1162 ita
1649 1153 1659 1172 ‚
1678 1127 1719 1163 et

336 1190 437 1233 huic
462 1205 548 1233 non
571 1189 656 1232 ita?
678 1208 696 1230 «
718 1190 755 1233 Ο
771 1190 925 1242 homo,
947 1199 991 1232 tu
1011 1190 1106 1248 quis
1125 1192 1193 1232 es‘?
1211 1207 1229 1230 »
1251 1189 1454 1233 Debitum
1472 1189 1505 1232 si
1523 1204 1610 1232 non
1629 1188 1719 1233 red-

338 1260 424 1314 dis,
451 1261 583 1304 habes
617 1260 733 1320 quod
772 1260 998 1318 gratuleris
1032 1261 1098 1304 :si
1129 1259 1287 1315 reddis,
1319 1275 1406 1304 non
1433 1260 1566 1303 habes
1602 1260 1720 1319 quod

335 1331 540 1389 queraris.
569 1330 808 1375 Credamus
844 1339 1014 1373 tantum
1038 1332 1114 1388 (et
1142 1330 1174 1374 si
1203 1345 1355 1389 capere
1385 1345 1473 1374 non
1497 1329 1721 1387 valemus)

335 1401 541 1461 quoniam
564 1401 639 1460 qui
656 1402 899 1445 universam
919 1410 1159 1444 creaturam
1183 1410 1225 1445 et
1243 1399 1479 1460 spiritalem
1497 1409 1540 1444 et
1563 1414 1718 1458 corpo-

336 1472 467 1514 ralem
494 1470 594 1514 fecit
616 1481 658 1514 et
687 1471 903 1526 condidit,
932 1471 1077 1514 omnia
1108 1471 1150 1514 in
1182 1486 1365 1516 numero
1393 1482 1431 1514 et
1465 1469 1658 1529 pondere
1678 1478 1720 1513 et
1750 1465 1754 1534 ξ

338 1557 535 1585 mensura
554 1542 783 1601 disponiiss.
821 1542 904 1586 Sed
935 1542 1229 1586 inscrutabilia
1259 1552 1360 1586 sunt
1378 1538 1541 1602 judicia
1566 1541 1655 1600 ejus
1678 1549 1719 1584 et
1750 1535 1753 1603 ξ

339 1613 657 1671 investigabiles
679 1614 758 1657 viae
781 1614 914 1673 ejus&
940 1614 1136 1657 Dicamus
1163 1613 1335 1657 alleluia
1357 1623 1398 1657 et
1421 1612 1717 1657 collaudemus

337 1684 571 1738 canticum,
592 1694 634 1727 et
658 1699 744 1727 non
767 1684 984 1738 dicamus,
1013 1683 1130 1737 Quid
1149 1685 1254 1728 hoc?
1279 1683 1343 1727 vel
1367 1682 1599 1743 quidhoc?
1620 1683 1719 1726 Om-

339 1755 406 1798 nia
431 1755 544 1798 enim
568 1755 611 1797 in
635 1763 829 1813 tempore
853 1769 931 1798 suo
954 1764 1097 1798 creata
1111 1758 1249 1798 suntb.

388 1855 576 1893 ¹Act.v1=1‚
597 1854 615 1883 3
633 1858 665 1884 et
683 1864 723 1892 ix,
753 1863 781 1883 1.
798 1869 840 1874 —
857 1860 869 1875 ²
888 1854 979 1884 Rom.
1004 1864 1047 1892 ix,
1078 1852 1182 1893 14-
1200 1851 1214 1874 3
1234 1855 1309 1895 Sap.
1333 1863 1377 1891 xi,
1400 1862 1453 1884 Ἡ.
1471 1851 1541 1881 -4
1563 1854 1651 1883 Rom.
1671 1861 1714 1890 ιι,

342 1906 354 1928 5
376 1907 470 1939 Ecc'it
497 1920 578 1943 xxix,
604 1920 640 1949 it)
659 1913 691 1939 et
710 1908 765 1938 ¹26.
1746 1897 1749 1904 Ι
