1790 3187
343 216 428 255 416
766 229 799 254 s.
837 226 1066 254 Aucusnm
1100 226 1278 254 EPlsCOPJ

341 294 391 337 iis
409 328 419 347 ‚
445 293 548 353 quia
575 307 624 336 ea
650 290 837 347 vellent,
864 292 974 336 sicut
997 308 1020 336 a
1048 292 1299 351 parentibus
1321 305 1396 350 per
1419 294 1576 349 Legem
1599 306 1723 335 acce-
1757 277 1763 284 .

340 373 516 423 perant,
545 361 790 416 custodire,
817 363 947 406 etiam
979 378 1078 406 cum
1106 363 1277 407 Christo
1307 361 1609 416 credidissent,
1636 376 1724 405 non

342 444 487 478 tamen
510 434 555 477 in
577 435 635 478 eis
652 424 742 493 jam
765 433 1079 477 constituerent
1101 449 1218 492 spem
1236 432 1406 491 salutis3
1426 435 1630 493 quoniam
1648 447 1726 491 per

343 506 575 550 Dominum
599 507 748 548 Jesum
768 503 880 548 salus
898 503 985 562 ipsa
1000 539 1010 558 ,
1036 520 1134 563 quae
1156 503 1238 547 illis
1264 504 1546 548 Sacramentis
1569 502 1727 560 signifi-

343 576 520 620 cabatur
535 610 545 630 ,
569 574 815 620 advenerat.
842 573 1034 633 Ideoque
1064 574 1285 632 gentibus¹
1306 608 1317 629 ,
1342 572 1461 634 quod
1490 574 1680 617 insuetos
1703 588 1726 617 a

343 645 429 689 fide
450 655 702 690 revocarent
720 659 851 689 onere
869 644 986 702 gravi
1005 653 1046 689 et
1066 659 1154 689 non
1171 644 1407 689 necessario
1424 678 1435 700 ,
1456 641 1578 689 nullo
1596 642 1727 688 modo

342 716 606 776 imponenda
629 732 717 761 esse
735 716 952 760 censebat.

402 790 454 832 V.
491 791 766 847 Quapropter
783 803 871 832 non
892 787 991 831 ideo
1014 790 1190 831 Petrum
1211 786 1481 841 emendavit,
1507 784 1626 846 quod
1648 800 1727 845 pa-

345 867 486 902 ternas
506 859 757 903 traditiones
774 859 1046 903 observaret²
1068 877 1076 902 ε
1102 857 1223 917 quod
1245 858 1279 902 si
1301 857 1441 902 facere
1465 857 1596 902 vellet
1612 891 1622 911 ,
1649 871 1730 900 nec

344 929 611 973 mendaciter
633 944 712 972 nec
734 929 974 987 incongrue
997 926 1182 986 faceret,
1203 928 1398 988 quamvis
1421 927 1534 972 enim
1550 928 1637 987 jam
1657 942 1730 970 su·

343 999 507 1058 perssua
527 1034 537 1054 ,
565 1009 710 1044 tamen
732 999 966 1055 solita=non
993 1007 1200 1043 nocerent
1220 1017 1228 1042 ε
1256 999 1329 1042 sed
1353 999 1558 1058 quoniam
1582 1006 1730 1056 gentes

342 1070 525 1128 cogebat
550 1069 774 1130 judaizare
794 1104 805 1124 ,
838 1071 958 1128 quod
986 1069 1108 1113 nullo
1133 1068 1263 1113 modo
1286 1077 1452 1128 posset,
1479 1068 1560 1111 nisi
1591 1083 1640 1111 ea
1672 1067 1731 1110 sic

344 1150 516 1198 ageret,
541 1149 750 1199 tanquam
770 1139 913 1184 adhuc
931 1140 1059 1184 etiam
1083 1149 1178 1199 post
1202 1141 1372 1184 Domini
1395 1139 1630 1184 adventum
1653 1153 1731 1181 ne-

343 1211 523 1255 cessaria
544 1210 671 1255 saluti
693 1210 836 1255 forent
863 1229 872 1255 2
898 1211 1018 1270 quod
1041 1211 1322 1255 vehementer
1344 1224 1421 1269 per
1442 1208 1731 1269 apostolatum

345 1281 467 1327 Pauli
487 1282 643 1327 veritas
666 1281 878 1327 dissuasit.
911 1284 1000 1327 Nec
1023 1281 1243 1340 apostolus
1272 1284 1423 1325 Petrus
1448 1281 1530 1325 hoc
1553 1280 1731 1338 ignora-

343 1353 419 1397 bat
451 1373 459 1398 :
494 1353 570 1398 sed
595 1354 639 1397 id
666 1354 879 1408 faciebat,
908 1354 1064 1397 timens
1097 1368 1189 1409 eos,
1223 1354 1299 1413 qui
1326 1369 1376 1397 ex
1404 1352 1731 1398 circumcisione

344 1433 480 1468 erant.
508 1427 573 1468 Ita
590 1433 632 1468 et
650 1423 740 1482 ipse
758 1439 858 1468 vere
880 1433 1098 1469 correctus
1121 1433 1210 1478 est,
1231 1433 1274 1467 et
1290 1423 1449 1468 Paulus
1472 1438 1571 1468 vera
1588 1437 1731 1466 narra-

345 1494 423 1547 vit,
445 1510 500 1538 ne
517 1503 664 1538 sancta
692 1495 928 1553 Scriptura,
955 1510 1053 1554 quae
1076 1494 1130 1538 ad
1154 1494 1283 1539 fidem
1307 1495 1484 1554 posteris
1507 1493 1622 1538 edita
1642 1502 1726 1548 est,

344 1564 530 1609 admissa
561 1565 818 1609 auctoritate
848 1566 1089 1620 mendacii,
1124 1575 1212 1610 tota
1237 1565 1371 1610 dubia
1406 1574 1531 1610 nutet
1558 1574 1600 1609 et
1621 1564 1732 1608 fluc-

345 1645 453 1680 tuet.
472 1639 566 1681 Non
586 1637 700 1679 enim
721 1645 863 1694 potest
880 1646 955 1681 aut·
972 1646 1142 1695 oportet
1161 1637 1312 1681 litteris
1330 1636 1550 1696 explicari,
1567 1643 1731 1695 quanta

344 1715 387 1749 et
409 1721 538 1766 quam
557 1704 870 1764 inexplicabilia
893 1706 1005 1750 mala
1024 1716 1348 1766 consequantur
1364 1742 1374 1762 ,
1400 1707 1434 1750 si
1452 1708 1534 1750 hoc
1556 1720 1731 1750 conces-

343 1777 537 1820 serimus.
563 1780 710 1820 Posset
728 1785 872 1820 autem
892 1786 1138 1836 opportune
1155 1778 1387 1836 minusque
1404 1775 1643 1835 periculose
1661 1775 1731 1820 de-

343 1848 572 1892 monstrari
592 1882 602 1901 ,
629 1847 662 1891 si
680 1862 824 1892 coram
849 1847 962 1890 inter
985 1863 1062 1892 nos
1084 1847 1447 1908 colloqueremur.
1779 1906 1781 1910 .

403 1921 479 1962 VI.
517 1921 610 1963 Hoc
634 1934 736 1977 ergo
759 1918 1013 1963 Judaeorum
1039 1918 1199 1963 Paulus
1222 1918 1441 1963 dimiserat
1458 1953 1468 1973 ,
1496 1916 1615 1978 quod
1640 1932 1732 1960 ma-

343 1988 435 2032 lum
460 1989 683 2032 habebant
709 2008 717 2032 :
757 1998 800 2032 et
831 1989 875 2031 in
907 1990 1055 2047 primis
1078 1988 1214 2044 illud,
1241 1989 1359 2048 quod
1387 1990 1631 2046 ignorantes
1656 1987 1732 2031 Dei

339 2059 551 2119 justitiam
570 2094 581 2114 ,
607 2068 649 2103 et
666 2074 785 2103 suam
804 2060 1016 2118 justitiam
1037 2059 1230 2104 volentes
1248 2060 1532 2113 constituere,
1551 2058 1730 2118 justitiae
1765 2078 1767 2082 ·

345 2130 421 2174 Dei
453 2146 541 2175 non
573 2139 674 2175 sunt
696 2131 923 2190 subjecti3.
951 2131 1115 2175 Deinde
1143 2131 1263 2191 quod
1297 2141 1394 2191 post
1415 2131 1655 2190 passionem
1688 2137 1732 2173 et

344 2202 702 2246 resurrectionem
725 2202 909 2257 Christi,
935 2202 1037 2246 dato
1065 2218 1113 2247 ac
1145 2202 1422 2247 manifestato
1452 2205 1730 2247 Sacramento

345 2273 494 2331 gratiae
513 2273 754 2318 secundum
776 2273 972 2318 ordinem
991 2273 1312 2319 Melchisedech
1325 2309 1335 2329 ,
1356 2273 1498 2318 adhuc
1515 2274 1731 2332 putabant

346 2345 619 2388 Sacramenta
653 2352 797 2387 vetera
819 2379 830 2398 ,
869 2360 958 2388 non
987 2360 1037 2388 ex
1065 2344 1381 2388 consuetudine
1415 2342 1724 2396 solemnitatis,
1788 2387 1790 2391 ,

344 2412 419 2457 sed
441 2429 490 2457 ex
524 2414 776 2458 necessitate
802 2413 950 2459 salutis
974 2430 1061 2458 esse
1088 2415 1362 2459 celebranda.
1389 2417 1498 2467 Quae
1520 2424 1665 2457 tamen
1697 2411 1730 2455 si
1774 2413 1777 2446 ἱ

344 2499 570 2543 nunquam
593 2483 776 2530 fuissent
803 2486 1035 2530 necessaria
1059 2520 1068 2540 ,
1096 2484 1363 2530 infructuose
1388 2494 1517 2544 atque
1546 2483 1730 2527 inaniter
1773 2494 1777 2522 a

394 2575 401 2591 ¹
424 2570 496 2601 Aet.
516 2580 570 2610 w,
592 2572 646 2603 28.
663 2586 702 2592 —
719 2575 730 2591 ²
749 2569 876 2611 Gal-11,
901 2567 1197 2612 ¹4·“3RO¹U·X³
1220 2581 1268 2601 ιο.
1785 2575 1789 2592 ¹
