1790 3187
677 282 948 311 ΑΝΝΟΤΑΤῙΟΝ
957 280 1015 310 Es.
1448 276 1531 314 537

145 345 277 393 ccede
297 346 472 408 polluti
491 356 613 392 sunt.
647 347 829 392 Imbibit
858 347 982 392 istam
1008 347 1252 392 doctrinam
1275 352 1535 410 propinante

143 419 374 464 Ambrosio
397 420 440 462 in
456 418 533 462 lib.
556 437 605 462 111
628 418 683 462 de
700 418 879 471 Officiis,
905 433 1000 476 cap.
1029 422 1070 473 4,
1097 419 1213 463 hisce
1228 421 1371 465 verbis
1390 420 1534 468 :Non

142 489 332 534 videtur
360 488 492 547 qnod
516 490 590 533 vir
615 487 947 544 Christianus,
981 499 1025 533 et
1048 489 1232 551 justus,
1265 499 1311 534 et
1340 493 1535 550 sapiens

143 576 356 620 qzioerere
380 559 475 605 sibi
493 561 643 604 vitam
669 556 833 604 aliena
864 569 1015 603 morte
1037 558 1213 605 debeat
1233 577 1245 604 :
1271 570 1433 620 utpote
1454 564 1538 620 qui

142 632 335 676 etiamsi
371 632 419 676 in
460 630 696 676 latronem
736 640 981 675 armatum
1025 630 1233 687 incidat,
1263 631 1535 694 ferientem

141 703 343 765 referire
362 717 459 747 non
475 704 644 762 possit,
667 718 727 746 ne
750 700 864 746 dum
885 700 1092 746 salutem
1115 701 1350 765 defendit,
1376 704 1535 762 pieta-

142 781 236 817 tem
255 774 566 817 contaminet.
588 773 742 818 Hausit
761 772 890 817 etiam
910 788 960 816 ex
975 773 1212 832 Cypriano,
1233 774 1307 833 qui
1327 774 1370 817 in
1391 774 1529 832 Epist.

140 861 211 888 Lv1
229 843 428 888 absolute
450 844 703 902 pronuntiat
722 862 730 888 :
754 841 985 889 Occidere
1004 858 1101 888 non
1125 841 1250 899 licet,
1275 842 1365 888 sed
1379 842 1537 887 occidi

138 928 331 958 necesse
352 923 452 968 est,·
479 923 521 958 et
544 915 587 957 in
616 915 752 975 Epist.
781 933 869 959 Lvll
903 935 911 960 ;
942 912 1176 960 Occidere
1205 911 1534 958 innocentibus

139 998 226 1029 nec
247 992 498 1029 nocentem
523 982 681 1029 liceat.

503 1140 759 1179 ANNOTATm
791 1136 884 1192 (39)
916 1149 1014 1193 pag.
1054 1138 1172 1179 474..

193 1293 478 1352 Bagaitanum
501 1293 738 1338 concilium
761 1292 925 1338 indicat
945 1309 968 1338 a
990 1298 1074 1337 310
1097 1294 1308 1353 episcopis
1327 1293 1531 1337 adversus

133 1364 496 1409 Maximianenses
517 1364 736 1419 habitum,
767 1363 822 1408 de
843 1380 934 1424 quo
949 1365 1039 1424 jam
1066 1379 1194 1423 supra
1221 1364 1266 1408 in
1288 1372 1438 1408 annot.
1476 1363 1530 1407 ad

131 1436 270 1495 Epist.
292 1452 417 1480 XLIII.
436 1436 572 1495 Cujus
588 1435 759 1481 concilii
781 1436 995 1480 sententia
1014 1451 1112 1480 cum
1137 1435 1330 1479 damnati
1349 1434 1531 1479 fuissent

134 1516 293 1565 praeter
320 1506 426 1551 alios
451 1506 696 1552 Felicianus
719 1516 762 1552 et
796 1511 1105 1562 Praetextatus,
1135 1506 1264 1552 ambo
1286 1521 1336 1551 ex
1361 1505 1530 1551 duode-

132 1578 255 1621 nario
278 1576 355 1622 illo
374 1593 558 1622 numero
577 1579 897 1638 episcoporum,
923 1579 999 1638 qui
1022 1578 1336 1623 Maximianum
1359 1576 1531 1621 ordina-

132 1657 246 1703 rant,
268 1648 383 1693 effici
399 1664 488 1693 non
507 1650 652 1708 potuit
668 1665 863 1708 unquam
883 1658 933 1692 ut
950 1649 1126 1694 sedibus
1143 1649 1231 1692 suis
1245 1647 1527 1707 pellerentur,

132 1719 331 1779 quamvis
354 1719 415 1773 id,
440 1728 559 1764 mota
578 1721 709 1763 etiam
727 1728 879 1764 contra
900 1734 972 1763 eos
992 1718 1068 1763 lite
1090 1717 1207 1778 apud
1225 1719 1335 1765 duos
1354 1717 1423 1761 vel
1446 1727 1530 1761 tres

133 1788 422 1834 Proconsules
437 1792 644 1849 (quorum
662 1790 734 1833 hic
755 1790 964 1834 dicuntur
982 1786 1355 1848 proconsularia
1377 1786 1529 1832 Gesta

131 1861 310 1918 haberi)
329 1875 454 1918 agere
476 1861 620 1905 conati
642 1862 729 1905 sint
750 1862 943 1920 ipsorum
966 1860 1197 1905 adversarii
1218 1879 1225 1904 :
1250 1861 1326 1919 qui
1350 1859 1528 1903 demum

132 1931 260 1990 ipsos,
286 1935 454 1989 Rogato
478 1931 580 1975 licet
603 1933 690 1991 jam
726 1932 771 1974 in
794 1933 1042 1976 Praetextati
1064 1931 1211 1976 locum
1234 1930 1457 1984 ordinato,
1483 1931 1527 1973 in

132 2003 220 2047 suis
242 2003 484 2047 honoribus
506 2012 782 2062 receperunt,
817 2018 867 2046 ex
897 2003 975 2046 lib.
1000 2021 1014 2046 1
1039 2012 1190 2047 contra
1214 2001 1528 2055 Gaudentium,

132 2089 228 2133 cap.
248 2080 303 2118 39
319 2082 362 2118 et
377 2073 470 2118 aliis
491 2073 597 2118 locis
619 2092 627 2117 ε
647 2083 830 2132 cogente
845 2074 1051 2118 nimirum
1067 2074 1229 2133 Optato
1247 2072 1526 2126 Gildoniano,

134 2153 184 2189 ut
205 2143 364 2189 dicitur
385 2145 431 2188 in
450 2144 589 2204 Epist.
616 2162 709 2189 L111.

506 2303 763 2346 Annorum
793 2303 886 2359 (40)
917 2315 1016 2360 pag.
1055 2303 1155 2345 482.

197 2454 248 2496 In
281 2466 370 2496 uno
406 2466 429 2495 e
468 2451 685 2496 Vaticanis
717 2450 962 2506 codicibus,
1001 2450 1124 2496 Lino
1164 2448 1354 2506 Cletus,
1393 2448 1528 2495 Cleto

142 2520 364 2567 Clemens
385 2522 455 2566 cui
478 2521 621 2566 caeteri
645 2523 770 2567 MSS.
805 2521 1095 2581 refragantur.
1131 2521 1267 2566 Paulo
1290 2531 1412 2580 post,
1450 2537 1529 2580 pro

137 2591 439 2647 Anacletus,
482 2592 671 2637 habetur
709 2593 753 2636 in
791 2592 1008 2652 plerisque
1044 2593 1170 2637 MSS.
1214 2589 1525 2636 Anencletics.
