1790 3187
536 247 734 276 namon
767 249 919 276 xxxvi.
1342 238 1426 279 403

39 312 115 370 qui
130 325 207 370 per
222 311 505 356 offensionem
529 326 619 358 non
640 313 922 370 manducant,
944 314 1033 359 sive
1054 313 1340 371 manducant,
1357 316 1425 362 vel

41 391 253 441 spernunt
268 381 338 428 vel
352 383 568 442 judicant.

100 454 286 497 XXVII.
323 455 380 497 Et
406 453 461 498 de
485 454 555 497 die
587 454 764 515 quidem
800 454 967 500 sabbati
1002 453 1170 500 facilior
1190 470 1317 500 causa
1345 465 1425 511 est,

41 523 143 582 quia
160 532 204 567 et
225 526 421 568 Romana
431 525 601 584 jejunat
619 525 828 582 Ecclesia,
843 535 886 571 et
901 527 996 571 aliae
1011 526 1252 582 nonnullae,
1265 526 1432 572 etiamsi

39 608 206 653 paucae,
231 595 319 640 sive
343 595 407 640 illi
436 596 641 656 proximae
668 598 757 642 sive
779 596 1054 658 longinquae:
1079 599 1150 643 die
1173 608 1320 643 autem
1345 602 1433 643 Do-

39 664 200 709 minico
219 666 415 726 jejunare
441 666 696 712 scandalum
718 676 782 713 est
809 684 1018 728 magnum
1034 705 1045 725 ‚
1071 669 1255 714 maxime
1283 678 1432 728 postea

38 750 169 795 quam
208 736 401 783 innotuit
440 738 707 784 detestabilis
744 739 1026 801 multumque
1068 740 1169 785 fidei
1205 739 1434 786 catholicae

41 807 362 869 Scripturisque
389 810 546 856 divinis
575 812 842 872 apertissime
863 813 1077 857 contraria
1101 814 1271 857 haeresis
1293 813 1435 858 Mani-

38 877 366 941 ehaeorum,qui
387 883 474 926 suis
496 883 771 928 auditoribus
794 883 847 928 ad
856 884 1150 944 jejunandum
1176 884 1307 927 istum
1333 891 1434 927 tan-

34 965 170 1009 quam
203 954 526 998 constituerunt
547 953 794 1012 legitimum
828 954 944 997 diem
972 974 983 1011 3
1007 969 1085 1013 per
1117 953 1239 1014 quod
1267 952 1435 997 sactum

38 1030 118 1076 est,
142 1032 192 1066 ut
208 1025 424 1084 jejunium
446 1025 533 1068 diei
554 1025 768 1069 Dominici
792 1025 1043 1070 horribilius
1061 1025 1317 1070 haberetur.
1344 1024 1435 1070 Nisi

39 1090 152 1136 forte
189 1093 344 1154 aliquis
364 1095 547 1140 idoneus
564 1095 618 1139 sit
641 1095 763 1140 nulla
780 1094 1018 1141 relectione
1040 1096 1296 1156 interposita
1320 1094 1436 1139 ultra

38 1161 362 1209 hebdomadam
394 1174 652 1226 perpetuare
683 1166 925 1226 jujunium,
962 1175 1012 1211 ut
1037 1166 1205 1227 jejunio
1244 1165 1436 1227 quadra-

39 1234 157 1293 ginta
193 1234 389 1292 dierum,
431 1247 650 1298 quantum
686 1239 902 1299 potuerit,
929 1239 1286 1299 appropinquet3
1326 1237 1437 1282 sicut

40 1304 207 1365 aliquos
230 1306 381 1352 fecisse
402 1309 700 1367 cognovimus.
728 1312 837 1356 Nam
860 1318 904 1354 et
923 1311 978 1354 ad
1011 1309 1154 1370 ipsum
1188 1307 1436 1370 quadrage-

40 1377 209 1421 narium
243 1394 478 1424 numerum
512 1380 758 1440 pervenisse
778 1380 1035 1440 quemdam,
1070 1396 1093 1425 a
1115 1379 1325 1424 fratribus
1349 1378 1437 1424 fide

38 1446 298 1507 dignissimis
315 1451 440 1496 nobis
472 1462 763 1497 asseveratum
797 1461 875 1497 est.
912 1452 1294 1505 Quemadmodum
1316 1451 1435 1495 enim

36 1529 234 1566 veterum
256 1532 429 1582 patrum
444 1525 730 1584 temporibus,
746 1527 917 1581 Moyses
930 1533 974 1568 et
1004 1523 1119 1567 Elias
1148 1523 1258 1567 nihil
1280 1531 1434 1567 contra

39 1593 221 1650 prandia
256 1595 539 1640 sabbatorum
569 1595 785 1650 fecerunt,
822 1610 923 1639 cum
957 1594 1113 1639 diebus
1144 1594 1435 1654 quadraginta

33 1662 365 1722 jejunaverunt:
384 1666 443 1709 ita
462 1666 538 1726 qui
553 1667 744 1725 potuerit
757 1675 922 1725 septem
941 1666 1034 1709 dies
1042 1680 1098 1724 μη
1108 1666 1285 1709 unando
1300 1674 1436 1709 trans-

37 1731 114 1787 ire,
141 1749 230 1778 non
253 1735 335 1778 sibi
363 1735 720 1795 adjejnnandum
747 1736 869 1795 eligit
894 1737 1172 1780 Dominieum
1197 1735 1331 1790 diem,
1359 1734 1436 1778 sed

39 1801 83 1846 in
105 1803 157 1848 iis
191 1819 293 1848 eum
318 1804 500 1861 invenit⁷
531 1822 640 1865 quos
664 1808 967 1866 jejunaturum
1001 1821 1045 1851 se
1070 1807 1191 1852 vovit
1223 1805 1435 1865 plurimos

39 1873 144 1918 dies.
159 1877 183 1918 J
187 1876 383 1935 ejunium
402 1885 548 1920 tamen
565 1878 696 1922 etiam
714 1879 1021 1922 continuatum
1037 1878 1071 1922 si
1095 1878 1140 1921 in
1155 1875 1436 1921 hebdomade

40 1945 298 1991 solvendum
329 1958 414 2003 est,
446 1949 569 1993 nullo
602 1951 914 2007 congruentius
948 1965 1080 2009 quam
1102 1949 1332 1994 Dominico
1366 1948 1436 1992 die

41 2016 236 2061 solvitur.
258 2019 299 2063 Si
314 2028 459 2062 autem
483 2029 579 2078 post
601 2019 926 2064 hebdomadem
942 2035 1099 2079 corpus
1115 2020 1323 2075 reficitur,
1345 2034 1436 2063 non

41 2087 194 2148 utique
227 2088 281 2132 ad
310 2089 602 2149 jejunandum
639 2091 728 2135 dies
758 2091 1011 2136 Dominicus
1040 2091 1214 2149 eligitur
1244 2111 1256 2149 3
1291 2089 1436 2135 sedin

41 2172 240 2212 numero,
256 2175 388 2219 quem
407 2161 553 2206 voveri
575 2161 757 2221 placuit,
774 2162 1013 2207 invenitur.

99 2230 307 2273 XXVIII.
345 2232 433 2276 Nec
454 2231 567 2276 illud
585 2241 758 2277 moveat
782 2232 903 2292 quod
928 2230 1264 2276 Priscillianistae
1292 2230 1436 2275 Mani-

43 2298 263 2344 chaeorum
298 2300 504 2346 simillimi
531 2302 585 2347 ad
609 2302 901 2363 jejunandum
939 2303 1009 2346 die
1045 2301 1270 2346 Dominico
1293 2300 1436 2345 solent

29 2371 336 2417 testimonium
353 2372 408 2417 de
430 2374 740 2433 Apostolorum
766 2374 944 2419 Actibus
963 2373 1188 2428 adhibere,
1201 2388 1303 2417 cum
1321 2379 1435 2417 esset

25 2813 35 3187 *Q*

44 2439 260 2500 apostolus
288 2444 450 2488 Paulus
471 2445 516 2490 in
531 2445 714 2490 Troade,
746 2446 814 2491 Sic
836 2445 953 2490 enim
970 2461 1014 2490 sc
1024 2445 1188 2504 riptum
1211 2452 1300 2490 est:
1325 2462 1346 2486 «
1384 2445 1437 2488 In

45 2527 66 2552 u
90 2528 174 2556 una
195 2523 342 2559 autem
365 2515 532 2560 sabbati
567 2517 842 2576 congregatis
870 2516 997 2561 nohis
1030 2516 1233 2575 frangere
1257 2529 1433 2575 panem,

46 2597 66 2622 »
93 2582 254 2628 Paulus
287 2585 542 2644 disputabat
573 2585 657 2631 illis
680 2587 873 2632 exiturus
906 2587 988 2631 alia
1016 2585 1109 2642 die,
1143 2585 1437 2646 produxitque

1155 2659 1221 2699 ⁶26.
