<?xml version="1.0" encoding="UTF-8"?>
<!DOCTYPE html PUBLIC "-//W3C//DTD XHTML 1.0 Transitional//EN"
    "http://www.w3.org/TR/xhtml1/DTD/xhtml1-transitional.dtd">
<html xmlns="http://www.w3.org/1999/xhtml" xml:lang="en" lang="en">
 <head>
  <title>
</title>
<meta http-equiv="Content-Type" content="text/html;charset=utf-8" />
  <meta name='ocr-system' content='tesseract 3.04.00' />
  <meta name='ocr-capabilities' content='ocr_page ocr_carea ocr_par ocr_line ocrx_word'/>
</head>
<body>
  <div class='ocr_page' id='page_1' title='image "./operaomniaaccura38auguuoft/operaomniaaccura38auguuoft_0151.png"; bbox 0 0 1790 3187; ppageno 0'>
   <div class='ocr_carea' id='block_1_1' title="bbox 299 202 1408 248">
    <p class='ocr_par' dir='ltr' id='par_1_1' title="bbox 299 202 1408 248">
     <span class='ocr_line' id='line_1_1' title="bbox 299 202 1408 248; baseline 0.003 -10"><span class='ocrx_word' id='word_1_1' title='bbox 299 212 352 239; x_wconf 85' lang='lat' dir='ltr'>DE</span> <span class='ocrx_word' id='word_1_2' title='bbox 385 212 571 240; x_wconf 74' lang='lat' dir='ltr'>DIVERSIS</span> <span class='ocrx_word' id='word_1_3' title='bbox 602 212 758 248; x_wconf 78' lang='lat' dir='ltr'>QUAEST.</span> <span class='ocrx_word' id='word_1_4' title='bbox 795 213 943 241; x_wconf 79' lang='lat' dir='ltr'>ocToe.</span> <span class='ocrx_word' id='word_1_5' title='bbox 980 214 1143 241; x_wconf 63' lang='lat' dir='ltr'>Tunius.</span> <span class='ocrx_word' id='word_1_6' title='bbox 1331 202 1408 241; x_wconf 76' lang='lat'>141</span> 
     </span>
    </p>
   </div>
   <div class='ocr_carea' id='block_1_2' title="bbox 28 277 1439 2601">
    <p class='ocr_par' dir='ltr' id='par_1_2' title="bbox 28 277 1439 2601">
     <span class='ocr_line' id='line_1_2' title="bbox 37 277 1415 338; baseline 0 -14"><span class='ocrx_word' id='word_1_7' title='bbox 37 288 197 324; x_wconf 82' lang='lat' dir='ltr'>tentem</span> <span class='ocrx_word' id='word_1_8' title='bbox 214 292 318 335; x_wconf 84' lang='lat' dir='ltr'>esse,</span> <span class='ocrx_word' id='word_1_9' title='bbox 335 277 688 337; x_wconf 81' lang='lat' dir='ltr'>perniciosissime</span> <span class='ocrx_word' id='word_1_10' title='bbox 706 279 947 338; x_wconf 84' lang='lat' dir='ltr'>iniquitatis</span> <span class='ocrx_word' id='word_1_11' title='bbox 966 288 1027 324; x_wconf 88' lang='lat' dir='ltr'>est</span> <span class='ocrx_word' id='word_1_12' title='bbox 1049 279 1275 337; x_wconf 75' lang='lat' dir='ltr'>dubitare3</span> <span class='ocrx_word' id='word_1_13' title='bbox 1294 279 1415 324; x_wconf 89' lang='lat' dir='ltr'>nulla</span> 
     </span>
     <span class='ocr_line' id='line_1_3' title="bbox 35 348 1418 409; baseline -0.001 -14"><span class='ocrx_word' id='word_1_14' title='bbox 35 365 159 395; x_wconf 90' lang='lat' dir='ltr'>causa</span> <span class='ocrx_word' id='word_1_15' title='bbox 199 348 468 408; x_wconf 82' lang='lat' dir='ltr'>probabilior</span> <span class='ocrx_word' id='word_1_16' title='bbox 501 349 710 403; x_wconf 87' lang='lat' dir='ltr'>occurrit,</span> <span class='ocrx_word' id='word_1_17' title='bbox 744 365 822 393; x_wconf 87' lang='lat' dir='ltr'>cur</span> <span class='ocrx_word' id='word_1_18' title='bbox 851 351 955 409; x_wconf 88' lang='lat' dir='ltr'>justi</span> <span class='ocrx_word' id='word_1_19' title='bbox 983 350 1180 395; x_wconf 89' lang='lat' dir='ltr'>homines</span> <span class='ocrx_word' id='word_1_20' title='bbox 1217 350 1418 394; x_wconf 89' lang='lat' dir='ltr'>laborent</span> 
     </span>
     <span class='ocr_line' id='line_1_4' title="bbox 36 420 1421 481; baseline -0.001 -16"><span class='ocrx_word' id='word_1_21' title='bbox 36 421 290 481; x_wconf 87' lang='lat' dir='ltr'>plerumque</span> <span class='ocrx_word' id='word_1_22' title='bbox 309 420 354 463; x_wconf 90' lang='lat' dir='ltr'>in</span> <span class='ocrx_word' id='word_1_23' title='bbox 377 420 457 464; x_wconf 88' lang='lat' dir='ltr'>hae</span> <span class='ocrx_word' id='word_1_24' title='bbox 480 420 588 475; x_wconf 87' lang='lat' dir='ltr'>vita,</span> <span class='ocrx_word' id='word_1_25' title='bbox 615 420 695 464; x_wconf 89' lang='lat' dir='ltr'>nisi</span> <span class='ocrx_word' id='word_1_26' title='bbox 727 421 827 479; x_wconf 84' lang='lat' dir='ltr'>quia</span> <span class='ocrx_word' id='word_1_27' title='bbox 847 421 930 466; x_wconf 92' lang='lat' dir='ltr'>hoc</span> <span class='ocrx_word' id='word_1_28' title='bbox 954 421 1013 466; x_wconf 91' lang='lat' dir='ltr'>eis</span> <span class='ocrx_word' id='word_1_29' title='bbox 1031 420 1217 480; x_wconf 84' lang='lat' dir='ltr'>expedit.</span> <span class='ocrx_word' id='word_1_30' title='bbox 1239 420 1333 465; x_wconf 85' lang='lat' dir='ltr'>Alia</span> <span class='ocrx_word' id='word_1_31' title='bbox 1358 429 1421 464; x_wconf 87' lang='lat' dir='ltr'>est</span> 
     </span>
     <span class='ocr_line' id='line_1_5' title="bbox 37 489 1419 550; baseline 0.001 -16"><span class='ocrx_word' id='word_1_32' title='bbox 37 491 152 534; x_wconf 90' lang='lat' dir='ltr'>enim</span> <span class='ocrx_word' id='word_1_33' title='bbox 191 506 290 550; x_wconf 91' lang='lat' dir='ltr'>quae</span> <span class='ocrx_word' id='word_1_34' title='bbox 320 505 438 534; x_wconf 87' lang='lat' dir='ltr'>nunc</span> <span class='ocrx_word' id='word_1_35' title='bbox 477 498 542 533; x_wconf 84' lang='lat' dir='ltr'>est</span> <span class='ocrx_word' id='word_1_36' title='bbox 568 490 732 549; x_wconf 81' lang='lat' dir='ltr'>justitia</span> <span class='ocrx_word' id='word_1_37' title='bbox 762 491 991 536; x_wconf 90' lang='lat' dir='ltr'>hominum</span> <span class='ocrx_word' id='word_1_38' title='bbox 1032 489 1086 535; x_wconf 87' lang='lat' dir='ltr'>ad</span> <span class='ocrx_word' id='word_1_39' title='bbox 1128 491 1419 550; x_wconf 80' lang='lat' dir='ltr'>recipiendam</span> 
     </span>
     <span class='ocr_line' id='line_1_6' title="bbox 35 559 1421 622; baseline -0.001 -17"><span class='ocrx_word' id='word_1_40' title='bbox 35 560 337 620; x_wconf 88' lang='lat' dir='ltr'>sempiternam</span> <span class='ocrx_word' id='word_1_41' title='bbox 373 559 582 618; x_wconf 71' lang='lat' dir='ltr'>salutem,</span> <span class='ocrx_word' id='word_1_42' title='bbox 620 560 700 604; x_wconf 89' lang='lat' dir='ltr'>alia</span> <span class='ocrx_word' id='word_1_43' title='bbox 732 569 839 606; x_wconf 90' lang='lat' dir='ltr'>tunc</span> <span class='ocrx_word' id='word_1_44' title='bbox 879 562 924 606; x_wconf 89' lang='lat' dir='ltr'>in</span> <span class='ocrx_word' id='word_1_45' title='bbox 954 562 1152 622; x_wconf 84' lang='lat' dir='ltr'>paradiso</span> <span class='ocrx_word' id='word_1_46' title='bbox 1195 561 1421 607; x_wconf 90' lang='lat' dir='ltr'>constituti</span> 
     </span>
     <span class='ocr_line' id='line_1_7' title="bbox 37 630 1422 679; baseline 0.001 -3"><span class='ocrx_word' id='word_1_47' title='bbox 37 631 221 676; x_wconf 91' lang='lat' dir='ltr'>hominis</span> <span class='ocrx_word' id='word_1_48' title='bbox 244 646 333 676; x_wconf 87' lang='lat' dir='ltr'>esse</span> <span class='ocrx_word' id='word_1_49' title='bbox 360 631 514 676; x_wconf 89' lang='lat' dir='ltr'>debuit</span> <span class='ocrx_word' id='word_1_50' title='bbox 546 630 600 676; x_wconf 89' lang='lat' dir='ltr'>ad</span> <span class='ocrx_word' id='word_1_51' title='bbox 633 632 907 677; x_wconf 85' lang='lat' dir='ltr'>retinendam</span> <span class='ocrx_word' id='word_1_52' title='bbox 939 642 983 678; x_wconf 92' lang='lat' dir='ltr'>et</span> <span class='ocrx_word' id='word_1_53' title='bbox 1015 649 1102 679; x_wconf 92' lang='lat' dir='ltr'>non</span> <span class='ocrx_word' id='word_1_54' title='bbox 1135 634 1422 679; x_wconf 88' lang='lat' dir='ltr'>amittendam</span> 
     </span>
     <span class='ocr_line' id='line_1_8' title="bbox 37 700 1421 765; baseline 0.002 -19"><span class='ocrx_word' id='word_1_55' title='bbox 37 700 231 746; x_wconf 87' lang='lat' dir='ltr'>eamdem</span> <span class='ocrx_word' id='word_1_56' title='bbox 253 702 560 761; x_wconf 85' lang='lat' dir='ltr'>sempiternam</span> <span class='ocrx_word' id='word_1_57' title='bbox 579 702 778 748; x_wconf 88' lang='lat' dir='ltr'>salutem.</span> <span class='ocrx_word' id='word_1_58' title='bbox 803 705 923 749; x_wconf 88' lang='lat' dir='ltr'>Sicut</span> <span class='ocrx_word' id='word_1_59' title='bbox 937 705 1052 749; x_wconf 91' lang='lat' dir='ltr'>enim</span> <span class='ocrx_word' id='word_1_60' title='bbox 1066 705 1232 765; x_wconf 88' lang='lat' dir='ltr'>justitia</span> <span class='ocrx_word' id='word_1_61' title='bbox 1251 704 1327 749; x_wconf 89' lang='lat' dir='ltr'>Dei</span> <span class='ocrx_word' id='word_1_62' title='bbox 1341 712 1421 759; x_wconf 86' lang='lat' dir='ltr'>est,</span> 
     </span>
     <span class='ocr_line' id='line_1_9' title="bbox 39 771 1426 833; baseline 0 -17"><span class='ocrx_word' id='word_1_63' title='bbox 39 771 156 817; x_wconf 87' lang='lat' dir='ltr'>utilia</span> <span class='ocrx_word' id='word_1_64' title='bbox 182 773 440 831; x_wconf 83' lang='lat' dir='ltr'>praecipere,</span> <span class='ocrx_word' id='word_1_65' title='bbox 471 781 513 816; x_wconf 90' lang='lat' dir='ltr'>et</span> <span class='ocrx_word' id='word_1_66' title='bbox 534 773 890 818; x_wconf 84' lang='lat' dir='ltr'>inobedientibus</span> <span class='ocrx_word' id='word_1_67' title='bbox 918 789 1092 833; x_wconf 84' lang='lat' dir='ltr'>poenas,</span> <span class='ocrx_word' id='word_1_68' title='bbox 1118 773 1426 819; x_wconf 86' lang='lat' dir='ltr'>obedientibus</span> 
     </span>
     <span class='ocr_line' id='line_1_10' title="bbox 39 842 1426 903; baseline 0 -17"><span class='ocrx_word' id='word_1_69' title='bbox 39 851 179 886; x_wconf 88' lang='lat' dir='ltr'>autem</span> <span class='ocrx_word' id='word_1_70' title='bbox 199 843 371 901; x_wconf 82' lang='lat' dir='ltr'>praemia</span> <span class='ocrx_word' id='word_1_71' title='bbox 386 842 646 887; x_wconf 81' lang='lat' dir='ltr'>distribuere</span> <span class='ocrx_word' id='word_1_72' title='bbox 660 862 668 888; x_wconf 92' lang='lat'>:</span> <span class='ocrx_word' id='word_1_73' title='bbox 683 844 742 887; x_wconf 81' lang='lat' dir='ltr'>ita</span> <span class='ocrx_word' id='word_1_74' title='bbox 756 844 921 903; x_wconf 82' lang='lat' dir='ltr'>justitia</span> <span class='ocrx_word' id='word_1_75' title='bbox 935 853 998 888; x_wconf 90' lang='lat' dir='ltr'>est</span> <span class='ocrx_word' id='word_1_76' title='bbox 1012 844 1216 898; x_wconf 84' lang='lat' dir='ltr'>hominis,</span> <span class='ocrx_word' id='word_1_77' title='bbox 1232 858 1426 902; x_wconf 84' lang='lat' dir='ltr'>praecep-</span> 
     </span>
     <span class='ocr_line' id='line_1_11' title="bbox 39 912 1424 974; baseline 0 -17"><span class='ocrx_word' id='word_1_78' title='bbox 39 912 90 957; x_wconf 84' lang='lat' dir='ltr'>tis</span> <span class='ocrx_word' id='word_1_79' title='bbox 112 912 289 957; x_wconf 84' lang='lat' dir='ltr'>utilibus</span> <span class='ocrx_word' id='word_1_80' title='bbox 319 912 510 957; x_wconf 87' lang='lat' dir='ltr'>obedire.</span> <span class='ocrx_word' id='word_1_81' title='bbox 540 913 624 958; x_wconf 86' lang='lat' dir='ltr'>Sed</span> <span class='ocrx_word' id='word_1_82' title='bbox 651 914 857 974; x_wconf 83' lang='lat' dir='ltr'>quoniam</span> <span class='ocrx_word' id='word_1_83' title='bbox 886 915 945 958; x_wconf 88' lang='lat' dir='ltr'>sic</span> <span class='ocrx_word' id='word_1_84' title='bbox 963 923 1027 959; x_wconf 87' lang='lat' dir='ltr'>est</span> <span class='ocrx_word' id='word_1_85' title='bbox 1054 915 1098 958; x_wconf 90' lang='lat' dir='ltr'>in</span> <span class='ocrx_word' id='word_1_86' title='bbox 1121 914 1267 959; x_wconf 86' lang='lat' dir='ltr'>animo</span> <span class='ocrx_word' id='word_1_87' title='bbox 1289 914 1424 957; x_wconf 86' lang='lat' dir='ltr'>beati-</span> 
     </span>
     <span class='ocr_line' id='line_1_12' title="bbox 39 982 1428 1045; baseline 0 -18"><span class='ocrx_word' id='word_1_88' title='bbox 39 982 160 1039; x_wconf 85' lang='lat' dir='ltr'>tudo,</span> <span class='ocrx_word' id='word_1_89' title='bbox 182 993 231 1027; x_wconf 89' lang='lat' dir='ltr'>ut</span> <span class='ocrx_word' id='word_1_90' title='bbox 256 984 300 1027; x_wconf 89' lang='lat' dir='ltr'>in</span> <span class='ocrx_word' id='word_1_91' title='bbox 323 999 504 1044; x_wconf 86' lang='lat' dir='ltr'>corpore</span> <span class='ocrx_word' id='word_1_92' title='bbox 525 985 683 1028; x_wconf 82' lang='lat' dir='ltr'>sanitas</span> <span class='ocrx_word' id='word_1_93' title='bbox 711 1004 719 1029; x_wconf 90' lang='lat'><strong>:</strong></span> <span class='ocrx_word' id='word_1_94' title='bbox 745 985 1118 1045; x_wconf 84' lang='lat' dir='ltr'>quamadmodum</span> <span class='ocrx_word' id='word_1_95' title='bbox 1143 985 1188 1028; x_wconf 90' lang='lat' dir='ltr'>in</span> <span class='ocrx_word' id='word_1_96' title='bbox 1219 986 1312 1044; x_wconf 81' lang='lat' dir='ltr'>ipso</span> <span class='ocrx_word' id='word_1_97' title='bbox 1330 999 1428 1028; x_wconf 86' lang='lat' dir='ltr'>cor-</span> 
     </span>
     <span class='ocr_line' id='line_1_13' title="bbox 39 1053 1425 1114; baseline -0.001 -15"><span class='ocrx_word' id='word_1_98' title='bbox 39 1069 141 1114; x_wconf 90' lang='lat' dir='ltr'>pore</span> <span class='ocrx_word' id='word_1_99' title='bbox 158 1053 236 1098; x_wconf 84' lang='lat' dir='ltr'>alia</span> <span class='ocrx_word' id='word_1_100' title='bbox 249 1054 498 1114; x_wconf 81' lang='lat' dir='ltr'>praecipitur</span> <span class='ocrx_word' id='word_1_101' title='bbox 515 1054 745 1110; x_wconf 89' lang='lat' dir='ltr'>medicina,</span> <span class='ocrx_word' id='word_1_102' title='bbox 763 1071 818 1099; x_wconf 92' lang='lat' dir='ltr'>ne</span> <span class='ocrx_word' id='word_1_103' title='bbox 836 1057 950 1100; x_wconf 88' lang='lat' dir='ltr'>bona</span> <span class='ocrx_word' id='word_1_104' title='bbox 962 1056 1171 1100; x_wconf 88' lang='lat' dir='ltr'>valetudo</span> <span class='ocrx_word' id='word_1_105' title='bbox 1183 1056 1425 1109; x_wconf 86' lang='lat' dir='ltr'>amittatur,</span> 
     </span>
     <span class='ocr_line' id='line_1_14' title="bbox 39 1123 1429 1185; baseline 0 -16"><span class='ocrx_word' id='word_1_106' title='bbox 39 1123 118 1169; x_wconf 85' lang='lat' dir='ltr'>alia</span> <span class='ocrx_word' id='word_1_107' title='bbox 139 1139 262 1180; x_wconf 88' lang='lat' dir='ltr'>vero,</span> <span class='ocrx_word' id='word_1_108' title='bbox 294 1134 343 1169; x_wconf 93' lang='lat' dir='ltr'>ut</span> <span class='ocrx_word' id='word_1_109' title='bbox 373 1126 523 1169; x_wconf 86' lang='lat' dir='ltr'>amissa</span> <span class='ocrx_word' id='word_1_110' title='bbox 549 1135 851 1185; x_wconf 63' lang='lat' dir='ltr'>recuperetur,</span> <span class='ocrx_word' id='word_1_111' title='bbox 877 1127 936 1171; x_wconf 90' lang='lat' dir='ltr'>sic</span> <span class='ocrx_word' id='word_1_112' title='bbox 967 1127 1012 1170; x_wconf 92' lang='lat' dir='ltr'>in</span> <span class='ocrx_word' id='word_1_113' title='bbox 1035 1135 1128 1171; x_wconf 90' lang='lat' dir='ltr'>toto</span> <span class='ocrx_word' id='word_1_114' title='bbox 1150 1135 1267 1170; x_wconf 89' lang='lat' dir='ltr'>statu</span> <span class='ocrx_word' id='word_1_115' title='bbox 1289 1125 1429 1170; x_wconf 89' lang='lat' dir='ltr'>homi—</span> 
     </span>
     <span class='ocr_line' id='line_1_15' title="bbox 40 1195 1426 1256; baseline 0.001 -18"><span class='ocrx_word' id='word_1_116' title='bbox 40 1195 124 1250; x_wconf 81' lang='lat' dir='ltr'>nis,</span> <span class='ocrx_word' id='word_1_117' title='bbox 150 1195 230 1240; x_wconf 87' lang='lat' dir='ltr'>alia</span> <span class='ocrx_word' id='word_1_118' title='bbox 254 1205 358 1240; x_wconf 86' lang='lat' dir='ltr'>tunc</span> <span class='ocrx_word' id='word_1_119' title='bbox 385 1206 601 1256; x_wconf 84' lang='lat' dir='ltr'>praecepta</span> <span class='ocrx_word' id='word_1_120' title='bbox 627 1198 728 1241; x_wconf 86' lang='lat' dir='ltr'>data</span> <span class='ocrx_word' id='word_1_121' title='bbox 750 1206 873 1252; x_wconf 86' lang='lat' dir='ltr'>sunt,</span> <span class='ocrx_word' id='word_1_122' title='bbox 898 1213 953 1242; x_wconf 90' lang='lat' dir='ltr'>ne</span> <span class='ocrx_word' id='word_1_123' title='bbox 970 1198 1188 1242; x_wconf 86' lang='lat' dir='ltr'>amitteret</span> <span class='ocrx_word' id='word_1_124' title='bbox 1204 1198 1426 1241; x_wconf 83' lang='lat' dir='ltr'>immorta-</span> 
     </span>
     <span class='ocr_line' id='line_1_16' title="bbox 43 1265 1430 1327; baseline -0.001 -17"><span class='ocrx_word' id='word_1_125' title='bbox 43 1266 222 1321; x_wconf 88' lang='lat' dir='ltr'>titatem,</span> <span class='ocrx_word' id='word_1_126' title='bbox 244 1265 327 1311; x_wconf 84' lang='lat' dir='ltr'>alia</span> <span class='ocrx_word' id='word_1_127' title='bbox 348 1283 467 1311; x_wconf 91' lang='lat' dir='ltr'>nunc</span> <span class='ocrx_word' id='word_1_128' title='bbox 484 1267 814 1327; x_wconf 83' lang='lat' dir='ltr'>praecipiuntur,</span> <span class='ocrx_word' id='word_1_129' title='bbox 836 1277 886 1312; x_wconf 91' lang='lat' dir='ltr'>ut</span> <span class='ocrx_word' id='word_1_130' title='bbox 903 1283 997 1312; x_wconf 90' lang='lat' dir='ltr'>eam</span> <span class='ocrx_word' id='word_1_131' title='bbox 1022 1268 1217 1327; x_wconf 87' lang='lat' dir='ltr'>recipiat.</span> <span class='ocrx_word' id='word_1_132' title='bbox 1243 1270 1301 1311; x_wconf 90' lang='lat' dir='ltr'>Et</span> <span class='ocrx_word' id='word_1_133' title='bbox 1319 1267 1430 1310; x_wconf 89' lang='lat' dir='ltr'>sicut</span> 
     </span>
     <span class='ocr_line' id='line_1_17' title="bbox 40 1336 1431 1398; baseline 0 -18"><span class='ocrx_word' id='word_1_134' title='bbox 40 1336 83 1380; x_wconf 92' lang='lat' dir='ltr'>in</span> <span class='ocrx_word' id='word_1_135' title='bbox 101 1336 351 1382; x_wconf 85' lang='lat' dir='ltr'>valetudine</span> <span class='ocrx_word' id='word_1_136' title='bbox 372 1337 564 1397; x_wconf 86' lang='lat' dir='ltr'>corporis</span> <span class='ocrx_word' id='word_1_137' title='bbox 580 1373 590 1393; x_wconf 96' lang='lat'>,</span> <span class='ocrx_word' id='word_1_138' title='bbox 616 1338 650 1382; x_wconf 90' lang='lat' dir='ltr'>si</span> <span class='ocrx_word' id='word_1_139' title='bbox 674 1338 769 1398; x_wconf 90' lang='lat' dir='ltr'>quis</span> <span class='ocrx_word' id='word_1_140' title='bbox 797 1338 1025 1398; x_wconf 84' lang='lat' dir='ltr'>praeceptis</span> <span class='ocrx_word' id='word_1_141' title='bbox 1054 1337 1235 1392; x_wconf 89' lang='lat' dir='ltr'>medici,</span> <span class='ocrx_word' id='word_1_142' title='bbox 1269 1337 1431 1396; x_wconf 84' lang='lat' dir='ltr'>quibus</span> 
     </span>
     <span class='ocr_line' id='line_1_18' title="bbox 40 1406 1431 1466; baseline -0.001 -15"><span class='ocrx_word' id='word_1_143' title='bbox 40 1406 189 1451; x_wconf 88' lang='lat' dir='ltr'>eadem</span> <span class='ocrx_word' id='word_1_144' title='bbox 211 1408 324 1452; x_wconf 87' lang='lat' dir='ltr'>bona</span> <span class='ocrx_word' id='word_1_145' title='bbox 348 1408 553 1453; x_wconf 88' lang='lat' dir='ltr'>valetudo</span> <span class='ocrx_word' id='word_1_146' title='bbox 570 1407 856 1452; x_wconf 87' lang='lat' dir='ltr'>custodienda</span> <span class='ocrx_word' id='word_1_147' title='bbox 877 1418 956 1463; x_wconf 88' lang='lat' dir='ltr'>est,</span> <span class='ocrx_word' id='word_1_148' title='bbox 975 1424 1065 1452; x_wconf 92' lang='lat' dir='ltr'>non</span> <span class='ocrx_word' id='word_1_149' title='bbox 1085 1406 1431 1466; x_wconf 88' lang='lat' dir='ltr'>obtemperando</span> 
     </span>
     <span class='ocr_line' id='line_1_19' title="bbox 43 1477 1433 1539; baseline -0.001 -18"><span class='ocrx_word' id='word_1_150' title='bbox 43 1477 84 1522; x_wconf 89' lang='lat' dir='ltr'>in</span> <span class='ocrx_word' id='word_1_151' title='bbox 105 1477 293 1539; x_wconf 86' lang='lat' dir='ltr'>aliquem</span> <span class='ocrx_word' id='word_1_152' title='bbox 324 1479 528 1523; x_wconf 89' lang='lat' dir='ltr'>morbum</span> <span class='ocrx_word' id='word_1_153' title='bbox 563 1478 789 1533; x_wconf 85' lang='lat' dir='ltr'>inciderit,</span> <span class='ocrx_word' id='word_1_154' title='bbox 833 1479 989 1538; x_wconf 85' lang='lat' dir='ltr'>accipit</span> <span class='ocrx_word' id='word_1_155' title='bbox 1017 1478 1099 1522; x_wconf 87' lang='lat' dir='ltr'>alia</span> <span class='ocrx_word' id='word_1_156' title='bbox 1130 1487 1348 1538; x_wconf 85' lang='lat' dir='ltr'>praecepta</span> <span class='ocrx_word' id='word_1_157' title='bbox 1382 1485 1433 1520; x_wconf 88' lang='lat' dir='ltr'>ut</span> 
     </span>
     <span class='ocr_line' id='line_1_20' title="bbox 41 1547 1428 1608; baseline -0.001 -16"><span class='ocrx_word' id='word_1_158' title='bbox 41 1548 178 1592; x_wconf 82' lang='lat' dir='ltr'>sanari</span> <span class='ocrx_word' id='word_1_159' title='bbox 199 1550 343 1607; x_wconf 85' lang='lat' dir='ltr'>possit,</span> <span class='ocrx_word' id='word_1_160' title='bbox 362 1564 460 1608; x_wconf 85' lang='lat' dir='ltr'>quae</span> <span class='ocrx_word' id='word_1_161' title='bbox 483 1564 596 1608; x_wconf 88' lang='lat' dir='ltr'>saepe</span> <span class='ocrx_word' id='word_1_162' title='bbox 613 1563 703 1593; x_wconf 91' lang='lat' dir='ltr'>non</span> <span class='ocrx_word' id='word_1_163' title='bbox 719 1548 960 1603; x_wconf 82' lang='lat' dir='ltr'>sufficiunt,</span> <span class='ocrx_word' id='word_1_164' title='bbox 982 1549 1014 1593; x_wconf 89' lang='lat' dir='ltr'>si</span> <span class='ocrx_word' id='word_1_165' title='bbox 1033 1548 1129 1593; x_wconf 85' lang='lat' dir='ltr'>talis</span> <span class='ocrx_word' id='word_1_166' title='bbox 1152 1557 1215 1592; x_wconf 88' lang='lat' dir='ltr'>est</span> <span class='ocrx_word' id='word_1_167' title='bbox 1232 1547 1428 1602; x_wconf 82' lang='lat' dir='ltr'>morbus,</span> 
     </span>
     <span class='ocr_line' id='line_1_21' title="bbox 41 1617 1432 1679; baseline -0.001 -17"><span class='ocrx_word' id='word_1_168' title='bbox 41 1618 122 1662; x_wconf 89' lang='lat' dir='ltr'>nisi</span> <span class='ocrx_word' id='word_1_169' title='bbox 143 1617 435 1663; x_wconf 82' lang='lat' dir='ltr'>adhibeantur</span> <span class='ocrx_word' id='word_1_170' title='bbox 457 1635 480 1663; x_wconf 88' lang='lat' dir='ltr'>a</span> <span class='ocrx_word' id='word_1_171' title='bbox 503 1618 672 1663; x_wconf 89' lang='lat' dir='ltr'>medico</span> <span class='ocrx_word' id='word_1_172' title='bbox 690 1619 891 1678; x_wconf 85' lang='lat' dir='ltr'>quaedam</span> <span class='ocrx_word' id='word_1_173' title='bbox 915 1619 1145 1679; x_wconf 87' lang='lat' dir='ltr'>adjutoria,</span> <span class='ocrx_word' id='word_1_174' title='bbox 1172 1618 1432 1678; x_wconf 84' lang='lat' dir='ltr'>plerumque</span> 
     </span>
     <span class='ocr_line' id='line_1_22' title="bbox 43 1688 1433 1750; baseline -0.001 -17"><span class='ocrx_word' id='word_1_175' title='bbox 43 1703 189 1748; x_wconf 89' lang='lat' dir='ltr'>aspera</span> <span class='ocrx_word' id='word_1_176' title='bbox 219 1699 262 1734; x_wconf 91' lang='lat' dir='ltr'>et</span> <span class='ocrx_word' id='word_1_177' title='bbox 295 1690 465 1734; x_wconf 88' lang='lat' dir='ltr'>dolores</span> <span class='ocrx_word' id='word_1_178' title='bbox 487 1691 766 1749; x_wconf 85' lang='lat' dir='ltr'>importantia</span> <span class='ocrx_word' id='word_1_179' title='bbox 783 1725 793 1744; x_wconf 83' lang='lat'>,</span> <span class='ocrx_word' id='word_1_180' title='bbox 825 1706 925 1750; x_wconf 88' lang='lat' dir='ltr'>quae</span> <span class='ocrx_word' id='word_1_181' title='bbox 953 1699 1099 1734; x_wconf 88' lang='lat' dir='ltr'>tamen</span> <span class='ocrx_word' id='word_1_182' title='bbox 1116 1688 1265 1734; x_wconf 88' lang='lat' dir='ltr'>valent</span> <span class='ocrx_word' id='word_1_183' title='bbox 1286 1689 1340 1734; x_wconf 88' lang='lat' dir='ltr'>ad</span> <span class='ocrx_word' id='word_1_184' title='bbox 1362 1704 1433 1732; x_wconf 86' lang='lat' dir='ltr'>re-</span> 
     </span>
     <span class='ocr_line' id='line_1_23' title="bbox 45 1759 1433 1821; baseline -0.001 -18"><span class='ocrx_word' id='word_1_185' title='bbox 45 1759 339 1819; x_wconf 88' lang='lat' dir='ltr'>cuperandam</span> <span class='ocrx_word' id='word_1_186' title='bbox 367 1760 575 1818; x_wconf 79' lang='lat' dir='ltr'>salutem3</span> <span class='ocrx_word' id='word_1_187' title='bbox 610 1760 729 1804; x_wconf 92' lang='lat' dir='ltr'>unde</span> <span class='ocrx_word' id='word_1_188' title='bbox 761 1761 812 1804; x_wconf 87' lang='lat' dir='ltr'>fit</span> <span class='ocrx_word' id='word_1_189' title='bbox 847 1769 895 1804; x_wconf 90' lang='lat' dir='ltr'>ut</span> <span class='ocrx_word' id='word_1_190' title='bbox 929 1761 1084 1816; x_wconf 87' lang='lat' dir='ltr'>homo,</span> <span class='ocrx_word' id='word_1_191' title='bbox 1116 1760 1312 1821; x_wconf 81' lang='lat' dir='ltr'>quamvis</span> <span class='ocrx_word' id='word_1_192' title='bbox 1342 1760 1433 1818; x_wconf 86' lang='lat' dir='ltr'>jam</span> 
     </span>
     <span class='ocr_line' id='line_1_24' title="bbox 43 1830 1434 1890; baseline -0.001 -16"><span class='ocrx_word' id='word_1_193' title='bbox 43 1830 348 1890; x_wconf 87' lang='lat' dir='ltr'>obtemperans</span> <span class='ocrx_word' id='word_1_194' title='bbox 375 1830 545 1875; x_wconf 89' lang='lat' dir='ltr'>medico</span> <span class='ocrx_word' id='word_1_195' title='bbox 568 1831 757 1890; x_wconf 87' lang='lat' dir='ltr'>patiatur</span> <span class='ocrx_word' id='word_1_196' title='bbox 784 1840 932 1875; x_wconf 88' lang='lat' dir='ltr'>tamen</span> <span class='ocrx_word' id='word_1_197' title='bbox 957 1831 1100 1875; x_wconf 89' lang='lat' dir='ltr'>adhuc</span> <span class='ocrx_word' id='word_1_198' title='bbox 1122 1830 1293 1875; x_wconf 90' lang='lat' dir='ltr'>dolores</span> <span class='ocrx_word' id='word_1_199' title='bbox 1309 1865 1319 1884; x_wconf 90' lang='lat'>,</span> <span class='ocrx_word' id='word_1_200' title='bbox 1345 1844 1434 1873; x_wconf 92' lang='lat' dir='ltr'>non</span> 
     </span>
     <span class='ocr_line' id='line_1_25' title="bbox 44 1899 1436 1960; baseline -0.001 -16"><span class='ocrx_word' id='word_1_201' title='bbox 44 1900 183 1945; x_wconf 91' lang='lat' dir='ltr'>solum</span> <span class='ocrx_word' id='word_1_202' title='bbox 200 1901 255 1945; x_wconf 89' lang='lat' dir='ltr'>de</span> <span class='ocrx_word' id='word_1_203' title='bbox 274 1902 367 1960; x_wconf 91' lang='lat' dir='ltr'>ipso</span> <span class='ocrx_word' id='word_1_204' title='bbox 380 1901 533 1946; x_wconf 90' lang='lat' dir='ltr'>mordo</span> <span class='ocrx_word' id='word_1_205' title='bbox 550 1901 748 1945; x_wconf 89' lang='lat' dir='ltr'>nondum</span> <span class='ocrx_word' id='word_1_206' title='bbox 767 1910 932 1957; x_wconf 87' lang='lat' dir='ltr'>sanato,</span> <span class='ocrx_word' id='word_1_207' title='bbox 959 1916 1111 1946; x_wconf 91' lang='lat' dir='ltr'>verum</span> <span class='ocrx_word' id='word_1_208' title='bbox 1135 1901 1264 1945; x_wconf 89' lang='lat' dir='ltr'>etiam</span> <span class='ocrx_word' id='word_1_209' title='bbox 1283 1899 1338 1943; x_wconf 90' lang='lat' dir='ltr'>de</span> <span class='ocrx_word' id='word_1_210' title='bbox 1359 1899 1436 1943; x_wconf 87' lang='lat' dir='ltr'>ad·-</span> 
     </span>
     <span class='ocr_line' id='line_1_26' title="bbox 41 1971 1435 2032; baseline -0.003 -16"><span class='ocrx_word' id='word_1_211' title='bbox 41 1972 202 2031; x_wconf 87' lang='lat' dir='ltr'>jutorio</span> <span class='ocrx_word' id='word_1_212' title='bbox 222 1971 476 2017; x_wconf 82' lang='lat' dir='ltr'>medicinae:</span> <span class='ocrx_word' id='word_1_213' title='bbox 496 1972 555 2017; x_wconf 90' lang='lat' dir='ltr'>ita</span> <span class='ocrx_word' id='word_1_214' title='bbox 578 1973 710 2017; x_wconf 89' lang='lat' dir='ltr'>homo</span> <span class='ocrx_word' id='word_1_215' title='bbox 732 1987 811 2031; x_wconf 89' lang='lat' dir='ltr'>per</span> <span class='ocrx_word' id='word_1_216' title='bbox 827 1982 1056 2032; x_wconf 90' lang='lat' dir='ltr'>peccatum</span> <span class='ocrx_word' id='word_1_217' title='bbox 1074 1972 1218 2031; x_wconf 86' lang='lat' dir='ltr'>lapsus</span> <span class='ocrx_word' id='word_1_218' title='bbox 1239 1972 1284 2015; x_wconf 93' lang='lat' dir='ltr'>in</span> <span class='ocrx_word' id='word_1_219' title='bbox 1306 1971 1435 2029; x_wconf 84' lang='lat' dir='ltr'>hujus</span> 
     </span>
     <span class='ocr_line' id='line_1_27' title="bbox 28 2040 1436 2101; baseline -0.002 -16"><span class='ocrx_word' id='word_1_220' title='bbox 28 2042 142 2086; x_wconf 81' lang='lat' dir='ltr'>·vitae</span> <span class='ocrx_word' id='word_1_221' title='bbox 164 2042 406 2087; x_wconf 84' lang='lat' dir='ltr'>morbidam</span> <span class='ocrx_word' id='word_1_222' title='bbox 431 2052 473 2086; x_wconf 89' lang='lat' dir='ltr'>et</span> <span class='ocrx_word' id='word_1_223' title='bbox 495 2042 788 2087; x_wconf 84' lang='lat' dir='ltr'>calamitosam</span> <span class='ocrx_word' id='word_1_224' title='bbox 813 2043 1120 2087; x_wconf 87' lang='lat' dir='ltr'>mortalitatem</span> <span class='ocrx_word' id='word_1_225' title='bbox 1139 2077 1149 2097; x_wconf 87' lang='lat'>,</span> <span class='ocrx_word' id='word_1_226' title='bbox 1171 2042 1272 2101; x_wconf 90' lang='lat' dir='ltr'>quia</span> <span class='ocrx_word' id='word_1_227' title='bbox 1293 2040 1436 2100; x_wconf 89' lang='lat' dir='ltr'>primo</span> 
     </span>
     <span class='ocr_line' id='line_1_28' title="bbox 30 2110 1436 2174; baseline -0.002 -17"><span class='ocrx_word' id='word_1_228' title='bbox 30 2122 263 2172; x_wconf 63' lang='lat' dir='ltr'>*praecepto</span> <span class='ocrx_word' id='word_1_229' title='bbox 284 2113 585 2173; x_wconf 88' lang='lat' dir='ltr'>obtemperare</span> <span class='ocrx_word' id='word_1_230' title='bbox 607 2113 764 2168; x_wconf 87' lang='lat' dir='ltr'>noluit,</span> <span class='ocrx_word' id='word_1_231' title='bbox 792 2129 881 2174; x_wconf 89' lang='lat' dir='ltr'>quo</span> <span class='ocrx_word' id='word_1_232' title='bbox 903 2115 1208 2173; x_wconf 88' lang='lat' dir='ltr'>sempiternam</span> <span class='ocrx_word' id='word_1_233' title='bbox 1241 2110 1436 2156; x_wconf 88' lang='lat' dir='ltr'>custodi-</span> 
     </span>
     <span class='ocr_line' id='line_1_29' title="bbox 31 2182 1432 2243; baseline -0.003 -16"><span class='ocrx_word' id='word_1_234' title='bbox 31 2193 113 2240; x_wconf 64' lang='lat' dir='ltr'>lret</span> <span class='ocrx_word' id='word_1_235' title='bbox 148 2199 195 2228; x_wconf 89' lang='lat' dir='ltr'>ac</span> <span class='ocrx_word' id='word_1_236' title='bbox 226 2193 391 2229; x_wconf 87' lang='lat' dir='ltr'>teneret</span> <span class='ocrx_word' id='word_1_237' title='bbox 413 2184 596 2228; x_wconf 89' lang='lat' dir='ltr'>salutem</span> <span class='ocrx_word' id='word_1_238' title='bbox 610 2219 620 2239; x_wconf 86' lang='lat'>,</span> <span class='ocrx_word' id='word_1_239' title='bbox 658 2185 849 2229; x_wconf 85' lang='lat' dir='ltr'>secunda</span> <span class='ocrx_word' id='word_1_240' title='bbox 870 2193 1088 2243; x_wconf 85' lang='lat' dir='ltr'>praecepta</span> <span class='ocrx_word' id='word_1_241' title='bbox 1111 2197 1225 2240; x_wconf 84' lang='lat' dir='ltr'>aeger</span> <span class='ocrx_word' id='word_1_242' title='bbox 1245 2182 1432 2240; x_wconf 87' lang='lat' dir='ltr'>accepit,</span> 
     </span>
     <span class='ocr_line' id='line_1_30' title="bbox 50 2252 1439 2316; baseline -0.004 -16"><span class='ocrx_word' id='word_1_243' title='bbox 50 2255 207 2315; x_wconf 88' lang='lat' dir='ltr'>quibus</span> <span class='ocrx_word' id='word_1_244' title='bbox 241 2256 546 2315; x_wconf 86' lang='lat' dir='ltr'>obtemperans</span> <span class='ocrx_word' id='word_1_245' title='bbox 568 2257 658 2316; x_wconf 83' lang='lat' dir='ltr'>jam</span> <span class='ocrx_word' id='word_1_246' title='bbox 698 2254 877 2315; x_wconf 89' lang='lat' dir='ltr'>quidem</span> <span class='ocrx_word' id='word_1_247' title='bbox 924 2270 1014 2299; x_wconf 90' lang='lat' dir='ltr'>non</span> <span class='ocrx_word' id='word_1_248' title='bbox 1047 2252 1236 2298; x_wconf 88' lang='lat' dir='ltr'>absurde</span> <span class='ocrx_word' id='word_1_249' title='bbox 1278 2252 1439 2296; x_wconf 89' lang='lat' dir='ltr'>dicitur</span> 
     </span>
     <span class='ocr_line' id='line_1_31' title="bbox 48 2323 1437 2386; baseline -0.002 -16"><span class='ocrx_word' id='word_1_250' title='bbox 48 2327 160 2386; x_wconf 86' lang='lat' dir='ltr'>juste</span> <span class='ocrx_word' id='word_1_251' title='bbox 174 2328 335 2383; x_wconf 89' lang='lat' dir='ltr'>vivere,</span> <span class='ocrx_word' id='word_1_252' title='bbox 355 2327 429 2372; x_wconf 89' lang='lat' dir='ltr'>sed</span> <span class='ocrx_word' id='word_1_253' title='bbox 453 2336 599 2372; x_wconf 88' lang='lat' dir='ltr'>tamen</span> <span class='ocrx_word' id='word_1_254' title='bbox 612 2326 830 2371; x_wconf 88' lang='lat' dir='ltr'>molestias</span> <span class='ocrx_word' id='word_1_255' title='bbox 851 2341 959 2386; x_wconf 84' lang='lat' dir='ltr'>quas</span> <span class='ocrx_word' id='word_1_256' title='bbox 976 2326 1158 2385; x_wconf 86' lang='lat' dir='ltr'>patitur,</span> <span class='ocrx_word' id='word_1_257' title='bbox 1186 2324 1251 2368; x_wconf 84' lang='lat' dir='ltr'>vel</span> <span class='ocrx_word' id='word_1_258' title='bbox 1272 2323 1326 2368; x_wconf 90' lang='lat' dir='ltr'>de</span> <span class='ocrx_word' id='word_1_259' title='bbox 1343 2324 1437 2382; x_wconf 87' lang='lat' dir='ltr'>ipso</span> 
     </span>
     <span class='ocr_line' id='line_1_32' title="bbox 52 2393 1436 2458; baseline -0.004 -15"><span class='ocrx_word' id='word_1_260' title='bbox 52 2399 203 2445; x_wconf 88' lang='lat' dir='ltr'>morbo</span> <span class='ocrx_word' id='word_1_261' title='bbox 235 2400 434 2444; x_wconf 87' lang='lat' dir='ltr'>nondum</span> <span class='ocrx_word' id='word_1_262' title='bbox 465 2408 614 2444; x_wconf 88' lang='lat' dir='ltr'>sanato</span> <span class='ocrx_word' id='word_1_263' title='bbox 641 2399 821 2458; x_wconf 83' lang='lat' dir='ltr'>patitur,</span> <span class='ocrx_word' id='word_1_264' title='bbox 857 2397 928 2442; x_wconf 90' lang='lat' dir='ltr'>vel</span> <span class='ocrx_word' id='word_1_265' title='bbox 959 2396 1013 2441; x_wconf 91' lang='lat' dir='ltr'>de</span> <span class='ocrx_word' id='word_1_266' title='bbox 1042 2396 1258 2456; x_wconf 88' lang='lat' dir='ltr'>adjutorio</span> <span class='ocrx_word' id='word_1_267' title='bbox 1295 2393 1436 2438; x_wconf 91' lang='lat' dir='ltr'>medi-</span> 
     </span>
     <span class='ocr_line' id='line_1_33' title="bbox 53 2468 1436 2532; baseline -0.004 -20"><span class='ocrx_word' id='word_1_268' title='bbox 53 2469 172 2515; x_wconf 84' lang='lat' dir='ltr'>cinae.</span> <span class='ocrx_word' id='word_1_269' title='bbox 197 2472 279 2516; x_wconf 82' lang='lat' dir='ltr'>Cui</span> <span class='ocrx_word' id='word_1_270' title='bbox 302 2471 515 2532; x_wconf 84' lang='lat' dir='ltr'>adjutorio</span> <span class='ocrx_word' id='word_1_271' title='bbox 530 2470 766 2530; x_wconf 83' lang='lat' dir='ltr'>deputatur</span> <span class='ocrx_word' id='word_1_272' title='bbox 782 2468 902 2529; x_wconf 86' lang='lat' dir='ltr'>quod</span> <span class='ocrx_word' id='word_1_273' title='bbox 922 2468 1131 2527; x_wconf 82' lang='lat' dir='ltr'>scriptum</span> <span class='ocrx_word' id='word_1_274' title='bbox 1150 2475 1228 2521; x_wconf 86' lang='lat' dir='ltr'>cst,</span> <span class='ocrx_word' id='word_1_275' title='bbox 1256 2486 1274 2508; x_wconf 88' lang='lat'>«</span> <span class='ocrx_word' id='word_1_276' title='bbox 1296 2468 1436 2518; x_wconf 85' lang='lat' dir='ltr'>Quem</span> 
     </span>
     <span class='ocr_line' id='line_1_34' title="bbox 58 2538 1437 2601; baseline -0.006 -15"><span class='ocrx_word' id='word_1_277' title='bbox 58 2556 77 2580; x_wconf 75' lang='lat'>³&gt;</span> <span class='ocrx_word' id='word_1_278' title='bbox 101 2541 215 2586; x_wconf 88' lang='lat' dir='ltr'>enim</span> <span class='ocrx_word' id='word_1_279' title='bbox 237 2541 376 2601; x_wconf 79' lang='lat' dir='ltr'>diligit</span> <span class='ocrx_word' id='word_1_280' title='bbox 400 2542 623 2596; x_wconf 84' lang='lat' dir='ltr'>Dominus,</span> <span class='ocrx_word' id='word_1_281' title='bbox 649 2540 854 2599; x_wconf 68' lang='lat' dir='ltr'>corripit,</span> <span class='ocrx_word' id='word_1_282' title='bbox 879 2538 1069 2598; x_wconf 78' lang='lat' dir='ltr'>flagellat</span> <span class='ocrx_word' id='word_1_283' title='bbox 1094 2545 1238 2584; x_wconf 84' lang='lat' dir='ltr'>autem</span> <span class='ocrx_word' id='word_1_284' title='bbox 1262 2549 1437 2581; x_wconf 85' lang='lat' dir='ltr'>omnem</span> 
     </span>
    </p>
   </div>
   <div class='ocr_carea' id='block_1_3' title="bbox 20 1630 38 2354">
    <p class='ocr_par' dir='ltr' id='par_1_3' title="bbox 20 1630 38 2354">
     <span class='ocr_line' id='line_1_35' title="bbox 20 1630 38 2354; baseline 0 0"><span class='ocrx_word' id='word_1_285' title='bbox 20 1630 38 2354; x_wconf 95' lang='lat' dir='ltr'> </span> 
     </span>
    </p>
   </div>
   <div class='ocr_carea' id='block_1_4' title="bbox 41 2634 51 2958">
    <p class='ocr_par' dir='ltr' id='par_1_4' title="bbox 41 2634 51 2974">
     <span class='ocr_line' id='line_1_36' title="bbox 41 2634 48 2831; baseline 0 0"><span class='ocrx_word' id='word_1_286' title='bbox 41 2634 48 2831; x_wconf 65' lang='lat' dir='ltr'>l</span> 
     </span>
     <span class='ocr_line' id='line_1_37' title="bbox 47 2855 51 2958; baseline 0 0"><span class='ocrx_word' id='word_1_287' title='bbox 47 2855 51 2958; x_wconf 53' lang='grc' dir='ltr'>κ</span> 
     </span>
    </p>
   </div>
  </div>
 </body>
</html>
