1790 3187
379 200 432 228 ma·
464 201 566 227 oc¹ro
598 199 787 226 mJLcrrit
820 198 1148 234 QUAESTIONIBUS.
1368 188 1449 224 247

71 263 180 308 sicut
203 263 276 308 illa
304 264 511 309 famulam
535 279 653 308 suam
685 278 774 306 non
796 262 968 306 libidini
992 263 1134 306 mariti
1152 262 1359 321 permisit,
1377 262 1452 306 sed

71 334 214 379 officio
234 334 467 394 generandi
487 335 602 379 ultro
622 333 783 387 intulit„
811 350 1086 394 nequaquam
1107 334 1283 377 turbato
1302 333 1456 378 ordine

70 404 274 460 naturali,
301 406 377 449 ubi
405 407 495 466 ejus
518 415 706 465 potestas
734 413 824 448 erat
853 405 1013 464 jubens
1043 407 1184 464 potius
1212 403 1453 460 obedienti,

69 491 199 536 quam
222 476 379 520 cedens
396 476 719 535 concupiscenti
743 496 754 532 3
777 476 835 519 sic
857 485 900 518 et
919 475 1009 534 ipse
1026 477 1255 535 conjugem
1274 469 1454 529 castam,

69 555 114 591 et
133 556 251 590 casto
268 547 399 591 corde
420 548 501 590 sibi
520 548 835 599 cohaerentem,
859 544 914 589 de
937 548 1059 606 cujus
1082 547 1250 600 animo,
1276 545 1351 589 ubi
1375 561 1458 605 pu-

69 616 228 661 dicitiae
249 617 386 661 virtus
407 618 589 672 habitat,
616 616 741 661 nullo
765 617 897 661 modo
914 616 1163 671 dubitabat,
1191 617 1328 661 tacuit
1353 632 1457 660 uxo—

24 679 25 682 *
67 703 184 742 rem,
223 688 330 732 dixit
365 704 582 743 sororem,
616 704 670 732 ne
699 704 743 731 se
771 688 913 732 occiso
955 688 1008 732 ab
1040 687 1291 746 alienigenis
1323 696 1455 747 atque

0 783 40 800 i·
67 758 208 817 impiis
245 761 412 819 captiva
442 760 735 819 possideretur
764 780 775 817 3
809 768 952 803 certus
986 758 1040 802 de
1081 762 1168 802 Deo
1198 774 1294 812 SUO,
1335 757 1456 818 quod

0 854 1 859 =
65 829 177 874 nihil
204 846 298 874 eam
333 841 459 890 turpe
480 847 529 874 ac
554 831 816 888 flagitiosum
840 830 1006 888 perpeti
1035 830 1208 873 sineret.
1243 831 1332 874 Nec
1354 843 1456 872 eum

20 891 21 895 Ἰ
66 901 174 946 fides
203 918 252 946 ac
282 918 376 961 spes
400 901 570 945 fefellit.
603 904 800 960 Namque
830 903 995 944 Pharao
1024 901 1200 943 territus
1233 900 1453 956 monstris,

20 980 21 983 ’
66 971 304 1033 multisque
328 983 505 1032 propter
525 988 618 1016 eam
643 972 763 1016 malis
783 972 990 1023 afflictus,
1014 962 1207 1032 ubi'ejus
1235 985 1325 1015 esse
1348 987 1456 1016 uxo-

19 1050 21 1054 '
66 1059 153 1089 rem
178 1043 383 1088 divinitus
413 1043 580 1096 didicit,
606 1041 780 1087 illaesam
808 1058 906 1087 cum
933 1043 1099 1086 honore
1122 1042 1324 1086 restituit.
1348 1043 1455 1088 Abi-

18 1124 21 1171 J
64 1114 232 1160 melech
261 1126 407 1160 autem
438 1116 606 1159 somnio
635 1114 927 1159 commonitus
953 1123 995 1157 et
1029 1116 1232 1169 edoctus,
1261 1113 1457 1159 similiter

17 1199 20 1244 ᾗ
64 1183 182 1231 feeit.

123 1259 320 1310 Qufflswio
343 1258 466 1301 VIII.
492 1284 551 1290 -
575 1258 634 1301 10.
665 1274 684 1298 «
710 1256 948 1301 Novissime
978 1255 1285 1315 exponendum
1314 1257 1454 1316 poscis

15 1322 21 1383 Α,
64 1328 118 1374 de
141 1329 294 1387 spiritu
324 1328 401 1372 Dei
427 1329 502 1388 qui
524 1327 879 1387 superierebatur
913 1343 1043 1387 super
1065 1343 1239 1388 aquam.
1264 1327 1452 1380 Quidam

65 1400 178 1445 enim
202 1410 462 1453 asseverant,
487 1401 648 1460 inquis,
682 1400 888 1459 Spiritum
909 1401 1155 1453 sanctum1‚
1177 1397 1245 1442 alii
1265 1398 1452 1443 munda-

63 1487 167 1517 num
199 1472 399 1531 spiritum
427 1471 605 1527 dicunt,
634 1473 831 1516 dieentes
853 1471 954 1531 quia
976 1487 1066 1514 non
1088 1471 1229 1530 potuit
1257 1471 1457 1515 historio-

64 1545 252 1603 graphus
287 1560 388 1588 cum
411 1544 618 1588 creaturis
648 1559 903 1587 enumerare
936 1552 1175 1587 creatorem
1197 1578 1208 1598 ,
1242 1558 1322 1587 nee
1355 1543 1457 1587 huic

14 1620 19 1679 J
64 1615 208 1660 locum
232 1615 421 1676 aliquem
454 1615 681 1675 deputare,
703 1616 779 1676 qui
799 1615 961 1676 ubique
975 1616 1028 1659 sit
1045 1624 1178 1670 totus,
1204 1630 1306 1659 eum
1331 1618 1458 1659 Patre

63 1687 265 1732 videlicet
287 1698 418 1746 atque
441 1687 568 1731 Filio.
598 1706 618 1728 »

12 1807 33 1812 ‚.
123 1762 184 1802 20.
221 1758 336 1811 Quid
369 1774 473 1816 ergo
508 1758 689 1802 istorum
718 1773 798 1815 ego
828 1757 1061 1811 senserim,
1087 1771 1138 1800 ex
1174 1756 1315 1815 primo
1341 1755 1454 1800 libro

14 1824 17 1862 Ῑ
63 1843 214 1872 eornm
235 1844 343 1888 quos
366 1829 421 1871 de
443 1829 597 1872 Genesi
622 1827 871 1882 duodecim,
897 1827 1007 1871 sicut
1029 1827 1168 1886 potui,
1190 1843 1278 1870 non
1298 1842 1456 1870 secun-

14 1902 19 1914 '
63 1898 169 1944 dum
201 1899 451 1958 allegorias,
483 1900 556 1943 sed
595 1898 837 1943 secundum
882 1914 1026 1942 rerum
1059 1908 1275 1957 gestarum
1322 1898 1456 1942 fidem

63 1971 226 2030 scripsi,
246 1972 289 2014 in
312 1973 394 2015 hoc
416 1971 676 2030 opusculum
701 1969 931 2014 transtuli²
951 1990 960 2015 :
983 1973 1116 2025 Inest,
1141 1970 1338 2030 inquam,
1366 1972 1455 2014 Deo

63 2042 309 2101 benignitas
341 2059 506 2087 summa
531 2052 574 2086 ct
596 2052 743 2086 sancta
774 2052 816 2085 et
833 2043 971 2103 justa,
998 2051 1042 2085 et
1063 2041 1238 2101 quidam
1258 2077 1268 2095 ,
1293 2057 1383 2086 non
1405 2057 1462 2086 ex

64 2114 299 2173 indigentia
317 2150 328 2165 ,
363 2117 438 2159 sed
462 2132 510 2158 ex
534 2115 821 2159 beneficentia
843 2149 854 2169 ‚
886 2115 1064 2159 veniens
1094 2129 1214 2157 amor
1242 2113 1287 2156 in
1325 2129 1456 2172 opera

64 2201 153 2230 sua.
180 2190 411 2245 Propterea
435 2189 689 2246 priusquam
716 2186 993 2240 scriberetur,
1017 2206 1035 2227 «
1058 2185 1172 2229 Dixit
1198 2188 1337 2229 Deus:
1359 2185 1457 2229 Fiat

10 2283 11 2287 =
67 2257 232 2314 »lux33
267 2276 286 2298 υ
322 2258 537 2317 praecessit
570 2260 789 2316 Scriptura
812 2293 823 2311 ,
861 2257 1037 2310 dicens,
1068 2276 1086 2298 «
1108 2256 1354 2314 Etspiritus
1379 2256 1456 2299 Dei

8 2354 9 2358 =
69 2345 88 2370 »
109 2328 464 2388 superferebatur
488 2346 616 2388 super
636 2345 811 2389 aquam.
842 2348 861 2370 »
881 2330 991 2380 Quia
1022 2329 1109 2372 sive
1130 2344 1255 2388 aquae
1280 2329 1457 2372 nomine

65 2399 279 2459 appellare.
297 2400 436 2445 voluit
460 2409 594 2444 totam
621 2400 887 2459 vorpnrrhm
916 2400 1157 2454 wamiam,
1183 2409 1298 2444 uteo
1320 2399 1453 2443 modo

111 2508 119 2523 ¹
145 2505 222 2535 Gen.
253 2516 274 2542 r,
297 2513 327 2534 ¹).
346 2521 384 2526 —
400 2511 410 2524 ⁷
431 2506 475 2535 Ex
500 2503 556 2534 lib„
578 2515 585 2534 i
612 2503 653 2535 de
671 2503 843 2535 Genesim]
864 2503 942 2535 tritt.
964 2514 1035 2545 cap.
1059 2502 1078 2533 5
1104 2507 1137 2534 ct
1162 2513 1250 2545 seqq.
1265 2501 1335 2525 -3
1368 2503 1447 2533 Gen.

0 2587 1 2590 ,
64 2559 148 2599 1,3.
