1790 3187
197 188 250 215 nn
282 187 473 214 mvssiisrs
505 187 661 222 Qipist.
700 185 754 212 Ao
787 188 1045 215 erPLiciAN.
1083 188 1164 214 Lm.
1200 190 1247 215 ιι.
1345 180 1428 215 215

10 0 37 131 'i

44 250 382 300 creatisublimes
399 259 442 293 et
457 249 723 293 mundissimi
738 250 928 309 spirituS‚
948 260 1080 311 atque
1101 251 1146 295 id
1167 252 1285 311 quod
1307 253 1351 296 in
1375 269 1426 297 eo

8 363 10 365 ,
41 319 470 382 sempiternejustum
492 319 657 374 vident,
672 335 750 379 pro
772 323 1059 380 congruentia
1082 337 1228 366 rerum
1245 321 1428 368 inferio-

43 409 138 439 rum
156 390 449 451 temporaliter
470 401 697 449 peragant:
716 392 938 451 quomodo
959 393 1088 436 etiam
1106 392 1214 452 lapsi
1230 393 1422 451 spiritus,

43 464 118 526 qui
148 464 193 507 in
215 462 393 506 veritate
427 476 515 505 non
546 470 788 516 steterunt,
820 472 999 521 propter
1028 462 1352 506 immunditiam
1384 472 1428 507 et

41 533 331 579 infirmitatem
355 532 806 590 concupiscentiarum
826 541 869 576 et
895 548 1124 592 poenarum
1143 548 1320 577 suarum
1338 549 1429 577 non

40 604 226 650 valentes
250 612 506 662 praesentem
530 602 788 646 intrinsecus
809 604 1010 647 contueri
1032 613 1075 648 et
1096 603 1322 648 consulere
1348 619 1427 648 ve-

40 675 223 726 ritatem,
240 673 359 732 signa
382 671 619 716 forinsecus
643 688 719 731 per
740 682 982 718 creaturam
1006 683 1253 733 expectent,
1275 674 1425 734 eisque

39 752 291 789 moveantur
312 744 399 787 sive
424 743 478 786 ad
502 743 748 787 faciendum
774 743 939 804 aliquid
961 744 1048 788 sive
1071 745 1126 787 ad
1146 760 1234 788 non
1257 743 1424 788 facien-

37 816 140 860 dum
159 835 168 868 ς
194 829 336 874 quove
356 813 485 858 modo
507 823 720 871 cogantur
738 823 901 858 aeterna
919 814 1039 871 lege,
1065 830 1151 873 qua
1168 815 1424 859 universitas

39 886 216 943 regitur,
240 885 372 928 vincti
396 893 526 943 atquc
551 885 789 938 constricti,
810 883 878 927 vel
895 885 1105 927 sinentem
1130 888 1266 928 Deum
1291 900 1424 943 oppe-

35 957 119 1011 riri,
137 956 206 1000 vel
228 955 590 1015 cedere-jubenti,
612 965 654 1000 et
672 955 902 1015 complecti
917 955 1121 1010 arduum,
1145 965 1188 1000 et
1206 955 1421 1015 explicare

36 1027 325 1086 longissimum
338 1035 416 1070 est.
436 1029 596 1071 Vereor
613 1036 759 1071 autem
781 1043 835 1071 ne
858 1028 937 1071 ista
959 1027 1050 1087 ipsa
1069 1043 1169 1088 quae
1187 1037 1289 1072 sunt
1311 1044 1334 1072 a
1356 1043 1426 1072 me

37 1097 148 1145 dicta
168 1133 179 1153 ,
204 1107 246 1142 et
273 1114 362 1142 non
383 1097 667 1143 satisfecerint
692 1099 1013 1159 expectationi,
1035 1109 1078 1144 et
1098 1099 1230 1143 taedio
1260 1098 1426 1144 fuerint

37 1168 229 1230 gravitati
263 1178 379 1213 tuae:
413 1168 773 1230 quandoquidem
796 1185 896 1213 cum
931 1178 980 1213 tu
1013 1185 1066 1213 ex
1088 1170 1292 1214 omnibus
1321 1185 1422 1229 quae

34 1239 330 1298 interrogasti,
355 1254 493 1282 unum
515 1255 538 1283 a
563 1255 629 1283 me
655 1239 855 1283 libellum
888 1240 1000 1283 mitti
1025 1239 1179 1295 velles,
1207 1254 1287 1297 ego
1311 1240 1422 1284 duos

34 1311 161 1356 libros
179 1310 440 1371 eosdemque
466 1311 739 1370 longissimos
763 1312 883 1367 misi,
901 1320 944 1355 et
966 1312 1145 1355 fortasse
1162 1311 1419 1372 quaestioni-

35 1383 114 1428 bus
153 1383 237 1427 tuis
279 1398 556 1442 nequaquam
592 1383 823 1443 diligenter
857 1383 1146 1443 expediteque
1194 1381 1415 1442 respondi.

36 1454 323 1508 Quamobrem
340 1469 484 1512 preces
499 1463 591 1497 tuas
606 1470 682 1514 pro
700 1454 848 1498 erratis
869 1454 974 1497 meis
994 1453 1152 1498 multas
1164 1461 1205 1497 et
1227 1452 1420 1498 assiduas

38 1533 135 1583 peto
161 1524 254 1567 fieri
281 1543 289 1568 :
315 1525 572 1568 sententiam
603 1540 706 1569 vero
729 1525 783 1569 de
811 1525 894 1570 hoc
914 1540 1044 1584 opere
1072 1533 1194 1568 tuam
1220 1523 1425 1569 brevissi·-

36 1609 165 1649 mam,
179 1594 254 1638 sed
270 1595 561 1653 gravissimam
583 1595 733 1654 flagito
752 1617 763 1654 3
783 1604 827 1640 et
847 1594 955 1639 dum
971 1595 1025 1639 sit
1046 1595 1283 1651 verissima,
1299 1609 1421 1639 seve«

37 1666 243 1710 rissimam
266 1681 356 1711 non
374 1681 541 1711 recuso.
