1790 3187
319 202 370 228 DE
405 203 591 229 mvmtsls
623 204 779 238 quassit.
817 205 964 230 υυίυυ.
1002 205 1112 229 'ruint
1133 210 1164 228 s.
1382 200 1426 232 .··›1

54 278 132 314 est.
151 273 348 326 Longum
371 275 434 310 est
451 282 789 311 commemorare
805 268 989 326 singula,
1011 283 1110 312 cum
1128 269 1184 312 ita
1204 271 1439 315 concludat

56 336 284 399 Apostolus
305 345 348 380 et
369 335 484 380 dicat
514 355 523 381 :
553 355 573 378 «
601 339 704 380 Haec
729 347 875 381 autem
898 337 940 381 in
965 338 1103 396 figura
1128 340 1443 398 contingebant

60 428 80 452 »
103 410 175 454 eis.
202 408 369 468 Scripta
399 416 500 452 sunt
523 416 668 452 autem
699 417 875 466 propter
898 424 1001 463 nos,
1031 408 1076 452 in
1099 424 1209 468 quos
1241 411 1337 454 finis
1359 427 1441 455 sae-

60 501 78 523 »
104 480 302 525 culorum
331 474 546 523 devenits.
581 497 600 520 »
634 478 753 523 Finis
780 489 924 523 autem
949 479 1209 524 saeculorum
1232 490 1442 540 tanquam

54 560 250 596 senectus
282 549 437 595 veteris
467 549 682 603 hominis,
720 565 820 594 cum
855 559 994 594 totum
1030 565 1165 608 genus
1199 551 1444 596 humanum

57 632 262 682 tanquam
280 636 420 665 unum
443 621 663 665 hominem
689 621 963 666 constitueris
981 656 992 675 ,
1017 632 1134 666 sexta
1152 631 1279 666 aetate
1301 623 1447 682 signa-

57 701 148 747 tur,
175 708 260 752 qua
287 692 496 737 Dominus
523 692 655 736 venit.
685 694 796 737 Sunt
828 693 943 736 enim
965 702 1114 737 aetates
1143 709 1214 738 sex
1236 697 1364 739 etiam
1400 695 1446 738 in

57 778 145 807 uno
168 763 370 821 homine3
394 762 578 807 infantia
595 797 605 816 ‚
630 762 815 821 pucritia
834 796 844 817 ‚
875 761 1168 807 adolescentia
1185 798 1196 816 ‚
1216 765 1423 823 juventus
1439 799 1450 819 ‚

58 834 258 892 gravium,
270 844 312 878 et
324 836 554 878 senectus‘2.
574 832 870 892 Primaitaque
884 833 1053 890 generis
1071 834 1253 876 humani
1271 844 1375 878 setas
1390 844 1454 879 est

57 903 112 948 ab
136 905 275 952 Adam
303 919 437 964 usque
459 904 514 948 ad
535 905 642 949 Noe.
671 902 872 948 Secunda
891 938 901 958 ‚
926 919 949 947 a
978 907 1070 949 Noe
1100 903 1155 947 ad
1179 905 1403 949 Abraham
1442 923 1451 949 :

32 975 129 1034 ,qui
156 973 325 1018 articuli
357 983 458 1018 sunt
488 973 798 1018 evidentissimi
834 983 876 1018 et
910 974 1136 1018 notissimi.
1178 975 1324 1018 Tertia
1349 1010 1359 1029 ‚
1400 975 1456 1019 ab

57 1044 275 1088 Abraham
305 1060 440 1103 usque
462 1044 516 1087 ad
546 1042 682 1088 David
710 1063 718 1088 :
752 1045 811 1088 sic
834 1044 950 1088 enim
980 1045 1215 1089 Matthaeus
1248 1048 1456 1103 Evange-

55 1114 149 1159 lista
171 1115 398 1174 partitur-³.
433 1119 591 1167 Quarta
607 1148 617 1168 ‚
644 1130 666 1157 a
694 1114 830 1158 David
855 1130 991 1174 usque
1015 1114 1071 1158 ad
1100 1115 1453 1172 transmigratio-

57 1200 157 1229 nem
180 1185 224 1229 in
245 1184 542 1242 Babyloniam.
570 1184 756 1237 Quinta,
783 1200 805 1228 a
836 1184 1215 1240 transmigratione
1237 1185 1282 1227 in
1307 1185 1456 1241 Baby-

57 1255 217 1300 loniam
247 1272 385 1316 usque
417 1256 472 1299 ad
497 1256 733 1299 adventum
770 1255 955 1298 Domini.
991 1257 1144 1310 Sexta,
1177 1255 1232 1298 ab
1262 1256 1458 1299 adventu

60 1327 233 1370 Domini
255 1326 452 1386 usquein
473 1327 603 1369 finem
629 1325 777 1369 saeculi
799 1324 1011 1384 speranda
1032 1334 1095 1368 est
1118 1344 1126 1368 :
1159 1341 1245 1384 qua
1270 1325 1456 1368 exterior

60 1396 191 1441 homo
218 1407 424 1456 tanquam
459 1404 683 1439 senectute
714 1395 1033 1452 corrumpitur,
1058 1395 1134 1452 qui
1165 1395 1296 1438 etiam
1329 1405 1454 1438 vetus

60 1465 248 1510 dicitur4
265 1501 276 1521 ‚
301 1476 345 1510 et
365 1466 543 1510 interior
572 1475 804 1509 renovatur
822 1465 876 1508 de
899 1464 968 1508 die
995 1464 1040 1508 in
1058 1465 1171 1508 diem
1189 1466 1221 1508 ⁵.
1250 1464 1358 1508 Inde
1381 1481 1452 1509 re-

58 1537 179 1598 quies
207 1538 467 1596 sempiterna
493 1545 582 1590 est,
612 1552 712 1595 quae
735 1535 1005 1594 significatur
1027 1535 1222 1580 sabbato.
1252 1538 1363 1580 Huic
1386 1536 1448 1580 rei

58 1609 260 1667 congruit
280 1606 400 1668 quod
421 1607 554 1651 homo
576 1616 696 1650 sexto
727 1606 796 1650 die
825 1604 965 1650 factus
990 1615 1053 1649 est
1075 1605 1130 1649 ad
1153 1606 1386 1665 imaginem
1409 1615 1453 1650 et

59 1679 387 1724 similitudinem
406 1678 482 1722 Dei
495 1680 526 1721 ⁶.
549 1680 686 1723 Nemo
708 1686 853 1721 autem
878 1677 1049 1735 ignorat
1068 1677 1297 1721 hominum
1315 1677 1450 1721 vitam

53 1751 142 1811 jam
158 1750 323 1810 aliquid
339 1747 713 1793 administrantem
732 1781 742 1802 ,
762 1746 1011 1805 cognitione
1034 1755 1077 1790 et
1093 1747 1263 1790 actione
1284 1746 1445 1791 fulciri.

59 1824 170 1868 Nam
204 1831 248 1866 et
277 1820 390 1865 actio
418 1820 644 1863 temeraria
673 1826 736 1862 est
767 1818 858 1861 sine
884 1817 1156 1876 cognitione,
1181 1827 1223 1860 et
1251 1818 1342 1862 sine
1376 1834 1450 1862 ac-

61 1893 178 1938 tione
201 1892 355 1951 ignava
378 1891 582 1948 cognitio.
610 1888 694 1934 Sed
716 1888 850 1945 prima
874 1888 959 1932 vita
986 1887 1202 1945 hominis,
1232 1887 1303 1932 cui
1327 1886 1450 1932 nulla

61 1963 372 2009 administratio
403 1971 519 2006 recte
547 1959 738 2005 creditur
761 1994 770 2012 ‚
802 1958 997 2018 quinque
1028 1959 1224 2002 sensibus
1256 1960 1449 2019 corporis

61 2033 206 2080 dedita
221 2042 306 2091 est3
324 2033 514 2093 quisunt
528 2031 659 2085 visus,
678 2028 868 2084 auditus,
887 2028 1089 2084 olfactus,
1108 2039 1274 2088 gustus,
1290 2039 1445 2074 tactus.

61 2106 225 2151 Etideo
239 2105 338 2150 duae
354 2105 503 2165 primae
515 2112 662 2147 aetates
681 2101 848 2160 generis
867 2101 1047 2145 humani
1064 2101 1187 2145 denis
1204 2101 1450 2160 generatio-

62 2177 190 2222 nibus
210 2176 496 2230 definiuntur‚
518 2183 728 2234 tanquam
745 2171 930 2216 infantia
951 2181 994 2215 et
1013 2172 1220 2231 pueritia3
1249 2172 1450 2232 quinario

37 2246 222 2301 ,scilicet
244 2247 484 2305 geminato,
513 2242 721 2304 quoniam
751 2242 972 2301 generatio
1002 2251 1188 2301 utroque
1221 2257 1322 2285 sexu
1347 2257 1451 2300 pro-

64 2327 260 2376 pagatur.
288 2320 398 2364 Sunt
419 2331 521 2376 ergo
552 2313 848 2373 generationes
886 2311 1037 2356 decern
1068 2311 1122 2355 ab
1151 2310 1290 2355 Adam
1312 2325 1453 2371 usque

63 2387 116 2434 ad
148 2391 262 2445 Noe,
302 2397 345 2433 et
371 2387 472 2433 inde
500 2400 639 2446 usque
669 2384 724 2428 ad
754 2382 975 2428 Abraham
1007 2381 1101 2426 aliae
1124 2380 1273 2426 decem
1305 2400 1312 2426 :
1344 2394 1452 2441 quas

113 2496 120 2513 ¹
148 2501 160 2522 1
185 2491 256 2524 Cor..
283 2500 340 2531 xv,
359 2498 413 2522 21.
431 2506 472 2512 —
489 2494 500 2510 ²
520 2485 599 2520 Vide
618 2485 662 2517 lib
679 2484 744 2516 lde
761 2484 876 2517 Genesi
892 2487 1003 2517 contra
1023 2482 1231 2524 Manicliaeos,
1255 2492 1328 2524 cap.
1350 2481 1450 2514 23.—

67 2542 80 2567 3
101 2544 219 2577 Manli.
247 2555 343 2586 i,17.
360 2542 429 2573 —4
450 2552 470 2576 2
488 2544 559 2575 Cor.
580 2552 622 2581 iv,
646 2539 697 2571 56.
716 2557 753 2562 ——
774 2537 785 2559 ³⁷¹
808 2541 886 2570 Gen.
907 2550 929 2573 i,
951 2547 1003 2577 97.
