1790 3187
197 153 249 178 m:
282 151 468 176 DiVEsssls
500 150 655 185 Quen.
693 149 746 174 AD
777 129 1036 175 siMPLlcmN.
1075 150 1155 174 ΜΒ.
1196 150 1222 174 ι.
1327 139 1404 174 159

3 229 7 288 1
35 218 133 262 reris
153 225 199 260 ut
213 229 395 274 possem.
415 217 512 266 Quo
529 212 743 272 adjutorio
759 213 960 257 fidentior
979 213 1115 258 factus
1130 247 1140 264 ,
1161 212 1402 271 aggredior.

91 290 150 332 2⁰.
175 289 230 331 Et
247 286 383 345 primo
398 284 685 329 intentionem
699 284 911 343 Apostoli,
932 300 1031 344 quae
1047 300 1123 344 per
1145 293 1276 328 totam
1296 285 1409 343 epis-

33 357 162 403 tolam
178 358 294 415 viget
310 391 321 410 ,
348 356 505 400 tenebo
522 391 532 410 ,
552 370 683 415 quam
704 355 941 400 consulam,
971 358 1074 400 Haec
1091 364 1154 399 est
1171 364 1315 399 autem
1328 389 1339 408 ,
1360 364 1410 398 ut

6 438 9 464 Ι
31 428 85 474 de
107 442 283 485 operum
312 426 473 470 meritis
498 441 626 470 nemo
655 426 884 484 glorietur,
916 426 971 470 de
1005 426 1164 486 quibus
1187 425 1410 470 audebant

34 497 234 544 Israelitae
264 496 462 556 gloriari,
496 497 615 557 quod
645 496 758 540 datae
780 497 860 541 sibi
895 497 977 556 legi
1010 497 1264 551 servissent,
1292 505 1334 540 et
1359 511 1409 539 ex

34 571 113 615 hoc
139 568 437 626 Evangelicam
467 569 644 626 gratiam
677 578 882 628 tanquam
914 568 1107 612 debitam
1136 567 1299 611 meritis
1324 566 1411 611 suis

8 625 10 636 Ι
34 640 340 700 percepissent,
367 639 467 698 quia
497 638 581 698 legi
607 639 866 683 serviebant.
903 639 1024 683 Unde
1052 638 1261 683 nolebant.
1291 652 1410 681 eam·

32 711 129 759 dem
162 710 341 767 gratiam
371 709 463 753 dari
491 711 703 754 Gentibus
726 745 736 764 ,
773 719 981 768 tanquam
1006 710 1194 767 indignis
1225 709 1303 752 nisi
1330 711 1422 752 Ju-*

32 781 151 827 da'ica
171 790 435 824 sacramenta
455 781 734 839 susciperent.
758 783 865 834 Quae
887 790 978 824 orta
999 780 1181 838 quaestio
1203 781 1246 823 in
1270 783 1410 838 Apos-

35 852 214 896 tolorum
246 851 427 895 Actibus
452 851 674 895 solvitur1.
700 854 795 895 Non
824 851 938 894 enim
962 849 1286 908 intelligebant,
1310 850 1411 910 quia

32 937 82 966 eo
102 923 193 980 ipso
210 937 298 982 quo
317 922 451 980 gratia
473 931 535 965 est
554 921 810 979 Evangelica
827 956 837 974 ,
862 920 1066 979 operibus
1090 936 1178 963 non
1208 919 1407 964 debetur.

36 1012 55 1035 «
79 992 282 1053 Alioquin
305 993 436 1050 gratia
455 993 544 1052 jam
568 1009 654 1037 non
686 1002 748 1037 est
775 992 910 1051 gratia
926 996 957 1035 ².
987 1011 1005 1032 »
1033 994 1089 1035 Et
1123 991 1271 1035 multis
1308 991 1413 1036 locis

32 1065 111 1111 hoc
127 1079 239 1123 saepe
259 1074 456 1119 testatur,
477 1064 578 1108 fidei
597 1065 777 1123 gratiam
794 1079 1052 1122 praeponens
1070 1063 1275 1122 operibus
1293 1099 1302 1118 ,
1324 1079 1413 1107 non

33 1144 79 1180 ut
105 1151 233 1194 opera
257 1135 479 1193 extinguat
494 1171 504 1189 ,
530 1135 605 1179 sed
629 1145 676 1179 ut
698 1136 901 1179 ostendat
929 1150 1018 1178 non
1042 1150 1130 1178 esse
1149 1150 1279 1193 opera
1302 1150 1416 1193 prae-

32 1206 223 1251 cedentia
260 1206 466 1265 gratiam,
498 1207 573 1250 sed
607 1206 916 1265 consequentia
943 1224 952 1248 z
984 1213 1033 1248 ut
1058 1204 1218 1249 scilicet
1250 1221 1339 1249 non
1370 1220 1414 1249 se

31 1276 212 1337 quisque
249 1276 484 1320 arbitretur
521 1276 620 1320 ideo
660 1277 895 1336 percepisse
927 1277 1131 1334 gratiam,
1165 1277 1266 1336 quia
1302 1277 1416 1320 bene

31 1357 230 1407 operatus
252 1357 340 1404 est,
362 1347 436 1392 scd
462 1348 571 1391 bene
598 1347 767 1406 operari
796 1363 884 1391 non
906 1362 1050 1405 posse,
1076 1347 1155 1390 nisi
1180 1362 1254 1405 per
1282 1348 1413 1390 fidem

33 1419 268 1478 perceperit
297 1419 491 1477 gratiam.
531 1419 688 1477 Incipit
719 1428 861 1462 autem
898 1419 1031 1462 homo
1062 1418 1282 1476 percipere
1315 1433 1414 1476 gra·-

34 1490 154 1544 tiam,
179 1505 229 1532 ex
250 1506 338 1549 quo
361 1490 511 1548 incipit
530 1482 618 1533 Deo
644 1489 840 1544 credere,
862 1488 929 1532 vel
956 1490 1124 1532 interna
1149 1488 1216 1532 vel
1241 1498 1415 1532 externa

32 1559 323 1608 admonitione
342 1570 484 1604 motus
505 1560 559 1604 ad
579 1560 724 1604 fidem.
749 1558 833 1604 Sed
851 1560 1030 1603 interest
1046 1560 1207 1619 quibus
1229 1559 1417 1604 articulis

34 1641 271 1690 temporum
290 1633 358 1675 vel
382 1631 672 1676 celebratione.
699 1641 1065 1676 sacramentorum
1089 1632 1224 1690 gratia
1248 1631 1417 1690 plenior

31 1711 73 1746 et
93 1703 332 1746 evidentior
349 1702 623 1747 infundatur.
645 1706 741 1748 Non
762 1704 877 1745 enim
896 1703 1197 1746 catechumeni
1216 1718 1305 1746 non
1328 1718 1416 1746 cre-

31 1772 161 1828 dunt,
187 1783 263 1817 aut
285 1789 386 1818 vero
408 1774 635 1819 Cornelius
651 1789 739 1818 non
756 1774 960 1817 credebat
978 1777 1067 1817 Deo
1082 1808 1092 1826 ,
1117 1789 1219 1817 cum
1234 1773 1414 1817 eleemo-

31 1845 144 1902 synis
161 1853 204 1887 et
226 1845 494 1889 orationibus
517 1845 699 1902 dignum
717 1860 761 1888 se
781 1844 994 1903 praeberet
1013 1845 1083 1887 cui
1102 1844 1293 1901 Angelus
1316 1845 1417 1887 mit-

32 1923 191 1959 teretur
211 1933 219 1958 :
244 1915 319 1958 sed
336 1914 457 1959 nullo
474 1914 603 1958 modo
620 1916 696 1958 ista
714 1923 969 1974 operaretur
986 1915 999 1940 3
1014 1950 1024 1969 ,
1051 1915 1130 1958 nisi
1148 1924 1249 1958 ante
1272 1914 1415 1958 credi>-

32 1985 157 2030 disset
187 2005 195 2029 :
233 1985 356 2030 nullo
379 1986 510 2030 modo
541 1995 687 2030 autem
723 1985 1002 2039 credidisset,
1033 1986 1112 2028 nisi
1143 1984 1214 2030 vel
1244 1986 1417 2029 secretis

34 2070 106 2114 per
121 2056 209 2100 visa
225 2056 381 2100 mentis
398 2067 472 2100 aut
490 2057 665 2115 spiritus
678 2091 688 2111 ,
709 2056 779 2101 vel
797 2055 1163 2100 manifestioribus
1179 2072 1254 2115 per
1269 2072 1418 2100 sensus

24 2127 218 2186 ‘corporis
259 2126 633 2171 admonitionibus
674 2137 916 2171 vocaretur.
959 2127 1042 2171 Sed
1074 2127 1117 2170 in
1153 2126 1416 2187 quibusdam

36 2205 146 2241 tanta
170 2206 234 2241 est
254 2198 386 2255 gratia
413 2197 535 2252 fidei,
565 2207 727 2258 quanta
751 2213 840 2242 non
862 2198 1024 2241 sufficit
1047 2196 1097 2240 ad
1124 2198 1415 2253 obtinendum

0 2306 3 2310 .
36 2282 212 2326 regnum
241 2267 479 2326 coelorum3
515 2269 626 2312 sicut
652 2268 697 2311 in
725 2269 1070 2322 catechumenis,
1107 2270 1218 2312 sicut
1251 2269 1296 2311 in
1323 2268 1417 2327 ipso

35 2339 231 2383 Cornelio
251 2348 484 2398 antequam
514 2350 881 2384 sacramentorum
908 2339 1235 2397 participatione
1273 2340 1417 2384 incor-

38 2418 255 2465 poraretur
278 2409 494 2454 Ecclesiae.
525 2412 574 2453 In
592 2409 855 2470 quibusdam
876 2424 978 2453 vero
999 2419 1116 2454 tanta
1143 2419 1206 2454 est
1224 2444 1234 2463 ,
1260 2419 1304 2454 ut
1322 2410 1412 2469 jam

84 2498 90 2515 ¹
111 2495 179 2526 Act.
198 2505 252 2534 xv,
271 2504 301 2535 7.
323 2511 354 2516 -
378 2501 387 2515 ²
411 2498 498 2526 licui.
524 2506 566 2535 xi,
590 2505 620 2537 9.
636 2494 701 2517 -3
719 2497 789 2526 Act.
811 2505 841 2529 x,
868 2506 891 2524 ι.

28 2584 32 2647 ἱ

29 2649 33 2718 1

30 2734 34 2816 1

31 2826 34 2895 l

33 2901 35 2957 ι
