1790 3187
339 194 417 234 116
776 201 807 229 s.
847 203 1072 229 AUGU5T1N1
1109 202 1286 229 eviscovi

334 270 448 314 niam
470 269 606 312 sanari
631 275 769 327 potest
790 281 865 325 per
881 267 1063 311 verbum
1087 267 1189 323 Dei,
1223 275 1386 325 quanto
1415 266 1558 309 minus
1580 281 1677 310 eum
1691 302 1701 322 ,

332 340 408 399 qui
447 348 673 398 propterea
705 337 829 381 nobis
862 335 998 381 videri
1028 346 1165 395 potest
1203 345 1318 380 totus
1352 345 1536 394 aegrotus
1561 371 1571 390 ,
1606 336 1730 395 quia¹

329 411 530 470 quaedam
553 411 643 469 ejus
674 408 815 452 saucia
839 406 884 450 in
907 407 1045 466 primo
1069 406 1262 465 ingressu
1296 406 1492 450 amicitiae
1514 421 1602 449 non
1628 421 1706 464 po·-

331 481 494 525 tuimus
524 479 733 523 sustinere
753 512 764 532 ,
800 485 842 520 et
870 476 990 536 quod
1023 485 1085 521 est
1117 476 1284 535 gravius
1304 511 1314 531 ‚
1341 491 1441 520 cum
1469 475 1708 520 offensione

332 552 461 596 animi
494 551 548 595 dc
569 559 661 594 toto
692 548 867 592 homine
890 548 980 592 ausi
1007 563 1154 592 sumus
1176 548 1445 591 temerariam
1471 546 1709 606 praejudicii

334 623 446 666 terre
465 621 740 674 sententiam,
765 635 854 663 non
870 620 1068 663 timentes
1084 617 1203 679 quod
1222 617 1385 662 dictum
1408 626 1471 662 est
1498 637 1506 662 :
1529 637 1549 659 «
1569 617 1710 662 Nolite

333 711 354 734 »
387 692 586 753 judicare
613 700 662 735 ut
694 705 781 735 non
799 690 1055 749 judicemini
1078 724 1088 743 ‚
1119 708 1137 730 »
1161 698 1204 733 et
1229 724 1239 739 ,
1275 707 1294 730 «
1324 692 1374 732 In
1403 704 1488 748 qua
1513 703 1711 732 mensura

336 781 356 803 »
396 762 533 806 mensi
556 760 723 805 fueritis
748 796 758 815 ,
791 761 836 804 in
869 760 1020 804 eadem
1042 759 1292 803 remetietur
1320 759 1442 803 vobis
1471 761 1501 800 ¹.
1535 777 1554 799 n
1592 760 1712 817 Saepe

333 842 479 877 autem
515 831 586 875 illa
628 847 727 891 quae
756 831 869 875 bona
899 839 1026 885 sunt,
1052 831 1169 889 prius
1201 838 1411 888 apparent
1444 848 1452 872 :
1485 829 1529 871 in
1555 828 1713 888 quibus

331 904 460 947 etiam
485 903 763 946 temerarium
787 900 1102 946 benevolentiae
1120 900 1331 960 judicium
1361 899 1602 944 cavendum
1625 908 1710 953 est,
1758 950 1761 951 ⁷

336 989 392 1017 ne
426 989 526 1018 cum
562 982 703 1017 totum
742 973 907 1016 bonum
950 971 1194 1030 putaveris,
1221 986 1267 1014 ca
1302 986 1400 1030 quae
1434 979 1582 1029 postea
1604 969 1714 1014 mala

335 1045 614 1104 apparuerint
631 1080 642 1094 ,
669 1059 868 1097 securum
893 1052 935 1087 et
951 1043 1209 1102 imparatum
1227 1052 1269 1086 te
1290 1042 1538 1097 inveniant,
1565 1050 1606 1085 et
1624 1056 1716 1099 gra-

326 1117 429 1159 vins
450 1115 678 1159 offendant
696 1135 707 1172 ς
726 1124 774 1158 ut
798 1130 894 1158 eum
919 1129 1049 1173 quem
1082 1124 1242 1157 temere
1263 1112 1494 1168 dilexeras,
1523 1113 1716 1158 acerbius

330 1185 497 1240 oderis,
523 1184 643 1244 quod
662 1184 785 1228 nefas
803 1193 879 1228 est.
901 1185 1012 1237 Quia
1030 1185 1194 1228 etiamsi
1218 1184 1337 1228 nulla
1360 1187 1450 1245 ejus
1469 1184 1581 1228 bona
1603 1200 1716 1244 prae--

334 1256 569 1310 cederent,
601 1264 644 1299 et
665 1255 758 1298 haec
783 1270 882 1313 quae
912 1264 1060 1314 postea
1096 1265 1391 1313 apparuerunt
1424 1255 1533 1298 mala
1560 1291 1570 1309 ‚
1602 1256 1718 1314 prius

336 1327 602 1379 eminerent,
621 1324 844 1369 toleranda
866 1334 1011 1368 tamen
1029 1334 1173 1379 erant,
1195 1325 1334 1370 donec
1354 1326 1499 1369 omnia
1521 1341 1621 1370 cum
1644 1325 1718 1371 illo

337 1412 499 1456 ageres,
524 1396 684 1456 quibus
707 1395 807 1439 talia
828 1396 967 1440 sanari
989 1395 1128 1440 solent
1156 1415 1164 1440 ε
1190 1406 1354 1456 quanto
1383 1398 1517 1454 magis
1545 1412 1644 1442 cum
1670 1413 1717 1443 ea

338 1469 454 1513 bona
474 1476 800 1527 praecesserunt,
836 1482 934 1527 quae
956 1476 1164 1526 tanquam
1187 1467 1364 1527 pignora
1388 1484 1465 1513 nos
1486 1468 1649 1512 debent
1666 1467 1718 1513 ad

339 1540 575 1599 posteriora
598 1538 821 1584 toleranda
840 1539 1150 1597 constringere.

400 1618 460 1655 70.
485 1613 581 1670 Ipsa
599 1620 662 1654 est
687 1624 787 1667 ergo
820 1612 907 1652 Lex
928 1609 1086 1653 Christi
1109 1644 1119 1660 ,
1144 1619 1193 1653 ut
1216 1609 1398 1653 invicem
1423 1626 1550 1655 onera
1576 1620 1719 1656 nostra

340 1692 577 1742 portemus.
615 1680 836 1725 Christum
857 1689 1001 1724 autem
1026 1679 1247 1738 diligendo
1268 1716 1277 1733 ,
1304 1680 1429 1725 facile
1464 1682 1720 1726 sustinemus

341 1753 636 1797 infirmitatem
660 1751 830 1794 alterius
849 1786 859 1804 ,
877 1751 1005 1794 etiam
1028 1766 1155 1809 quem
1184 1752 1379 1795 nondum
1405 1762 1580 1811 propter
1612 1755 1722 1798 bona

342 1840 418 1868 sua
435 1823 670 1882 diligimus.
691 1822 940 1880 Cogitamus
961 1822 1075 1864 enim
1096 1822 1194 1881 quia
1217 1821 1290 1866 ille
1311 1858 1320 1876 ,
1339 1839 1467 1883 quem
1483 1823 1718 1882 diligimus,

343 1895 553 1939 Dominus
594 1903 771 1952 propter
806 1907 906 1935 eum
948 1904 1143 1935 mortuus
1185 1902 1262 1936 est.
1300 1896 1440 1946 Quam
1471 1895 1721 1939 charitatem

344 1964 563 2025 apostolus
578 1963 734 2008 Paulus
756 1962 880 2006 nobis
902 1963 1093 2020 ingessit,
1110 1978 1209 2006 cum
1228 1965 1390 2008 diceret
1413 1985 1421 2009 ;
1451 1985 1469 2007 «
1497 1968 1551 2011 Et
1568 1961 1722 2025 petibit

347 2055 368 2078 »
389 2036 585 2080 infirmus
614 2035 658 2077 in
676 2043 750 2077 tua
771 2033 948 2077 scientia
977 2033 1109 2076 frater
1130 2069 1140 2087 ,
1166 2044 1342 2093 propter
1367 2052 1495 2095 quem
1530 2037 1723 2081 Christus

349 2125 370 2149 u
391 2116 587 2151 mortuus
609 2115 672 2149 est
695 2106 727 2147 ².
767 2123 786 2145 υ
819 2106 874 2148 Ut
896 2105 929 2148 si
952 2103 1076 2147 illum
1107 2105 1326 2150 infirmum
1349 2143 1358 2161 ,
1386 2117 1563 2166 propter
1594 2124 1722 2169 quem

346 2178 502 2223 vitium
523 2212 533 2231 ,
571 2191 659 2236 quo
684 2176 879 2219 infirmus
907 2183 969 2218 est
987 2210 996 2227 ,
1023 2175 1164 2218 minus
1193 2175 1436 2235 diligimus,
1460 2178 1583 2222 illum
1607 2180 1652 2223 in
1676 2194 1724 2225 eo

348 2248 669 2294 consideremus
687 2281 697 2301 ,
721 2245 798 2305 qui
829 2254 1027 2288 mortuus
1056 2254 1117 2289 est
1138 2255 1314 2305 propter
1341 2248 1480 2292 illum.
1506 2250 1722 2294 Christum

349 2329 496 2364 autem
526 2333 617 2362 non
639 2316 818 2375 diligere
833 2351 843 2371 ,
870 2331 957 2360 non
980 2316 1205 2360 infirmitas
1227 2352 1237 2371 ,
1263 2319 1338 2362 sed
1360 2335 1474 2363 mors
1497 2331 1573 2364 est.
1607 2323 1723 2374 Qua-

347 2399 525 2450 propter
545 2388 712 2446 ingenti
734 2402 852 2439 cum,
880 2396 922 2430 et
940 2386 1166 2444 implorata
1192 2389 1266 2431 Dei
1286 2390 1577 2435 misericordia
1606 2385 1734 2451 00ςί-ρ

348 2461 530 2505 ‘tandum
552 2468 640 2512 est,
677 2473 732 2501 ne
753 2457 973 2503 Christum
995 2456 1264 2516 negligamus
1285 2470 1461 2519 propter
1484 2462 1718 2517 infirmum,
1745 2474 1748 2497 ¹

400 2552 405 2565 ¹
430 2543 538 2575 Matth.
562 2554 616 2580 vn,
645 2553 653 2572 i
675 2545 707 2573 ct
726 2548 838 2572 ¹2.--⁷
865 2552 874 2572 ι
897 2543 967 2573 Cor.
991 2551 1056 2579 vnn,
1084 2553 1129 2571 ii⁴
