1790 3187
354 194 437 230 260
783 200 814 226 s.
853 201 1081 227 AUGusTffll
1117 201 1293 228 EPISCOPI

412 266 620 312 1V.Unde
637 267 910 309 constamus?
927 280 978 309 ex
991 265 1137 308 animo
1155 273 1198 308 et
1219 279 1414 323 corpore.
1442 265 1558 317 Quid
1576 265 1750 310 horum'
1771 313 1774 327 t

351 336 533 381 melius?
553 336 753 380 videlicet
775 335 958 379 animus.
986 334 1101 388 Quid
1118 334 1301 379 laudant
1327 335 1371 378 in
1394 337 1604 393 corpore?
1627 336 1736 380 nihil
1772 329 1773 334 ¹

349 408 466 454 aliud
486 407 611 450 video
633 421 764 466 quam
787 405 1176 466 pulchritudinem.
1201 404 1318 458 Quid
1335 414 1399 448 est
1416 406 1605 464 corporis
1633 406 1735 465 pul-

350 478 584 525 chritudo?
601 477 883 536 congruentia
900 478 1088 537 partium
1105 491 1204 521 cum
1220 476 1406 535 quadarn
1424 475 1578 520 coloris
1592 476 1736 520 suavi-

348 559 450 594 tate.
468 551 568 592 Haec
589 547 728 592 forma
746 548 820 591 ubi
835 563 933 591 vera
952 546 1117 601 melior,
1140 561 1195 590 an
1210 546 1286 590 ubi
1302 545 1434 590 falsa?
1449 546 1545 605 quis
1559 545 1737 590 dubitet
1768 562 1771 607 ε’

348 619 424 663 ubi
441 634 540 664 vcra
563 627 642 671 est,
667 633 756 662 esse
779 617 1031 662 meliorem?
1063 617 1144 661 Ubi
1163 633 1265 676 ergo
1286 632 1385 662 vera
1407 621 1495 661 est?
1518 618 1562 661 in
1590 617 1736 662 animo

348 689 526 734 scilicet.
549 689 732 733 Animus
756 688 889 748 igitur
912 688 1046 747 magis
1069 687 1280 732 amandus
1314 697 1377 732 est
1403 703 1535 749 quam
1557 702 1730 746 corpus.
1768 732 1769 740 ἵ

351 760 435 806 Sed
470 760 514 803 in
539 776 625 820 qua
654 770 775 819 parte
813 760 946 803 animi
969 760 1047 803 ista
1069 769 1132 804 est
1153 760 1309 804 veritas
1329 762 1348 802 ⁴?
1372 761 1416 804 in
1440 768 1584 803 mente
1607 769 1738 818 atque
1766 791 1769 816 ;

347 829 649 887 intelligentia.
676 830 791 882 Quid
815 830 916 873 huic
939 829 1219 874 adversatur?
1240 846 1402 874 sensus.
1431 828 1738 873 Resistendum

350 916 453 960 ergo
471 901 666 944 sensibus
685 900 786 944 totis
809 900 941 943 animi
959 900 1151 944 viribus?
1171 899 1323 959 liquet.
1345 899 1461 952 Quid
1476 900 1510 943 si
1524 899 1740 943 sensibilia

348 972 532 1015 nimium
556 971 800 1014 delectant?
824 970 898 1014 fiat
921 980 968 1014 ut
992 986 1080 1014 non
1112 969 1344 1014 delectent.
1381 969 1502 1013 Unde
1526 970 1610 1013 fit?
1632 985 1741 1013 con-

351 1040 581 1085 suetudine
607 1041 656 1083 iis
679 1040 855 1084 carendi
878 1040 1200 1099 appetendique
1224 1039 1417 1084 meliora.
1444 1040 1561 1092 Quid
1582 1040 1614 1082 si
1644 1055 1744 1084 mo·
1764 1041 1767 1060 ³

351 1112 461 1155 ritur
481 1112 650 1155 animus
664 1114 681 1154 P
696 1125 797 1168 ergo
821 1111 1004 1154 moritur
1020 1110 1193 1164 veritas,
1215 1120 1396 1154 autnon
1419 1109 1743 1167 estintelligen-
1764 1145 1766 1157 ἱ

354 1182 412 1226 tia
434 1182 605 1236 veritas,
628 1191 703 1225 aut
724 1180 1011 1239 intelligentia
1034 1197 1121 1225 non
1145 1191 1205 1225 est
1238 1181 1283 1224 in
1315 1181 1474 1235 animo,
1497 1189 1571 1224 aut
1603 1189 1764 1240 potest

354 1253 464 1296 mori
487 1251 652 1311 aliquid
675 1252 718 1295 in
742 1267 830 1310 quo
864 1250 1031 1311 aliquid
1066 1251 1310 1296 immortale
1339 1260 1430 1295 est:
1466 1250 1576 1295 nihil
1598 1260 1765 1294 autem

354 1324 511 1367 horum
535 1323 628 1366 fieri
651 1337 774 1382 posse
807 1322 1044 1381 Soliloquia
1067 1331 1212 1366 nostra
1239 1324 1326 1382 jam
1347 1323 1592 1377 continent,
1618 1322 1742 1366 satis-

354 1410 440 1455 que
459 1409 710 1454 persuasum
725 1402 813 1438 est:
836 1394 911 1437 sed
926 1393 1071 1438 nescio
1087 1410 1172 1453 qua
1191 1392 1508 1437 consuetudine
1530 1393 1745 1438 malorum
1758 1398 1766 1463 γ’,

357 1465 606 1509 territamur
638 1474 769 1523 atque
800 1464 1055 1507 titubamus.
1098 1467 1321 1508 Postremo
1360 1464 1525 1507 etiamsi
1562 1464 1762 1508 moritur

355 1536 539 1590 animus,
559 1534 680 1594 quod
692 1533 814 1578 nullo
834 1534 964 1578 modo
977 1549 1100 1593 posse
1119 1534 1208 1577 fieri
1227 1534 1372 1588 video,
1389 1549 1478 1577 non
1492 1549 1582 1577 esse
1599 1543 1745 1577 tamen
1766 1556 1769 1562 ν

357 1606 529 1650 beatam
548 1606 680 1649 vitam
703 1605 748 1647 in
770 1603 919 1648 laetitia
943 1603 1228 1659 sensibilium,
1257 1605 1340 1648 hoc
1363 1604 1451 1648 otio
1471 1606 1569 1647 satis
1591 1603 1745 1663 explo-

359 1686 501 1720 ratum
527 1685 604 1720 est.
633 1676 709 1719 His
732 1676 860 1719 rebus
883 1674 1060 1719 fortasse
1082 1684 1212 1735 atque
1242 1675 1400 1719 talibus
1420 1675 1626 1720 Nebridio
1651 1691 1762 1720 meov

357 1749 392 1793 si
414 1764 503 1792 non
515 1748 683 1802 beatus,
696 1757 739 1791 at
761 1756 877 1792 certe
894 1747 1017 1807 quasi
1036 1746 1366 1790 beatusvideor:
1388 1746 1535 1790 videar
1550 1755 1591 1790 et
1608 1747 1712 1790 mihi
1732 1765 1742 1790 ε

361 1818 469 1878 quid
500 1819 600 1862 inde
633 1817 786 1877 perdo,
816 1827 892 1862 aut
926 1834 1003 1862 cur
1026 1833 1198 1877 parcam
1228 1818 1356 1862 bonae
1393 1817 1622 1876 opinioni?
1645 1819 1748 1862 Haec

364 1889 469 1933 mihi
484 1888 573 1932 dixi
601 1907 610 1932 ι
636 1887 796 1932 deinde
819 1888 952 1942 oravi,
974 1897 1024 1931 ut
1040 1887 1248 1941 solebam,
1265 1896 1396 1947 atque
1417 1887 1616 1931 dormivi.
1753 1865 1758 1954 ff

424 1961 476 2001 V.
505 1961 608 2003 Haec
629 1958 795 2018 placuit
828 1959 1015 2002 scribere
1043 1959 1137 2001 tibi.
1167 1958 1361 2002 Delectat
1393 1959 1508 2002 enim
1531 1973 1600 2002 me
1629 1956 1769 2018 quod·

365 2029 471 2074 mihi
488 2029 642 2088 gratias
660 2029 765 2087 agis,
786 2028 820 2071 si
838 2027 948 2072 nihil
965 2037 1006 2072 te
1021 2029 1140 2087 quod
1156 2029 1202 2071 in
1214 2029 1396 2073 buccam
1410 2030 1577 2072 venerit
1593 2027 1746 2083 celem,

366 2109 410 2144 et
431 2098 616 2157 gaudeo,
641 2099 743 2158 quia
764 2099 822 2143 sic
845 2099 923 2142 tibi
945 2098 1112 2158 placeo.
1136 2098 1266 2158 Apud
1289 2114 1419 2159 quem
1449 2099 1582 2157 igitur
1605 2098 1748 2143 liben-

366 2170 452 2214 tius
478 2170 703 2229 ineptiam,
729 2184 858 2228 quam
878 2169 949 2213 cui
976 2168 1202 2228 displicere
1229 2185 1318 2214 non
1348 2171 1558 2229 possum?
1580 2178 1624 2214 at
1650 2169 1684 2213 si
1705 2170 1748 2213 in

365 2248 579 2299 potestate
601 2238 789 2283 fortunae
811 2248 890 2293 est,
905 2240 1185 2283 uthominem
1201 2249 1316 2283 amet
1336 2241 1484 2294 homo,
1504 2240 1604 2284 vide
1617 2254 1748 2300 quam
1780 2271 1781 2274 η

367 2310 520 2353 beatus
541 2310 638 2363 sim,
663 2309 736 2368 qui
760 2308 814 2352 de
836 2307 1024 2352 fortuitis
1042 2318 1128 2352 tam
1159 2309 1346 2353 multum
1369 2310 1560 2368 gaudeo,
1587 2319 1628 2353 et
1652 2309 1746 2354 talia
1770 2325 1776 2350 :

367 2379 499 2433 bona,
521 2379 674 2433 fateor,
696 2378 892 2422 desidero
914 2379 1019 2422 mihi
1052 2379 1237 2423 ubertim
1262 2396 1517 2425 accrescere.
1545 2383 1746 2424 Fortunae
1771 2410 1773 2417 ι

370 2460 515 2495 autem
540 2451 655 2495 bona
677 2451 886 2495 verissimi
909 2451 1119 2509 sapientes
1139 2485 1150 2506 ,
1175 2467 1283 2512 quos
1301 2452 1412 2496 solos
1434 2453 1584 2496 beatos
1608 2450 1672 2496 fas
1693 2463 1745 2496 est

372 2523 542 2578 vocari,
580 2538 660 2567 nec
690 2523 832 2567 timeri
863 2522 1123 2578 voluerunt,
1158 2539 1238 2569 nec
1266 2524 1390 2583 cupi,
1421 2539 1475 2568 an
1509 2523 1674 2583 cupiri,
1703 2518 1749 2614 tui
1784 2530 1785 2570 Ξ

1744 2646 1747 2695 Ι

1742 2734 1746 2887 ἕ

1741 2895 1744 2954 l
