1790 3187
325 247 406 286 488
732 259 763 286 s.
801 260 1028 287 aucus-rim
1060 261 1238 287 nmscom

323 323 462 381 guinis
477 324 624 383 ipsius,
642 333 685 366 et
705 324 738 367 si
759 322 865 384 quid
883 322 999 368 aliud
1025 325 1069 367 in
1094 324 1318 383 Scripturis
1332 323 1547 368 canonicis
1562 337 1680 367 com-

322 394 567 447 mendatur,
593 395 777 453 exceptis
804 394 853 438 iis
874 410 971 454 quae
997 395 1242 438 servitutem
1269 393 1416 453 populi
1438 394 1588 437 veteris
1606 409 1682 452 pro

322 465 603 523 congruentia
632 465 771 508 cordis
794 464 965 509 illorum
991 476 1032 509 et
1050 464 1287 524 prophetici
1310 464 1510 523 temporis
1532 479 1682 508 onera—

323 536 442 588 bant,
463 551 560 594 quae
578 544 619 578 et
643 535 687 578 in
706 536 898 594 quinque
921 534 1040 578 libris
1060 535 1198 592 Moysi
1221 533 1523 593 leguntur.llla
1542 543 1681 577 autem

320 621 417 665 quae
452 621 539 649 non
575 605 747 665 scripta,
773 606 847 649 sed
875 607 1030 650 tradita
1060 606 1341 657 custodimus,
1375 621 1471 664 quae
1508 605 1683 663 quidem

318 684 411 719 toto
433 684 642 719 terrarum
666 676 768 719 orbe
792 686 1031 729 servantur,
1056 677 1183 719 datur
1215 675 1395 734 intelligi
1417 674 1484 718 vel
1512 674 1566 717 ab
1588 675 1686 732 ipsis

316 745 546 804 Apostolis‚
570 745 638 789 vel
656 745 854 804 plenariis
877 745 1077 791 Conciliis
1096 781 1105 799 ‚
1131 761 1317 805 quorum
1340 755 1402 789 est
1430 745 1473 787 in
1494 743 1682 788 Ecclesia

313 815 593 859 saluberrima
627 816 877 872 auctoritas,
903 816 1202 861 commendata
1231 826 1359 875 atque
1390 824 1548 859 statuta
1581 814 1683 857 reti-

315 887 421 941 neri,
445 886 568 930 sicuti
591 887 709 947 quod
732 888 899 931 Domini
930 889 1066 946 passio
1089 897 1130 931 et
1154 886 1404 931 resurrectio
1427 895 1469 930 et
1497 885 1685 929 ascensio

314 956 357 999 in
373 955 549 1011 coelum,
562 966 603 999 et
618 957 827 1000 adventus
843 957 897 1000 de
910 957 1021 1001 coelo
1038 959 1217 1017 Spiritus
1231 957 1382 1011 sancti,
1399 956 1683 1000 anniversaria

316 1026 586 1071 solemnitate
600 1026 888 1084 celebrantur,
910 1030 1000 1072 etsi
1018 1028 1121 1088 quid
1140 1029 1255 1073 aliud
1276 1029 1358 1072 tale
1373 1025 1683 1086 occurritquod

313 1106 506 1140 servatur
526 1096 580 1139 ab
599 1097 810 1152 universa,
834 1114 1109 1157 quacumque
1130 1114 1172 1141 se
1194 1098 1402 1142 diffundit
1419 1096 1622 1140 Ecclesia.

373 1170 429 1211 ΙΙ.
445 1166 536 1212 Alia
553 1183 654 1212 vero
672 1184 769 1230 quae
784 1185 858 1228 per
878 1169 971 1213 loca
990 1179 1199 1213 terrarum
1218 1170 1498 1228 regionesque
1515 1167 1684 1210 vai-ian»

314 1246 400 1292 tur,
432 1239 556 1283 sicuti
591 1249 653 1283 est
678 1240 797 1299 quod
827 1240 897 1283 alii
927 1241 1126 1300 jejunant
1149 1240 1346 1293 sabbato,
1382 1238 1453 1282 alii
1473 1254 1559 1282 non
1581 1257 1590 1282 ;
1616 1237 1684 1280 alii

311 1309 506 1368 quotidie
527 1312 851 1356 communicant
887 1313 1056 1371 corpori
1090 1322 1132 1355 et
1154 1311 1353 1369 sanguini
1385 1311 1583 1364 Domini,
1614 1308 1683 1352 alii

311 1380 436 1423 certis
459 1381 611 1425 diebus
642 1383 856 1442 accipiunt
878 1403 886 1428 :
908 1383 1009 1427 alibi
1032 1383 1177 1427 nullus
1201 1383 1289 1427 dies
1321 1382 1683 1443 praetermittitur,

311 1467 399 1510 quo
432 1468 519 1495 non
548 1453 770 1508 offeratur,
812 1454 911 1498 alibi
946 1455 1127 1499 sabbato
1160 1465 1329 1499 tantum
1362 1464 1405 1498 et
1444 1453 1682 1501 Dominico,

309 1521 412 1564 alibi
441 1531 611 1567 tantum
644 1525 868 1569 Dominico
896 1545 904 1570 :
930 1535 972 1569 et
994 1527 1026 1569 si
1051 1527 1155 1586 quid
1176 1525 1294 1569 aliud
1317 1524 1567 1584 hujusmodi
1589 1523 1683 1566 ani-

310 1593 521 1637 madverti
556 1604 711 1653 potest,
752 1605 890 1639 totum
918 1597 1000 1640 hoc
1018 1613 1168 1655 *genus
1199 1612 1343 1640 rerum
1371 1596 1526 1639 liberas
1554 1595 1686 1638 habet

309 1664 629 1709 observationes
650 1685 659 1710 :
684 1681 764 1709 nec
787 1667 1008 1726 disciplina
1039 1667 1127 1711 ulla
1150 1677 1211 1711 est
1236 1667 1281 1710 in
1311 1667 1376 1710 his
1399 1666 1550 1710 melior
1568 1664 1686 1723 gravi

312 1733 603 1795 prudentique
621 1737 879 1791 Christiano,
895 1753 1023 1797 quam
1040 1747 1154 1781 uteo
1172 1737 1303 1782 modo
1321 1746 1435 1795 agat,
1452 1752 1540 1795 quo
1562 1749 1687 1794 agere

310 1804 465 1849 viderit
497 1805 718 1850 ecclesiam
753 1807 806 1851 ad
829 1823 958 1867 quem
987 1806 1099 1851 forte
1132 1807 1366 1851 devenerit.
1411 1806 1539 1860 Quod
1573 1806 1684 1849 enim

311 1891 453 1935 neque
475 1887 624 1921 contra
648 1877 795 1932 fidem,
817 1893 959 1938 neque
980 1889 1127 1922 contra
1152 1880 1288 1923 bonos
1315 1893 1455 1922 mores
1476 1892 1565 1921 esse
1585 1891 1688 1920 cou—

312 1946 514 2001 vincitur,
553 1947 852 1992 indifferenter
884 1960 946 1994 est
974 1950 1243 2003 habendum,
1269 1959 1311 1992 et
1336 1959 1512 2008 propter
1537 1961 1686 1991 eorum

313 2017 425 2059 inter
443 2033 551 2076 quos
564 2018 723 2061 vivitur
735 2019 981 2063 societatem
1004 2021 1262 2064 servandum
1279 2030 1356 2063 est.

374 2090 456 2131 Ill.
479 2088 619 2132 Credo
637 2099 678 2132 te
702 2089 934 2149 aliquando
957 2106 1007 2134 ex
1020 2106 1088 2134 me
1102 2090 1292 2145 audisse,
1310 2090 1384 2134 sed
1403 2100 1547 2133 tamen
1561 2089 1689 2132 etiam

315 2173 432 2202 nunc
452 2173 758 2204 commemoro.
780 2164 918 2205 Mater
939 2177 1032 2205 mea
1050 2161 1344 2206 Mediolanum
1359 2177 1427 2205 me
1441 2169 1686 2214 consecuta,

314 2228 479 2272 invenit
500 2229 722 2273 ecclesiam
748 2232 929 2276 sabbato
953 2248 1039 2276 non
1057 2233 1324 2292 jejunantem
1340 2267 1351 2287 ,
1376 2241 1567 2291 coeperat
1589 2246 1689 2290 per-

316 2299 481 2342 turbari
503 2309 545 2344 et
568 2301 779 2345 fluctuare
800 2301 907 2360 quid
929 2312 1072 2361 ageret
1096 2323 1104 2347 :
1130 2318 1229 2347 cnm
1248 2318 1326 2360 ego
1345 2302 1445 2346 talia
1464 2317 1550 2346 non
1569 2317 1689 2345 cura·

315 2369 438 2424 ham,
469 2370 542 2414 sed
572 2381 749 2431 propter
782 2373 916 2432 ipsam
940 2374 1138 2417 consului
1168 2373 1223 2417 de
1256 2375 1335 2417 hac
1366 2389 1411 2416 re
1434 2372 1689 2416 beatissimae

317 2441 535 2484 memoriae
557 2442 698 2485 virum
720 2443 995 2487 Ambrosium
1023 2464 1031 2488 ;
1057 2445 1276 2503 respondit
1293 2444 1397 2486 mihi
1417 2443 1524 2486 nihil
1547 2458 1590 2485 se
1607 2441 1688 2485 do-

316 2525 411 2554 cere
433 2527 501 2554 mc
518 2527 660 2570 posse,
682 2514 761 2556 nisi
784 2514 902 2573 quod
924 2515 1012 2573 ipse
1034 2515 1216 2570 faceret,
1239 2515 1339 2574 quia
1362 2515 1395 2558 si
1414 2513 1566 2557 melius
1586 2528 1688 2555 nos·-

316 2591 376 2625 set
389 2617 399 2631 ,
419 2581 463 2625 id
480 2583 622 2640 potius
638 2584 899 2629 observaret.
917 2586 1117 2644 Cumque
1131 2601 1210 2643 ego
1227 2595 1442 2643 putassem
1460 2582 1580 2628 nulla
1595 2581 1687 2626 red-
