1790 3187
535 182 731 212 musa-om
765 185 906 213 xxxii.
1337 181 1421 220 369

146 249 276 293 Haud
300 247 462 307 duplex
486 249 564 293 uni
585 249 767 294 servitus
797 259 861 295 est
889 249 1085 296 domino.

91 322 262 372 Quanta
284 320 445 364 etenim
470 319 584 365 coelo
605 336 653 365 ac
683 321 806 365 terris
828 320 1048 378 distantia,
1073 330 1193 367 tanta
1210 332 1275 369 cst

151 391 329 435 caesaris
352 400 395 435 et
416 391 578 436 Christi
595 391 725 436 rebus
747 401 790 435 et
815 393 1022 452 imperiis.

93 460 260 505 Tollere
283 462 434 517 humo,
459 462 538 507 sed
559 478 678 507 nunc
699 463 806 507 dum
828 464 1001 522 spiritus
1023 466 1102 510 hos
1124 465 1235 525 regit
1256 475 1391 522 artus,

148 535 295 577 Mente
322 533 473 592 polum
496 543 692 592 penetra,
709 534 770 577 nil
787 549 907 579 mora
929 536 1070 580 carnis
1092 536 1230 581 obest.

88 605 315 663 Corporeis
332 606 422 665 jam
445 620 564 649 nunc
581 619 749 648 morere
767 605 953 660 actibus,
979 615 1023 650 et
1039 606 1155 652 bona
1176 608 1279 653 vitae

147 675 350 720 Coelestis
371 675 541 736 liquido
564 675 868 735 praemeditare
892 678 1053 722 animo.

91 745 274 804 Spiritus
296 761 355 800 es,
377 762 632 806 quanquam
658 747 843 791 tenearis
863 761 1062 807 corpore,
1088 748 1123 793 si
1141 764 1259 794 nunc

146 819 294 861 Mente
310 818 379 876 pia
398 818 539 862 victor
555 818 696 862 carnis
711 833 820 877 opus
838 818 1041 876 perimas.

92 888 194 931 Haec
215 887 294 931 tibi
315 888 445 932 chare
470 904 578 947 puer
597 887 687 932 fido
706 888 958 946 compulsus
981 904 1128 932 amore

147 959 320 1017 Scripsi,
347 959 381 1002 si
408 958 563 1017 recipis
590 957 825 1017 suscipiere
848 961 954 1002 Deo.

85 1028 226 1074 Crede
248 1029 546 1088 Augustinum
569 1029 649 1072 tibi
673 1044 792 1073 nunc
815 1029 861 1072 in
884 1043 955 1073 me
972 1029 1258 1087 geminatum,

147 1102 278 1145 Sume
297 1099 407 1144 duos
429 1115 518 1144 una
533 1114 635 1144 cum
658 1100 820 1158 pictate
838 1109 997 1159 patres.

87 1172 341 1231 Spernimur
358 1174 373 1214 ⁶?
391 1171 651 1216 abstraheris
675 1173 840 1231 majore
862 1170 1015 1215 dolore
1038 1171 1214 1217 duobus
1241 1192 1250 1216 ι

143 1243 390 1286 Audimur?
407 1243 565 1302 pignus
590 1240 721 1286 dulce
744 1242 919 1286 duobus
938 1243 1034 1286 eris.

89 1316 137 1357 [n
159 1323 202 1358 te
216 1314 315 1359 laeta
332 1324 507 1375 patrum
525 1313 700 1359 sudavit
722 1330 828 1359 cura
846 1313 1054 1370 duorum,

142 1387 199 1430 Et
221 1386 300 1429 tihi
323 1401 506 1445 magnus
522 1386 663 1430 honos
685 1385 927 1430 laetificasse
950 1386 1077 1430 duoS.

86 1455 170 1501 Sed
192 1472 260 1500 me
283 1458 544 1516 Augustino,
565 1472 665 1502 cum
689 1456 865 1516 copulo,
900 1472 990 1501 non
1013 1455 1269 1500 meritorum

143 1530 267 1573 Jacto
286 1544 450 1588 parem,
473 1529 565 1573 solo
586 1544 793 1588 comparo
812 1543 957 1573 amore
979 1527 1062 1582 tui,

83 1600 192 1643 Nam
215 1600 321 1659 quid
343 1615 446 1660 ergo
468 1600 711 1655 effundam,
738 1615 887 1645 rorans
907 1599 988 1643 tibi
1011 1613 1204 1659 paupere
1220 1598 1343 1645 rivo‘?

141 1673 213 1715 Me
235 1681 409 1731 praeter,
437 1672 611 1731 gemino
634 1671 817 1715 flumine
838 1669 1069 1730 prolueris,

84 1744 235 1785 Frater
254 1743 436 1801 Alypius
452 1752 532 1797 est,
560 1742 918 1801 Augustinusque
940 1741 1161 1800 magister,

145 1813 376 1871 Sanguinis
397 1814 466 1857 hic
488 1827 679 1867 consors,
702 1812 773 1857 hic
795 1821 910 1856 sator
927 1812 1106 1871 ihgenii.

86 1886 117 1927 Τ
121 1894 224 1929 anto
242 1884 374 1929 fratre
395 1884 510 1929 vales
533 1895 575 1929 et
591 1893 860 1944 praeceptore
880 1883 1063 1939 Licenti,

141 1958 198 2000 Et
215 1955 389 2000 dubitas
410 1956 563 2015 pennis
583 1955 742 2000 talibus
773 1964 887 1999 astra
905 1955 1028 2014 sequi
1045 1956 1062 1995 ’ἲ

81 2026 309 2087 Quidquid
333 2042 430 2085 agas
447 2030 565 2085 (nam
583 2036 626 2071 te
648 2042 729 2071 nec
755 2035 900 2086 speret
918 2025 1110 2069 mundus
1131 2024 1339 2081 amicum)

137 2099 235 2143 Non
250 2097 420 2142 daberis
435 2107 579 2153 terrae,
605 2096 752 2141 debita
769 2097 943 2142 Christo
967 2096 1126 2140 anima.

85 2170 150 2212 Tu
168 2168 383 2214 thalamos
405 2168 523 2225 licet,
540 2179 583 2213 et
605 2168 743 2214 celsos
765 2167 986 2213 mediteris
1011 2169 1198 2213 honores

137 2241 264 2285 Nunc
281 2239 387 2284 olim
406 2240 591 2284 Domino
611 2241 839 2284 restituere
865 2248 955 2284 tuo.

83 2311 227 2355 Credo
254 2326 391 2356 unum
409 2311 587 2355 vincent
598 2312 704 2371 justi
721 2311 810 2355 duo
831 2318 1122 2370 peccatorem,

139 2384 195 2425 Et
216 2391 292 2426 tua
309 2382 513 2427 fraternae
532 2391 635 2426 vota
658 2397 805 2441 preces
823 2381 1017 2439 abigent.

86 2453 201 2511 Ergo
220 2454 328 2509 redi,
349 2471 433 2514 qua
458 2469 564 2498 voce
584 2468 756 2512 parenS,
781 2468 868 2512 qua
892 2450 1103 2510 sanguine
1120 2449 1270 2505 frater,

146 2523 288 2567 Ambo
313 2523 552 2569 sacerdotes
571 2532 613 2567 tc
631 2538 822 2567 remeare
841 2522 1017 2582 jubent.

191 2604 319 2634 CXLV.
1213 2592 1262 2630 2&
