1790 3187
297 190 349 216 DE
381 187 569 215 mVEnsis
602 188 759 224 QUAEST.
796 189 945 215 ocToc.
983 189 1148 215 'reims
1366 177 1421 215 40

34 258 201 317 septies.
226 255 338 309 Quia
354 263 397 298 et
419 256 546 298 Pater
567 253 684 298 misit
701 253 861 298 Filium
878 288 889 309 ,
918 262 961 298 et
984 256 1110 298 Pater
1131 252 1178 297 in
1200 251 1313 297 Filio
1336 262 1422 309 est,

36 338 79 374 et
103 329 217 374 dono
245 326 427 386 Spiritus
456 325 592 371 sancti
616 324 671 369 de
694 325 860 384 virgine
882 334 1009 370 natus
1031 333 1109 368 est.
1135 326 1191 368 Et
1215 324 1309 368 haec
1326 333 1428 369 sunt

36 399 141 455 tria,
166 401 291 443 Pater
312 406 356 441 et
383 395 518 440 Filius
549 405 592 440 et
622 395 807 455 Spiritus
830 405 1020 441 sanctus.
1058 394 1224 454 Septies
1250 403 1423 450 autem,

35 468 122 528 ipse
154 469 287 514 homo
320 465 551 527 temporali
580 465 904 525 dispensatione
937 474 1190 525 susceptus,
1223 474 1272 509 ut
1307 466 1429 510 fieret

35 538 340 598 sempiternus.
374 537 445 581 Fit
479 552 582 596 ergo
613 551 780 581 summa
810 537 980 581 numeri
1010 535 1165 595 viginti
1193 551 1352 589 unum,
1385 534 1429 579 id

36 617 123 665 est,
143 608 224 653 tria
244 607 416 668 septies.
446 609 553 651 Haec
575 615 722 651 autem
745 607 931 652 hominis
955 606 1168 666 susceptio
1192 606 1248 649 ad
1266 604 1427 649 libera-

39 679 200 724 tionem
230 677 367 723 valuit
398 675 629 732 Ecclesiae,
655 677 726 722 cui
753 686 884 738 caput
910 687 996 735 est3
1021 686 1071 722 ut
1099 676 1190 736 ipsa
1213 675 1427 729 Ecclesia,

39 758 216 809 propter
239 748 427 794 animam
451 757 494 792 et
525 762 708 808 corpus,
735 748 780 793 in
803 748 955 794 eodem
979 747 1224 807 septenario
1246 761 1431 791 numero

41 829 264 880 reparetur
276 822 308 864 ¹.
324 823 554 864 Ducuntur
569 818 718 878 itaque
735 819 889 878 viginti
905 834 1045 863 unum
1059 819 1232 877 septies,
1254 826 1431 876 propter

38 907 110 937 eos
128 892 204 952 qui
233 907 309 951 per
332 891 608 936 Dominicum
632 891 854 936 hominem
884 890 1149 945 liberantur,
1175 899 1218 934 et
1239 889 1352 932 fiunt
1377 889 1433 932 si-

38 962 130 1007 mul
165 961 657 1022 centum-quadraginta
692 971 872 1021 septem.
915 960 998 1006 Cui
1030 960 1207 1005 additur
1241 961 1433 1004 senarius

40 1048 273 1089 numerus,
306 1034 476 1092 signum
502 1032 806 1092 perfectionis,
840 1033 942 1093 quia
974 1032 1172 1092 partibus
1194 1032 1307 1086 suis,
1334 1047 1434 1091 quae

37 1102 162 1148 illum
197 1104 467 1160 metiuntur,
493 1112 683 1160 constat,
722 1104 780 1148 ita
818 1112 867 1148 ut
906 1101 1015 1146 nihil
1050 1101 1195 1146 minus
1232 1101 1433 1162 nihilque

38 1173 225 1233 amplius
241 1174 502 1220 inveniatur.
526 1173 707 1219 Metitur
729 1173 893 1234 quippe
914 1172 1039 1217 illum
1058 1187 1196 1216 unum
1214 1171 1337 1231 quod
1354 1172 1434 1215 ha-

41 1243 115 1288 bet
132 1245 289 1302 sexies;
314 1253 358 1288 et
379 1244 483 1300 duo,
504 1260 605 1304 quae
620 1244 756 1288 habet
773 1253 838 1288 ter
855 1263 867 1301 3
887 1252 930 1287 et
951 1243 1048 1299 tria,
1070 1258 1169 1302 quae
1189 1242 1254 1285 bis
1269 1242 1404 1286 habet
1423 1260 1431 1286 :

40 1331 140 1373 quae
162 1315 292 1360 simul
314 1315 467 1371 ducta,
495 1330 633 1360 unum
650 1350 660 1370 ,
687 1324 730 1359 et
751 1313 840 1360 duo
858 1323 900 1359 et
922 1314 1025 1369 tria,
1050 1328 1122 1357 sex
1149 1314 1277 1357 fiunt.
1305 1312 1435 1365 Quod

39 1384 221 1443 fortasse
243 1384 296 1430 ad
320 1385 430 1430 illud
451 1387 581 1430 etiam
604 1394 924 1430 sacramentum
945 1380 1159 1444 pertinet,
1181 1381 1301 1442 quod
1320 1386 1434 1427 Deus

37 1465 154 1500 sexta
183 1456 254 1500 die
274 1454 454 1515 perfecit
476 1457 621 1501 omnia
654 1471 784 1516 opera
813 1459 931 1500 sua’2.
966 1453 1034 1498 Ad
1062 1463 1240 1499 centum
1264 1469 1368 1513 ergo
1391 1463 1436 1498 et

39 1525 331 1586 quadraginta
353 1535 521 1585 septem
547 1541 647 1571 cum
670 1541 743 1570 sex
767 1524 984 1571 addideris
999 1559 1010 1579 ,
1036 1524 1156 1584 quod
1181 1534 1242 1569 est
1260 1524 1432 1583 signum

40 1595 345 1655 perfectionis,
377 1598 490 1642 fiunt
523 1595 1157 1657 centum-quinquaginta-tria
1194 1614 1202 1640 :
1243 1595 1318 1655 qui
1351 1611 1435 1639 nu-

41 1681 183 1711 merus
210 1667 393 1726 piscium
427 1668 648 1712 invenitur
667 1703 678 1724 ,
714 1677 862 1727 postea
888 1682 1021 1727 quam
1040 1667 1165 1726 jussu
1194 1666 1366 1710 Domini
1390 1666 1435 1709 in

41 1736 262 1783 dexteram
286 1747 453 1797 partem
477 1740 603 1783 missa
628 1748 730 1784 sunt
754 1738 860 1784 retia
878 1774 888 1793 ,
915 1739 990 1782 ubi
1013 1746 1260 1798 peccatores
1282 1738 1358 1797 qui
1381 1737 1436 1781 ad

40 1809 254 1854 sinistram
278 1810 521 1869 pertinent,
545 1826 633 1856 non
656 1811 957 1856 inveniuntur.

101 1883 299 1933 QuAEscrio
321 1883 481 1925 LVIII.
512 1909 567 1914 —-
592 1890 650 1924 1⁰.
697 1885 885 1926 Joannes
910 1881 1102 1940 Baptista
1118 1914 1129 1936 ,
1164 1878 1434 1925 considerata

43 1950 266 2009 Scriptura
288 1967 388 2010 quae
412 1952 466 1995 de
488 1951 563 1996 illo
581 1952 624 1995 in
643 1952 880 2011 Evangelio
897 1950 1056 2010 legitur
1072 1985 1083 2006 ,
1108 1949 1258 1994 multis
1275 1950 1436 2009 proban

43 2019 202 2064 bilibus
225 2021 499 2066 documentis
527 2037 616 2066 non
640 2022 828 2066 absurde
850 2020 1042 2067 creditur
1066 2021 1306 2081 prophetiae
1338 2037 1434 2080 ges-

45 2099 134 2136 tare
156 2108 411 2151 personam,
430 2103 472 2137 et
494 2109 544 2138 eo
563 2094 747 2138 maxime
763 2094 882 2154 quod
900 2093 954 2140 de
976 2093 1052 2138 illo
1072 2093 1283 2138 Dominus
1298 2092 1404 2138 dicit
1424 2113 1432 2138 :

50 2179 66 2201 «
94 2162 195 2207 Plus
218 2179 348 2223 quam
373 2166 589 2224 Propheta
606 2166 637 2209 3.
667 2184 686 2207 »
721 2165 801 2210 Hic
831 2164 1046 2225 siquidem
1081 2164 1216 2210 totius
1244 2166 1436 2224 prophe-

44 2232 115 2276 tiae
131 2267 141 2286 ,
168 2249 267 2293 quae
285 2235 340 2278 ab
363 2234 538 2280 exordio
562 2237 730 2295 generis
759 2237 939 2281 humani
962 2252 1100 2297 usque
1123 2236 1179 2281 ad
1197 2235 1434 2280 adventum

42 2305 216 2348 Domini
238 2306 292 2349 de
315 2306 500 2352 Domino
524 2306 636 2352 facta
653 2317 739 2362 est,
761 2308 994 2367 imaginem
1015 2316 1166 2366 gestat.
1189 2310 1267 2351 Est
1288 2318 1433 2351 autem

46 2375 268 2434 Evangelii
305 2392 485 2436 persona
508 2379 553 2421 in
581 2379 673 2438 ipso
698 2379 906 2433 Domino,
939 2394 1038 2438 quae
1061 2394 1139 2438 per
1161 2378 1432 2438 prophetiam

47 2448 446 2504 praenuntiabatur,
468 2450 588 2509 cujus
610 2459 792 2508 augetur
815 2449 1064 2509 praedicatio
1084 2465 1161 2511 per
1181 2449 1432 2494 universum

96 2538 104 2553 ¹
125 2531 242 2574 Ephes.
263 2544 296 2571 v,
318 2533 372 2566 23.
393 2550 434 2557 *—-·
451 2540 463 2558 ²
482 2536 562 2567 Gen.
584 2545 616 2574 u,
639 2542 670 2566 2.
690 2551 731 2557 -
748 2532 761 2556 3
784 2534 899 2567 Matth.
922 2546 967 2574 xx,
985 2545 1017 2577 9.

236 2608 366 2638 CXLV.
634 2627 639 2633 -
1219 2600 1241 2635 s'r
