1790 3187
329 217 383 255 46
773 228 803 254 5.
841 229 1071 256 Auensnm
1106 229 1287 256 Enscorl

326 292 535 338 mercedis
565 294 741 337 nomine
775 295 805 335 ¹.
843 293 964 338 Sicut
986 302 1131 338 autem
1160 308 1299 337 unum
1329 302 1373 337 et
1387 292 1477 338 duo
1506 301 1548 337 et
1574 293 1651 336 tria
1671 302 1715 338 et

325 373 516 423 quatuor
537 364 666 408 simul
693 362 844 407 decem
873 364 985 407 fiunt
1003 398 1012 418 ‚
1039 364 1151 408 sicut
1172 377 1311 407 unum
1333 372 1376 407 et
1398 363 1487 408 duo
1509 372 1553 408 et
1574 363 1656 408 tria
1673 372 1716 408 et
1738 384 1740 387 ’

324 444 514 494 quatuor
531 445 686 495 quater
709 434 838 478 ducta
864 434 1150 494 quadraginta
1169 435 1295 478 fiunt.

385 508 445 549 2⁰.
485 507 525 549 Si
548 515 691 549 autem
711 506 1012 564 quaternarius
1034 521 1240 549 numerus
1265 514 1381 550 recte
1410 519 1566 564 corpus
1588 504 1716 562 signi-

324 578 445 633 ficat,
474 586 649 637 propter
672 585 861 636 quatuor
891 576 1130 621 notissimas
1157 585 1358 631 naturas,
1393 576 1556 636 quibus
1586 591 1715 621 cons—

325 657 386 692 tat
406 683 416 703 ,
454 648 610 692 siccam
638 656 681 692 et
708 646 931 691 humidam
949 681 960 702 ‚
985 646 1187 705 frigidam
1210 655 1254 691 et
1287 646 1501 703 calidam3
1528 655 1570 690 et
1596 644 1716 705 quod
1768 684 1770 698 ;

324 718 568 777 progressio
589 733 612 762 a
642 727 806 777 puncto
837 717 892 761 ad
919 716 1239 776 longitudinem
1260 752 1271 771 ‚
1300 732 1323 761 a
1355 716 1631 775 longitudine
1661 715 1716 760 ad
1768 734 1770 785 ᾖ

321 788 602 834 latitudinem
619 825 630 845 ,
652 806 673 833 a
689 789 920 834 latitudine
938 788 993 833 ad
1011 787 1290 833 altitudinem
1303 824 1318 844 ,
1335 788 1594 833 soliditatem
1615 803 1713 832 cor-

322 860 436 919 poris
459 859 562 904 facit
583 895 592 914 ‚
618 876 717 920 quae
740 875 887 904 rursus
909 859 1186 920 quaternario
1213 875 1396 904 numero
1427 859 1680 903 continetur
1702 877 1712 904 :

321 946 410 975 non
434 932 621 975 absurde
643 931 897 989 intelligitur
921 930 1291 991 quadragenarius
1314 944 1521 974 numerus
1543 938 1716 988 tempo-

322 1001 455 1045 ralem
488 1001 850 1061 dispensationem
876 1002 1144 1061 significare,
1172 1016 1270 1061 quae
1303 1016 1383 1060 pro
1405 1000 1544 1045 salute
1567 1008 1714 1044 nostra

323 1080 439 1129 gesta
469 1081 553 1126 est,
584 1088 684 1116 cum
707 1073 917 1116 Dominus
948 1087 1103 1132 corpus
1134 1072 1384 1131 assumpsit,
1417 1079 1460 1114 et
1487 1069 1715 1114 visibiliter

320 1143 572 1187 hominibus
587 1159 792 1202 apparere
809 1144 1012 1203 dignatus
1027 1153 1104 1187 est.
1125 1145 1270 1187 Unum
1287 1143 1401 1186 enim
1418 1152 1461 1186 et
1475 1141 1564 1186 duo
1577 1150 1621 1185 et
1633 1141 1716 1186 tria

320 1221 363 1256 et
375 1222 579 1271 quatuor,
594 1230 693 1272 quae
703 1213 946 1272 significant
958 1216 1208 1258 Creatorem
1219 1222 1262 1257 et
1278 1221 1540 1266 creaturam,
1559 1220 1714 1270 quater

319 1283 476 1339 ducta,
502 1283 548 1327 id
571 1293 649 1339 est,
679 1299 754 1343 per
775 1299 932 1344 corpus
955 1283 1250 1342 temporaliter
1266 1284 1580 1337 demonstrata,
1600 1283 1714 1326 fiunt

319 1353 622 1414 quadraginta.
653 1357 762 1399 Nam
791 1355 905 1399 inter
931 1363 1121 1414 quatuor
1143 1363 1186 1399 et
1213 1362 1369 1414 quater
1395 1353 1480 1398 hoc
1502 1353 1709 1407 interest,

318 1425 439 1484 quod
474 1433 661 1483 quatuor
696 1426 741 1468 in
774 1434 890 1469 statu
918 1434 1047 1479 sunt,
1079 1433 1235 1484 quater
1267 1424 1313 1468 in
1345 1433 1484 1468 motu.
1519 1425 1636 1481 Ergo
1662 1431 1713 1466 ut

318 1505 506 1556 quatuor
529 1496 778 1541 referuntur
796 1496 850 1541 ad
872 1511 1052 1556 corpus,
1074 1496 1133 1540 ita
1151 1504 1306 1555 quater
1326 1495 1381 1539 ad
1403 1503 1576 1554 tempus
1604 1512 1612 1538 :
1638 1494 1710 1536 in-

318 1567 603 1626 sinuaturque
618 1576 934 1611 sacramentum
949 1565 1230 1625 corporaliter
1247 1574 1289 1609 et
1307 1564 1604 1624 temporaliter
1619 1578 1711 1622 ges-

319 1646 412 1680 tum
433 1673 442 1692 ‚
467 1647 647 1698 propter
663 1653 736 1682 eos
753 1638 829 1698 qui
851 1653 1082 1697 corporum
1107 1652 1253 1681 amore
1270 1636 1479 1695 implicati
1501 1643 1645 1689 erant,
1666 1644 1709 1679 et

319 1710 582 1768 temporibus
620 1708 796 1753 subditi.
836 1708 1212 1767 Quadragenarius
1251 1723 1355 1767 ergo
1388 1722 1624 1762 numerus,
1657 1715 1708 1750 ut
1764 1717 1766 1727 ·

316 1779 499 1834 dictum,
525 1780 810 1838 temporalem
830 1780 964 1838 ipsam
982 1780 1348 1838 dispensationem
1364 1794 1453 1822 non
1467 1778 1707 1835 incongrue

316 1851 556 1909 significare
572 1850 779 1894 creditur.
802 1852 857 1894 Et
879 1849 1061 1894 fortasse
1074 1850 1158 1894 hoc
1174 1858 1238 1893 est
1254 1884 1264 1902 ‚
1282 1849 1403 1909 quod
1417 1847 1706 1910 quadraginta
1770 1897 1771 1901 Ἰ

316 1919 405 1964 dies
432 1921 640 1965 Dominus
666 1920 879 1980 jejunavit
898 1922 907 1944 ¹
929 1955 939 1974 ,
965 1919 1110 1964 saeculi
1132 1920 1262 1978 hujus
1279 1954 1289 1974 ‚
1318 1919 1438 1979 quod
1460 1928 1584 1963 motu
1606 1933 1706 1962 cor-
1764 1920 1771 1984 5'

316 2005 472 2049 porum
494 1999 538 2034 et
563 1990 828 2049 temporibus
851 1990 1012 2048 agitur,
1032 1988 1264 2034 ostendens
1283 1989 1475 2049 inopiam
1499 2007 1508 2034 x
1530 1998 1573 2033 et
1591 2003 1704 2048 qua-
1764 2018 1767 2032 ι

316 2060 515 2119 draginta
545 2061 636 2104 dies
660 2069 758 2120 post
786 2060 1144 2105 resurrectionem
1170 2075 1269 2104 cum
1305 2059 1526 2119 discipulis
1560 2058 1701 2115 fuit²‚

315 2133 427 2177 hanc
458 2133 594 2192 ipsam
612 2168 622 2188 ,
659 2133 764 2187 illis,
803 2132 934 2176 credo
958 2167 968 2187 ,
1003 2132 1362 2191 dispensationem
1388 2130 1670 2190 temporalem
1689 2165 1700 2186 ,

314 2218 446 2263 quam
469 2219 547 2263 pro
565 2203 703 2247 salute
722 2212 867 2247 nostra
891 2202 1041 2261 gessit,
1066 2203 1304 2248 insinuans.
1326 2201 1704 2259 Quadragenarius
1764 2214 1767 2243 3

315 2283 462 2318 autem
504 2289 739 2329 numerus,
775 2274 970 2333 partibus
1003 2275 1112 2329 suis,
1144 2289 1244 2333 quae
1277 2273 1401 2317 illum
1437 2273 1699 2326 metiuntur,

314 2346 596 2404 computatis,
619 2360 756 2405 usque
776 2345 831 2389 ad
852 2345 1271 2405 quinquagenarium
1295 2335 1526 2388 nuinerum
1546 2358 1701 2402 perve-
1764 2372 1767 2397 ς

315 2416 400 2470 nit,
434 2415 624 2475 idipsum
657 2414 990 2474 commendans3
1019 2413 1374 2475 quandoquidem
1403 2415 1505 2473 ipsae
1531 2423 1694 2472 partes,

314 2502 414 2546 quae
439 2485 565 2530 illum
595 2488 857 2541 metiuntur,
881 2485 1070 2546 aequales
1096 2486 1210 2530 inter
1238 2500 1282 2529 se
1313 2493 1444 2530 sunt:
1470 2484 1572 2544 quia
1593 2499 1693 2529 cum

365 2579 370 2593 ¹
399 2571 500 2604 Matth
540 2581 683 2609 1V‚¹2.-
712 2578 724 2593 ²
757 2573 826 2603 Aet.
859 2584 881 2608 r,
911 2571 941 2603 3.

1764 2433 1767 2477 J

1764 2499 1767 2550 ἰ
