1790 3187
361 154 440 191 158
787 167 819 190 s.
856 163 1086 189 AI‘GUSTIM
1121 163 1301 190 EPlscol’l
1759 133 1762 186 l

360 248 379 270 »
406 231 450 272 in
483 246 569 288 qua
591 228 916 281 detinebamur,
942 228 997 270 ita
1028 236 1077 270 ut
1109 228 1342 271 serviamus
1362 228 1406 271 in
1429 229 1618 272 novitate
1643 231 1728 287 spi-

359 317 379 340 »
406 300 535 353 ritus,
573 307 616 342 et
649 314 735 342 non
773 297 818 340 in
852 305 1063 341 vetustate
1093 295 1270 351 litterae,
1299 315 1319 338 »
1352 297 1387 340 si
1413 297 1480 341 lex
1508 298 1622 342 bona
1645 301 1730 343 est?

356 371 566 423 Quoniam
585 369 652 413 lex
673 368 814 412 littera
834 377 896 411 est
924 368 1006 421 eis,
1029 369 1103 427 qui
1120 383 1209 412 non
1228 382 1321 411 eam
1341 367 1524 426 implent
1544 383 1620 427 per
1646 369 1738 428 spi--

356 441 485 484 ritum
505 440 724 484 charitatis
739 473 750 493 ,
785 453 872 498 quo
892 439 1078 497 pertinet
1102 433 1424 482 Testamentum
1453 454 1630 483 novum.
1652 441 1732 484 Ita÷

355 526 440 570 que
462 510 622 554 mortui
647 518 823 568 peccato
844 507 1082 552 liberantur
1117 524 1138 551 a
1169 507 1310 552 littera
1327 543 1338 562 ,
1371 523 1456 567 qua
1486 507 1731 554 detinentur

356 581 415 624 rei
444 581 520 639 qui
548 596 635 624 non
664 578 848 637 implent
875 578 993 637 quod
1018 579 1224 637 scriptum
1252 587 1328 621 est.
1365 580 1454 621 Lex
1487 579 1599 622 enim
1630 579 1755 638 quidss

355 650 473 694 aliud
492 666 621 709 quam
642 649 729 693 sola
753 649 895 692 littera
918 657 981 691 est
998 648 1055 691 eis
1075 682 1086 702 ,
1111 648 1185 707 qui
1211 663 1304 690 eam
1326 647 1468 705 legere.
1490 657 1729 704 noverunt,
1752 583 1759 912 Ι

355 731 397 764 et
419 721 598 780 implere
618 736 703 764 non
730 720 938 779 possunt?
957 721 1053 763 Non
1074 719 1188 762 enim
1212 719 1434 776 ignoratur
1456 719 1510 762 ab
1532 718 1613 773 eis,
1639 719 1733 778 qui-

357 792 435 844 bus
457 791 699 850 conscripta
723 800 786 834 est
807 809 815 834 ε
841 789 914 832 sed
944 790 1148 849 quoniam
1179 790 1224 832 in
1247 798 1419 833 tantum
1448 799 1549 834 nota
1582 798 1666 844 est,
1691 791 1754 834 inr

355 871 569 922 quantum
588 861 745 919 scripta
762 860 919 917 legitur
939 894 949 914 ,
983 875 1070 903 non
1093 860 1137 902 in
1156 869 1367 920 quantum
1387 859 1542 904 dilecta
1564 860 1733 918 perfici-

356 941 427 976 tur
443 967 453 987 ,
476 931 585 975 nihil
605 941 668 975 est
689 931 805 974 aliud
827 930 982 974 talibus
1000 930 1081 973 nisi
1097 929 1237 974 littera
1257 951 1266 986 3
1292 946 1390 989 quae
1412 930 1552 974 littera
1570 946 1659 974 non
1675 939 1734 983 est

1749 1568 1752 1605 l

1787 995 1790 1070 i

1786 1075 1790 1131 ι

356 1003 542 1062 adjutrix
564 1001 798 1059 legentium
815 1037 826 1055 ,
851 1001 923 1045 sed
957 1001 1075 1045 testis
1102 1002 1389 1060 peccantium.
1423 1002 1492 1045 Ab
1520 1002 1609 1060 ejus
1637 1015 1734 1059 ergo

356 1075 633 1118 damnatione
657 1073 923 1126 liberantur,
947 1073 1023 1132 qui
1042 1087 1117 1130 per
1148 1073 1348 1131 spiritum
1372 1072 1663 1126 innovantur,
1687 1080 1736 1117 ut

351 1150 439 1206 jam
470 1161 557 1189 non
586 1145 669 1188 sint
694 1144 871 1201 obligati
895 1143 1051 1187 litterae
1081 1145 1135 1186 ad
1157 1159 1332 1203 poenam
1352 1178 1362 1197 ,
1398 1143 1472 1186 sed
1498 1142 1735 1187 intellectui
1787 1166 1790 1192 ι

358 1231 432 1275 per
449 1215 661 1274 justitiam
683 1213 889 1272 copulati.
914 1213 1021 1256 Inde
1041 1222 1104 1257 est
1121 1223 1163 1256 et
1178 1212 1286 1257 illud
1304 1233 1314 1268 ς
1341 1233 1360 1255 «
1381 1213 1540 1257 Littera
1561 1212 1731 1269 occidit,
1787 1232 1790 1266 3

359 1305 378 1327 ι)
404 1287 578 1344 spiritus
597 1294 740 1328 autem
763 1284 989 1328 vivificat1.
1018 1302 1036 1323 »
1064 1287 1149 1327 Lex
1171 1284 1283 1327 enim
1307 1283 1611 1328 tantummodo
1628 1284 1736 1328 lecta
1787 1292 1790 1317 ¹

355 1367 397 1400 ct
421 1373 508 1401 non
532 1356 749 1399 intellecta
778 1354 847 1398 vel
874 1370 961 1398 non
996 1354 1173 1413 impleta
1193 1390 1203 1408 ,
1235 1355 1386 1414 utique
1417 1354 1575 1398 occidit
1601 1374 1609 1399 ;
1635 1363 1735 1399 tunc

355 1429 467 1471 enim
495 1425 736 1485 appellatur
766 1425 922 1468 littera.
961 1425 1143 1483 Spiritus
1175 1433 1320 1467 autem
1358 1424 1606 1481 vivificat²3
1639 1425 1736 1484 quia

359 1497 583 1556 plenitudo
613 1496 717 1553 legis
748 1505 812 1539 est
832 1495 1042 1548 charitas,
1068 1511 1166 1554 quae
1192 1495 1350 1538 diffusa
1382 1496 1509 1539 estin
1536 1494 1736 1540 cordibus
1787 1498 1790 1561 ξ

359 1568 510 1611 nostris
533 1582 607 1625 per
629 1566 836 1625 Spiritum
854 1575 1047 1609 sanctum
1063 1600 1072 1618 ,
1094 1566 1168 1625 qui
1191 1565 1317 1609 datus
1333 1574 1395 1609 est
1418 1566 1542 1610 nobis
1557 1568 1588 1609 3.
1788 1567 1790 1584 ²

416 1641 612 1690 Qrzflsuo
642 1639 698 1679 ΙΙ.
726 1663 778 1667 —
810 1639 866 1678 1⁰.
906 1635 989 1679 Sed
1018 1637 1130 1694 jam,
1157 1645 1206 1679 ut
1236 1636 1447 1690 arbitror,
1480 1646 1651 1695 tempus
1677 1612 1752 1691 esti

357 1708 411 1751 ad
444 1708 570 1751 aliam
601 1706 778 1749 transire
800 1707 1107 1765 quaestionem,
1131 1722 1263 1766 quam
1295 1707 1353 1751 sic
1376 1709 1665 1766 proposuisti,
1690 1717 1737 1752 ut

357 1780 411 1823 ab
429 1794 480 1822 eo
498 1777 616 1837 quod
639 1779 844 1835 scriptum
863 1786 924 1820 est
942 1813 951 1827 ‚
982 1797 1001 1818 «
1025 1780 1120 1822 Non
1145 1776 1282 1822 solum
1308 1787 1474 1833 autem,
1500 1779 1575 1823 sed
1593 1789 1633 1823 et
1651 1781 1735 1823 Re·
1785 1802 1790 1823 ι

361 1868 379 1890 »
410 1849 538 1892 becca
560 1864 610 1891 ex
632 1864 719 1891 uno
734 1847 971 1891 concubitu
991 1848 1154 1891 habens
1174 1852 1289 1892 Isaac
1311 1850 1439 1907 patris
1458 1850 1607 1893 nostri.
1627 1851 1735 1896 Cum

362 1939 380 1961 »
408 1921 521 1962 enim
551 1918 746 1962 nondum
786 1918 874 1961 nati
897 1928 1057 1972 essent,
1084 1934 1225 1977 neque
1254 1919 1417 1979 aliquid
1449 1921 1634 1979 egissent
1660 1921 1749 1980 bos

362 2010 380 2031 »
410 2007 513 2034 num
543 2001 617 2034 aut
640 1989 832 2033 malum⁴
867 2008 876 2033 ι
905 2008 924 2030 »
952 2005 1089 2049 usque
1117 1991 1171 2033 ad
1200 1990 1242 2034 id
1266 1991 1386 2050 quod
1414 1992 1622 2050 scriptum
1647 2000 1732 2046 est,

361 2081 380 2102 «
407 2061 494 2105 Nisi
525 2060 732 2103 Dominus
772 2059 960 2103 Sabaoth
998 2059 1237 2118 reliquisset
1268 2061 1390 2104 nobis
1428 2077 1601 2116 semen,
1629 2062 1736 2106 sicut

361 2152 378 2171 »
408 2129 591 2175 Sodoma
614 2129 718 2174 facti
738 2145 948 2184 essemus,
976 2140 1017 2173 et
1049 2130 1160 2173 sicut
1180 2132 1421 2175 Gomorrha
1443 2130 1599 2176 similes
1629 2130 1733 2176 fuis-

361 2221 378 2242 »
405 2203 573 2245 semus⁵
598 2221 607 2245 ;
637 2220 654 2241 n
684 2209 771 2244 tota
793 2201 881 2259 ipsa
899 2201 1117 2245 contextio
1138 2201 1392 2260 disseratur,
1411 2212 1452 2246 et
1468 2203 1662 2262 profecto
1677 2211 1748 2255 est1
1788 2238 1790 2243 .

358 2272 625 2316 latebrosior.
664 2272 746 2317 Sed
769 2281 884 2315 certe
902 2306 913 2326 ,
939 2270 1112 2330 qualem
1144 2281 1183 2315 te
1208 2288 1305 2331 erga
1335 2289 1404 2316 me
1433 2274 1556 2328 novi,
1584 2261 1747 2333 jubere*
1786 2273 1790 2318 l

361 2342 464 2385 mihi
483 2351 531 2386 ut
553 2342 762 2401 aperirem
783 2342 862 2385 ista
884 2357 972 2386 non
996 2357 1137 2400 posses
1153 2376 1163 2395 ,
1190 2342 1268 2386 nisi
1291 2359 1314 2386 a
1334 2344 1516 2388 Domino
1531 2343 1734 2403 depreca-
1785 2359 1790 2385 ,⁴

408 2450 415 2464 ¹
438 2452 457 2475 2
477 2444 547 2475 Cor.
568 2454 616 2481 ιιι,
634 2444 666 2474 6.
684 2459 725 2464 -
740 2448 752 2464 ²
774 2443 868 2474 Rom.
888 2453 954 2482 xm,
977 2451 1083 2474 10.-
1101 2441 1115 2464 3
1135 2442 1179 2474 ld.
1200 2453 1231 2484 v,
1263 2444 1293 2474 5.
1313 2460 1352 2466 —-—
1368 2442 1383 2473 4
1402 2444 1448 2476 ld.
1471 2455 1516 2485 ix,
1541 2455 1577 2476 ιο
1597 2449 1630 2477 et
1649 2453 1745 2488 seqq-k
1786 2458 1789 2474 ι

360 2515 399 2521 -—-
415 2496 427 2520 5
446 2498 526 2530 lbid.
545 2506 599 2540 29.
1742 2492 1744 2527 ἒ
