1790 3187
335 217 415 255 388
763 229 795 252 s.
833 223 1063 253 Ancusnm
1095 226 1277 254 nmscom

328 293 524 351 jejunare
545 289 589 332 in
614 290 812 341 homine,
837 289 976 348 qualis
999 289 1141 333 fuerat
1161 289 1234 333 ilie
1257 290 1520 344 Pharisaeus,
1546 288 1712 335 infruc—

332 371 506 405 tuosum
529 368 618 414 est3
652 359 695 401 in
722 358 899 401 homine
930 367 1075 402 autem
1101 359 1324 403 humiliter
1345 359 1488 413 fideli,
1513 358 1583 403 vel
1606 359 1714 404 fide-

331 430 429 475 liter
461 429 641 483 humili,
674 427 917 485 religiosum
940 438 1003 472 est
1029 447 1038 473 :
1064 429 1261 489 quamvis
1291 428 1548 487 Evangelica
1575 430 1713 488 scrip·

330 511 426 546 tura
449 517 536 545 non
559 499 714 543 dixerit
738 498 994 543 damnatum
1018 501 1280 545 Pharisaeum
1298 534 1310 555 ‚
1336 499 1412 544 sed
1434 500 1566 559 magis
1582 500 1714 560 justi-

329 573 507 617 ficatum
528 569 636 614 dixit
657 568 962 613 Publicanum.

387 645 510 686 VIII.
554 643 715 684 Verum
753 641 786 683 si
826 641 908 684 hoe
942 640 1073 684 modo
1110 649 1236 698 putat
1268 641 1347 684 iste
1382 639 1713 699 intelligendum

326 713 445 773 quod
465 714 523 757 ait
546 712 752 756 Dominus
773 730 782 756 ς
813 730 833 753 «
858 712 944 756 Nisi
968 709 1255 755 abundaverit
1273 711 1437 771 justitia
1458 720 1597 755 vestra
1617 711 1714 770 plus

332 798 507 843 »quam
545 782 791 827 Scribarum
824 790 866 825 et
904 782 1250 835 Pharisaeorum,
1289 797 1379 824 non
1411 780 1627 824 intrabitis
1667 781 1714 825 in

331 871 351 894 »
378 868 560 912 regnum
584 853 797 896 coelorum
814 854 826 877 ¹
846 886 856 906 ‚
883 870 903 890 n
931 862 974 894 et
998 852 1079 895 nisi
1096 851 1281 910 amplius
1298 867 1430 911 quam
1456 852 1517 894 bis
1537 851 1582 894 in
1613 851 1714 894 sab-

327 924 431 968 bato
463 924 734 982 jejunemus,
771 923 853 965 hoc
887 932 1104 981 praecepto
1138 937 1227 966 non
1261 922 1473 981 possimus
1507 921 1714 980 impiere,

328 994 441 1038 bene
463 993 581 1053 quod
604 1002 767 1052 septem
794 992 884 1035 dies
905 1002 1007 1036 sunt
1028 993 1104 1052 qui
1126 993 1350 1036 volumine
1376 1002 1618 1051 temporum
1641 1006 1718 1051 per

326 1080 401 1108 sua
421 1064 599 1121 vestigia
619 1072 893 1106 revocantur.
915 1064 1028 1107 Cum
1051 1079 1154 1121 ergo
1171 1079 1222 1107 ex
1238 1063 1304 1107 his
1328 1063 1510 1106 biduum
1531 1063 1719 1122 quisque

327 1133 586 1186 detraxerit,
617 1147 673 1176 ne
702 1132 881 1175 sabbato
915 1132 1229 1191 Dominicoque
1255 1134 1455 1192 jejunet,
1492 1139 1720 1175 remanent

324 1202 417 1247 dies
439 1203 636 1262 quinque
658 1204 702 1246 in
725 1203 885 1262 quibus
908 1202 1173 1245 Pharisaeum
1197 1217 1400 1260 superare
1422 1203 1554 1261 possit
1585 1202 1650 1245 bis
1673 1202 1720 1245 in

326 1273 506 1317 sabbato
536 1274 823 1333 jejunantem.
868 1276 980 1316 Puto
1013 1272 1129 1315 enim
1161 1272 1280 1332 quod
1315 1273 1347 1316 si
1370 1281 1435 1315 ter
1457 1272 1500 1313 in
1536 1272 1719 1315 sabbato

326 1344 424 1403 quis
440 1345 611 1403 jejunat
629 1377 640 1396 ‚
660 1345 749 1401 jam
772 1352 948 1401 superat
972 1343 1235 1385 Pharisaeum
1253 1376 1263 1396 ‚
1285 1342 1361 1401 qui
1388 1341 1451 1384 bis
1472 1341 1516 1384 in
1536 1341 1717 1386 sabbato
1758 1384 1761 1387 Α

319 1414 562 1474 jejunabat.
584 1412 713 1465 Quod
736 1413 769 1455 si
792 1423 834 1455 et
856 1421 1010 1471 quater
1025 1446 1036 1466 ‚
1057 1411 1128 1456 vel
1145 1412 1273 1455 etiam
1294 1422 1342 1455 ut
1364 1411 1510 1455 nullus
1528 1411 1714 1467 dierum,

327 1494 507 1543 excepto
528 1484 710 1527 sabbato
733 1493 776 1527 et
799 1483 1026 1527 Dominico
1044 1518 1055 1538 ,
1080 1484 1436 1541 praetermittatur
1451 1517 1462 1536 ‚
1487 1483 1530 1526 in
1556 1483 1718 1528 hebdo-

330 1554 456 1598 made
477 1554 709 1614 quinquies
732 1555 955 1613 jvjunetur
974 1588 984 1605 ‚
1011 1555 1130 1613 quod
1158 1555 1283 1597 multi
1309 1563 1400 1598 tota
1431 1555 1518 1598 vita
1541 1570 1617 1598 sua
1651 1553 1718 1599 fa-

326 1626 473 1679 ciunt,
498 1625 745 1668 maximein
770 1624 1037 1667 monasteriis
1060 1625 1283 1668 constituti
1305 1643 1314 1669 z
1337 1640 1425 1668 non
1443 1624 1582 1668 sotum
1605 1625 1719 1668 Pha-

328 1696 475 1738 risaeus
499 1695 574 1754 qui
600 1695 663 1738 bis
690 1695 735 1737 in
762 1695 944 1738 sabbato
963 1696 1214 1754 jejunabat,
1240 1711 1392 1739 verum
1415 1696 1542 1738 etiam
1567 1695 1716 1740 Chris-

331 1765 473 1809 tianus
520 1766 597 1823 qui
634 1775 788 1824 quarta
825 1774 866 1807 et
915 1777 1031 1808 sexta
1079 1775 1123 1807 et
1161 1767 1254 1824 ipso
1298 1766 1478 1808 sabbato
1520 1765 1718 1824 jejunare
1754 1777 1758 1795 ³

330 1835 556 1880 consuevit
575 1869 585 1888 ‚
607 1833 726 1893 quod
750 1834 1000 1894 frequenter
1022 1838 1217 1878 Romana
1237 1834 1355 1893 plebs
1374 1834 1488 1889 facit,
1509 1835 1552 1878 in
1571 1834 1719 1879 labore
1754 1831 1757 1837 ¹

323 1907 477 1966 jejunii
500 1906 776 1965 superabitur
802 1925 811 1950 :
837 1915 879 1949 et
912 1915 1055 1949 tamen
1079 1906 1221 1949 nescio
1253 1907 1349 1966 quis
1371 1907 1473 1960 iste,
1509 1916 1559 1950 ut
1579 1905 1685 1950 dicis
1703 1940 1714 1960 ,

332 1977 515 2021 Urbicus
538 1977 802 2035 disputator,
827 1978 955 2018 etiam
978 1977 1010 2019 si
1029 1976 1125 2034 quis
1147 1977 1342 2035 quinque
1370 1976 1586 2021 continuis
1605 1992 1715 2034 prae-

330 2055 396 2090 ter
422 2047 651 2089 sabbatum
676 2055 718 2087 et
743 2046 1014 2089 Dominicum
1045 2046 1197 2088 diebus
1220 2047 1276 2088 ita
1293 2047 1461 2105 jejunet
1480 2080 1490 2099 ‚
1522 2055 1571 2089 ut
1592 2045 1715 2090 nullo
1752 2040 1755 2045 ¹

330 2115 402 2160 die
432 2116 611 2160 omnino
635 2114 798 2159 reficiat
820 2130 976 2173 corpus
993 2148 1005 2169 ‚
1031 2130 1130 2158 eum
1162 2114 1379 2159 carnalem
1415 2125 1569 2170 vocat,
1594 2116 1716 2175 quasi

331 2187 454 2231 cibus
472 2196 515 2230 et
537 2194 664 2245 potus
686 2186 851 2229 caeteris
872 2185 1026 2228 diebus
1043 2200 1131 2228 non
1149 2186 1361 2244 pertineat
1380 2186 1432 2229 ad
1453 2200 1624 2230 carnem
1642 2206 1654 2243 ;
1671 2195 1715 2230 et
1750 2196 1760 2236 ,’

331 2258 612 2302 ventricolam
633 2258 829 2317 judicat,
854 2258 977 2316 quasi
998 2254 1130 2300 solius
1162 2256 1332 2300 sabbati
1360 2256 1592 2315 prandium
1614 2256 1715 2301 des-

331 2327 489 2371 cendat
507 2327 548 2369 in
567 2336 780 2370 ventrem.

392 2400 470 2441 lx.
509 2398 619 2440 Huic
641 2412 743 2440 sane
765 2411 851 2440 non
871 2395 1028 2439 suflicit
1050 2395 1169 2453 quod
1197 2395 1249 2439 ad
1273 2395 1534 2440 vincendum
1559 2397 1711 2441 Phari-
1749 2382 1762 2430 ',
1789 2405 1790 2412 ¹

331 2483 463 2512 saeum
478 2469 568 2528 jam
586 2467 747 2511 sufficit
759 2502 769 2522 ‚
790 2476 838 2510 ut
856 2475 919 2510 ter
936 2466 980 2510 in
993 2465 1174 2510 sabbato
1183 2467 1422 2525 jejunetur,
1438 2466 1515 2511 sed
1531 2475 1713 2526 excepto

381 2559 386 2572 ¹
411 2551 530 2583 Manui..
562 2563 593 2591 v,
616 2562 668 2582 21.

1754 1810 1758 1827 i

1754 1891 1756 1908 i
