1790 3187
338 215 430 252 200
782 221 812 247 s.
853 220 1078 248 Auous'rtm
1114 221 1291 247 EPISCOP]

338 297 496 348 posset.
522 287 643 345 Opus
665 294 728 330 est
755 285 886 343 igitur
908 284 962 329 ad
983 284 1239 329 solvendam
1263 284 1388 328 istam
1418 277 1737 344 quaestionem,{

341 368 388 403 ut
419 356 700 402 ostendamus
729 355 919 416 aliquem
953 355 1187 415 reprobum
1223 355 1305 399 hoc
1332 354 1497 399 donum
1528 350 1737 403 habuisse'

342 427 583 488 prophetiae
615 445 622 470 :
649 424 770 484 quod
797 426 830 469 si
853 426 1071 470 neminem
1097 425 1413 480 inveniremus,
1438 425 1521 469 hoc
1541 425 1619 469 iste
1639 426 1722 486 ipse

341 497 443 544 Saiil
458 499 558 542 satis
575 496 839 541 ostenderet.
866 496 950 540 Sed
973 504 1118 540 tamen
1143 494 1216 538 ille
1238 495 1367 538 etiam
1390 494 1565 539 Balaam
1584 510 1722 555 repro-

344 570 426 613 bus
442 576 621 627 apparet
637 570 649 593 ¹
673 587 684 625 3
705 581 794 611 non
817 566 932 610 euim
954 581 1052 610 eum
1073 575 1188 609 tacet
1210 565 1428 624 Scriptura
1449 564 1598 609 divino
1614 565 1726 626 judi·
1750 586 1763 598 -’

347 640 415 683 cio
446 654 535 682 esse
561 637 816 682 damnatum
841 655 849 680 :
884 645 927 680 et
955 646 1101 680 tamen
1131 636 1402 694 prophetiam
1432 635 1653 694 habebat3
1686 633 1739 682 et¹
1786 652 1790 676 ε

343 710 446 770 quia
474 710 659 753 charitas
688 709 726 752 ei
754 707 929 761 deerat,
958 707 1097 750 inerat
1119 705 1320 751 voluntas
1342 705 1632 750 maledicendi
1651 722 1726 767 po-

343 780 450 840 pulo
480 779 634 834 Israel,
663 794 795 839 quam
818 777 951 822 hostis
974 777 1114 836 pretio
1141 785 1493 835 comparaverat,
1523 778 1599 836 qui
1632 792 1726 823 eum

345 851 401 896 ad
429 850 781 896 maledicendum
812 849 1010 893 mercede
1033 847 1325 906 conduxerat,
1349 847 1465 893 dono
1491 858 1638 893 tamen
1657 843 1740 896 1110
1785 866 1790 891 :a

349 922 674 983 prophetandi,
712 937 801 982 quo
840 921 1147 981 aspergebatur
1171 955 1182 975 ,
1229 919 1516 965 benedicebat
1556 920 1741 976 invitus„
1785 935 1788 962 1

345 997 435 1040 Nec
457 995 590 1039 verba
612 993 685 1037 illa
708 1007 861 1053 parum
884 1001 1143 1036 attestantur
1164 992 1266 1036 huic
1293 992 1518 1036 sententiae
1534 1026 1545 1046 ,
1570 1006 1668 1051 quae
1688 991 1729 1037 in

346 1064 587 1124 Evangelio
605 1066 764 1123 scripta
784 1074 885 1109 sunt
904 1099 914 1120 ,
938 1065 1101 1109 multos
1119 1065 1312 1109 dicturos
1328 1065 1372 1108 in
1393 1064 1466 1109 illa
1484 1063 1554 1108 die
1572 1099 1583 1119 ,
1609 1083 1630 1106 «
1650 1067 1734 1110 D0-,
1788 1077 1790 1103 1

351 1154 370 1176 »
398 1136 516 1179 mine
535 1170 545 1190 ,
572 1135 756 1180 Domine
773 1170 783 1190 ,
810 1136 856 1179 in
878 1136 1054 1180 nomine
1074 1145 1150 1179 tuo
1182 1135 1540 1180 manducavimus
1562 1144 1606 1179 et
1622 1131 1743 1180 bibi-³
1789 1154 1790 1157 ¹

351 1224 370 1247 »
397 1221 515 1261 mus,
546 1215 589 1249 et
617 1206 663 1250 in
690 1207 866 1253 nomine
901 1216 978 1250 tuo
1006 1207 1385 1266 prophetavimus,
1420 1215 1463 1251 et
1494 1207 1539 1250 in
1562 1197 1743 1252 nomine'

349 1295 368 1316 n
396 1285 474 1320 tuo
509 1277 689 1320 virtutes
721 1275 877 1321 multas
904 1276 1102 1321 fecimus.
1137 1295 1156 1318 »
1183 1276 1351 1330 Quibus
1374 1285 1520 1320 tamen
1542 1276 1731 1321 dicturus

346 1356 410 1391 est
429 1381 440 1404 ,
470 1366 490 1390 «
510 1350 607 1393 Non
627 1348 728 1391 novi
747 1363 820 1392 vos
838 1383 848 1403 ,
874 1347 1063 1392 recedite
1081 1363 1104 1391 a
1121 1362 1189 1391 me
1206 1347 1391 1406 operarii
1407 1347 1689 1408 iniquitatis2.
1708 1365 1745 1404 »ἰ

349 1421 444 1464 Non
466 1419 581 1463 enim
605 1434 676 1463 eos
699 1420 956 1463 mentientes
979 1428 1183 1477 putamus
1203 1419 1281 1462 ista
1301 1417 1495 1463 dicturos
1517 1420 1561 1461 in
1580 1417 1656 1462 illo
1668 1419 1733 1478 ju-

348 1489 491 1544 dicio,
534 1489 610 1533 ubi
641 1488 787 1533 nullus
821 1490 902 1533 erit
932 1488 1112 1533 fallendi
1145 1488 1287 1544 locus,
1315 1497 1390 1533 aut
1417 1489 1552 1533 ullam
1585 1503 1745 1544 vocem,

349 1560 502 1605 talium
523 1561 708 1620 legimus
726 1596 736 1616 ,
758 1561 998 1605 dicentium
1016 1596 1026 1616 ,
1060 1561 1295 1604 Dileximus
1317 1570 1373 1605 te.
1403 1564 1614 1605 Poterant
1637 1548 1745 1619 ergo¹

354 1631 498 1674 dicere
513 1666 523 1685 ,
553 1634 604 1674 In
623 1632 799 1675 nomine
823 1640 900 1675 tuo
919 1631 1273 1690 prophetavimus
1289 1665 1299 1684 ,
1324 1646 1426 1674 cum
1450 1631 1534 1674 sint
1551 1629 1734 1689 improbi

349 1709 393 1745 et
429 1701 604 1760 reprobi
634 1720 641 1746 :
677 1717 768 1745 non
805 1710 949 1745 autem
988 1710 1194 1760 poterunt
1230 1700 1398 1755 dicere,
1450 1700 1747 1747 Dilectionem‘

349 1786 482 1831 quam
516 1771 753 1825 mandasti,
791 1772 1025 1815 tenuimus.²
1050 1774 1159 1816 Nam
1192 1771 1225 1814 si
1246 1771 1417 1825 dicent,
1450 1785 1540 1814 non
1569 1770 1626 1814 eis
1651 1784 1733 1816 res·
1789 1799 1790 1803 =

353 1841 621 1901 pondebitur
638 1877 648 1897 ,
681 1861 700 1884 «
725 1844 822 1887 Non
852 1843 954 1886 novi
976 1858 1066 1887 vos.
1098 1845 1147 1885 In
1170 1842 1254 1885 hoc
1277 1842 1392 1885 enim
1425 1849 1747 1899 cognoscetur,⁴
1788 1871 1790 1877 η

356 1930 375 1953 n
403 1912 572 1971 inquit,
604 1913 705 1972 quia
734 1911 935 1972 discipuli
969 1913 1054 1956 mei
1087 1913 1211 1966 estis,
1249 1912 1282 1956 si
1308 1927 1383 1956 vos
1424 1911 1608 1956 invicem
1643 1910 1748 1972 dili·³>

357 2000 377 2023 ³)
405 1983 513 2042 gatis
532 1984 563 2026 3.
596 2001 616 2024 »
1746 2024 1747 2027 ,

416 2055 502 2097 100.
524 2053 786 2112 Exemplum
806 2053 953 2114 itaque
970 2054 1099 2113 hujus
1120 2053 1222 2099 Saiil
1242 2053 1398 2097 resistit
1418 2052 1614 2112 superbis
1637 2067 1733 2097 non·

356 2123 486 2167 nullis
530 2124 766 2179 haereticis,
807 2125 882 2183 qui
914 2124 1077 2183 aliquid
1109 2124 1213 2168 boni
1250 2125 1304 2167 de
1331 2123 1585 2167 muneribus
1606 2122 1734 2168 sancti

359 2194 540 2253 Spiritus
578 2204 738 2252 negant
769 2209 892 2254 posse
920 2195 1009 2238 dari
1041 2196 1100 2238 eis
1128 2195 1203 2254 qui
1235 2193 1289 2238 ad
1311 2203 1468 2238 sortem
1493 2203 1749 2242 sanctorum¹

358 2281 446 2309 non
469 2265 687 2324 pertinent
709 2284 717 2309 :
740 2280 837 2308 cum
862 2265 920 2308 cis
943 2265 1146 2320 dicimus,
1168 2267 1329 2309 habere
1346 2264 1441 2309 illos
1458 2280 1581 2324 posse
1603 2279 1734 2309 sacra·
1784 2289 1785 2292 ¹

357 2345 553 2380 mentum
593 2336 790 2395 baptismi
811 2371 820 2390 ,
846 2336 965 2396 quod
999 2351 1098 2380 cum
1131 2337 1185 2379 ad
1224 2336 1458 2380 Ecclesiam
1484 2336 1731 2381 catholicam
1748 2385 1749 2391 ¹

360 2407 558 2460 veniunt,
581 2422 669 2450 non
684 2415 746 2450 est
762 2407 805 2449 in
817 2407 876 2450 eis
890 2406 981 2451 ullo
1000 2407 1130 2451 modo
1144 2407 1413 2462 violandum,
1431 2416 1506 2451 aut
1518 2407 1640 2467 tluasi
1653 2419 1734 2450 non
1748 2460 1749 2468 ἵ

357 2477 549 2521 habeant
570 2476 826 2521 tradendum
842 2498 852 2535 3
874 2476 948 2521 sed
964 2486 1108 2521 tamen
1128 2493 1199 2521 cos
1217 2493 1304 2521 non
1321 2477 1419 2521 idco
1437 2477 1564 2522 saluti
1583 2472 1750 2522 debere?

410 2569 415 2582 ¹
439 2563 532 2594 Num.
553 2573 628 2601 xxm,
650 2563 667 2593 5
690 2567 723 2594 et
738 2563 790 2603 '²4-
808 2580 849 2585 —
864 2570 875 2585 2
895 2563 1007 2595 Matth.
1029 2573 1085 2604 vn,
1106 2572 1161 2603 ⁶22,
1180 2567 1213 2595 et
1228 2572 1303 2606 seqq
1334 2580 1372 2586 —
1389 2561 1402 2585 3
1420 2565 1511 2596 Joan.
1532 2573 1598 2600 xm,
1620 2561 1671 2594 35.
