1790 3187
316 167 370 193 DE
401 167 505 195 ocTo
536 167 725 194 nurcvru
759 167 1088 204 Quffis‘rlomuus.
1311 160 1395 198 225

17 252 36 276 n
72 231 361 292 pauperibus,
395 240 438 275 et
472 230 652 275 habebis
684 231 937 276 thesaurum
966 233 1010 277 in
1039 232 1175 288 eoe10,
1218 242 1262 278 et
1299 234 1398 278 veni

17 323 36 347 n
70 318 248 362 sequere
282 317 352 346 me
381 321 390 346 2
430 323 446 343 »
478 301 711 346 aedificaret
748 317 877 362 super
912 303 1023 348 illud
1060 303 1395 359 funamentum,

13 389 181 428 aurum,
202 382 448 432 argentum,
474 372 639 432 lapides
661 374 894 431 pretiosos:
919 390 1008 419 non
1024 375 1139 418 enim
1161 376 1397 434 cogitaret,

13 445 91 491 nisi
113 445 335 504 quomodo
366 443 554 503 placeret
582 446 672 488 Deo
706 461 716 488 :
754 453 797 488 et
824 445 918 489 haec
952 445 1234 503 cogitationes
1265 455 1398 501 sunt,

12 525 224 577 quantum
247 515 441 559 existimo
460 550 471 570 ,
499 530 653 559 aurum
669 550 680 570 ,
705 525 935 574 argentum
961 551 972 572 ,
1011 516 1176 576 lapides
1205 517 1397 576 pretiosi.

14 590 144 633 Porro
182 586 217 630 si
247 586 358 630 circa
398 585 569 630 divitias
609 601 707 630 suas
747 586 909 631 carnali
948 587 1140 648 quodam
1180 596 1402 632 teneretur

13 659 171 705 affectu
187 693 198 715 ,
223 659 420 720 quamvis
440 674 492 703 ex
515 659 573 702 eis
597 658 756 703 multas
777 658 1073 717 eleemosynas
1104 658 1265 704 faceret
1284 695 1294 715 ,
1321 675 1402 704 nec

14 729 65 775 ad
82 745 152 774 eas
173 731 391 788 augendas
414 729 578 774 fraudis
598 729 764 790 aliquid
780 731 1030 790 rapinaeque
1052 731 1301 786 moliretur,
1328 740 1403 775 aut

11 817 157 846 earum
180 802 519 847 minuendarum
540 801 609 846 vel
639 801 976 846 amittendarum
999 811 1120 846 metu
1144 803 1189 846 in
1223 802 1404 862 aliquod

30 873 176 916 acinus
193 873 459 930 flagitiumve
475 872 698 916 laberetur
719 893 730 929 3
755 872 975 932 (alioquin
989 874 1079 932 jam
1102 888 1147 916 se
1168 873 1250 916 isto
1271 872 1404 917 modo

37 942 192 987 billius
215 943 488 988 fundamenti
506 941 742 986 stabilitate
759 942 1034 987 subtraheret
1059 959 1068 985 ε
1091 946 1107 1001 )
1130 942 1205 987 sed
1227 952 1406 1003 propter

13 1014 254 1069 carnalem,
280 1024 329 1058 ut
361 1014 477 1070 dixi,
507 1029 638 1074 quem
667 1014 714 1058 in
739 1017 799 1058 eis
832 1015 1015 1059 haberet
1046 1015 1252 1059 aflectum
1271 1051 1281 1070 ,
1316 1030 1406 1074 quo

31 1084 168 1129 alibus
196 1084 322 1129 bonis
359 1085 450 1129 sine
482 1084 632 1129 dolore
661 1100 807 1129 carere
847 1100 937 1130 non
971 1094 1136 1145 posset,
1171 1084 1408 1130 aedificaret

15 1172 138 1216 super
180 1155 522 1201 fundamentum
557 1155 668 1200 illud
712 1155 832 1215 ligna
854 1191 870 1212 ,
910 1157 1083 1200 foenum
1106 1191 1117 1211 ,
1161 1156 1368 1216 stipulam
1394 1176 1403 1202 ε

0 1252 3 1269 >
56 1228 192 1272 axime
217 1228 250 1270 si
270 1237 314 1271 et
338 1243 516 1272 uxorem
540 1228 599 1272 sic
621 1227 830 1282 haberet,
848 1236 897 1272 ut
915 1227 1045 1272 etiam
1067 1237 1246 1287 propter
1267 1228 1407 1287 ipsam

0 1298 217 1357 'cogitaret
255 1314 303 1342 ea
333 1314 432 1358 quae
463 1307 564 1342 sunt
600 1298 784 1352 mundi,
809 1298 1033 1358 quomodo
1054 1298 1244 1358 placeret
1264 1299 1402 1343 uxori.

0 1372 115 1414 12Haec
130 1369 262 1427 igitur
278 1369 487 1429 quoniam
502 1369 666 1413 affectu
680 1368 837 1413 dilecta
850 1368 1013 1413 carnali
1031 1385 1119 1413 non
1142 1370 1233 1413 sine
1256 1369 1408 1414 dolore

0 1440 276 1485 ramittuntur
299 1475 310 1494 ,
335 1449 567 1499 propterea
598 1441 673 1499 qui
701 1455 749 1483 ea
772 1440 830 1483 sic
859 1439 1023 1483 habent
1043 1474 1054 1494 ,
1080 1448 1131 1483 ut
1153 1440 1342 1484 habeant
1364 1440 1409 1484 in

0 1510 296 1556 *fundamento
324 1511 456 1555 fidem
476 1547 486 1566 ,
511 1527 611 1571 quae
634 1527 711 1570 per
745 1509 1026 1556 dilectionem
1060 1521 1266 1570 operatur
1286 1547 1296 1567 ,
1327 1527 1408 1556 nec

0 1583 112 1627 ihuic
130 1583 209 1627 ista
231 1582 320 1627 ulla
342 1584 510 1627 ratione
534 1582 603 1626 vel
626 1582 866 1641 cupiditate
887 1592 1162 1642 praeponant,
1186 1583 1231 1626 in
1254 1598 1407 1627 eorum

0 1659 2 1700 ὲ
20 1655 237 1699 amissione
259 1655 371 1714 passi
390 1654 704 1699 detrimentum
726 1670 803 1713 per
825 1654 967 1712 ignem
987 1654 1222 1713 quemdam
1247 1654 1409 1699 doloris

20 1726 270 1785 perveniunt
304 1726 359 1769 ad
389 1726 588 1769 salutem.
616 1729 653 1768 A
676 1740 765 1784 quo
794 1725 946 1769 dolore
976 1735 1109 1785 atque
1143 1725 1408 1770 detrimento

0 1806 134 1842 etanto
155 1806 218 1840 est
239 1797 423 1857 quisque
440 1796 646 1850 securior,
671 1805 838 1855 quanto
856 1811 904 1840 ea
923 1796 993 1841 vel
1016 1796 1160 1840 minus
1179 1797 1404 1851 amaverit,

0 1887 2 1922 ζ
23 1868 79 1912 rel
108 1878 317 1928 tanquam
342 1884 431 1911 non
452 1867 617 1911 habens
648 1867 866 1911 habuerit.
894 1867 980 1919 Qui
1004 1882 1107 1911 vero
1132 1876 1309 1926 propter
1334 1868 1408 1913 illa

0 1933 2 1989 ζ
22 1937 81 1982 vel
102 1939 291 1982 tenenda
320 1938 390 1982 vel
425 1936 701 1996 adipiscenda
721 1972 731 1990 ,
768 1936 1054 1981 homicidium
1074 1972 1085 1991 ,
1113 1936 1377 1981 adulterium
1395 1974 1406 1994 ,

0 2015 6 2067 i
24 2008 361 2064 ?ornicationem,
386 2008 677 2053 idololatriam
692 2043 702 2063 ,
730 2017 772 2052 et
794 2008 949 2053 similia
971 2024 1159 2069 quaeque
1177 2009 1407 2054 commise-

0 2074 2 2142 ἶ
25 2080 92 2135 rit,
116 2097 204 2126 non
220 2090 398 2141 propter
417 2079 759 2125 fundamentum
783 2095 860 2137 per
876 2081 1022 2138 ignem
1043 2078 1283 2124 salvabitur
1298 2115 1309 2136 ,
1334 2080 1409 2126 sed

0 2151 6 2194 ἦ
26 2151 168 2196 amisso
191 2150 496 2205 fundamento,
517 2160 681 2194 aeterno
698 2151 798 2210 igne
813 2150 1107 2210 torquebitur.

76 2223 135 2265 7⁰.
162 2222 456 2275 Quamobrem
481 2230 524 2264 et
552 2219 663 2264 illud
694 2221 815 2280 quod
844 2221 1023 2275 dicunt,
1055 2220 1186 2265 veluti
1222 2223 1408 2281 probare

3 2316 5 2325 ·
27 2293 236 2351 :upientes
253 2302 470 2353 quantum
501 2291 643 2335 valeat
665 2291 754 2335 sola
778 2292 907 2345 fides,
924 2292 999 2334 ubi
1019 2293 1252 2351 Apostolus
1272 2293 1378 2338 dicit
1397 2313 1406 2338 z

0 2375 5 2415 ς
29 2381 45 2405 ι(
71 2365 198 2416 Quod
221 2365 254 2408 si
275 2364 462 2407 infidelis
486 2362 690 2416 discedit,
716 2361 909 2406 discedat
930 2382 940 2418 3
973 2378 1061 2406 non
1097 2373 1159 2407 est
1182 2364 1296 2408 enim
1321 2380 1411 2408 ser-

30 2452 46 2475 »
74 2436 197 2480 vituti
218 2435 437 2495 subjectus
454 2435 588 2479 frater
605 2433 673 2478 vel
693 2448 813 2478 soror
827 2433 872 2476 in
895 2434 1141 2493 hujusmodi
1158 2437 1170 2460 ¹
1190 2455 1201 2493 3
1224 2453 1244 2477 »
1268 2434 1310 2479 id
1328 2446 1407 2490 est,

73 2527 79 2541 ¹
105 2532 115 2552 1
138 2522 207 2553 Cor.
234 2532 287 2559 vu,
309 2520 360 2552 15.

22 2582 28 2724 ι
232 2585 363 2615 chv.
1150 2576 1197 2613 15
