1790 3187
194 194 246 219 nr„
278 191 466 218 mvnasm
497 192 654 227 QUAEST.
691 190 746 218 An
778 190 1034 218 stimuleum.
1071 191 1153 218 Lm.
1189 191 1238 217 11.
1304 178 1417 236 ‚205

35 261 170 303 Deum
212 272 301 300 non
334 257 411 309 ita,
453 255 527 299 sed
563 255 716 300 eodem
755 257 912 310 verbo,
954 272 1042 301 non
1079 254 1233 300 eodem
1267 255 1415 300 modo.

95 331 154 372 30.
179 330 379 386 Longum
402 336 464 370 est
493 342 744 386 percurrere
767 337 945 383 caetera,
971 338 1014 372 et
1045 337 1147 372 sunt
1168 327 1420 371 innumera-

37 398 155 453 bilia,
180 398 338 458 quibus
367 397 610 442 ostenditur
640 399 775 443 multa
810 400 954 444 divina
986 397 1136 443 iisdem
1171 398 1422 442 nominibus

37 469 259 530 appellari,
282 469 440 528 quibus
465 470 673 524 humana,
695 486 796 514 cum
816 469 1148 530 incomparabili
1172 468 1421 514 diversitate

36 543 225 602 sejuncta
248 542 359 598 sint,
387 556 466 585 nec
491 551 632 585 tamen
657 542 816 586 frustra
841 542 992 587 eadem
1016 551 1118 587 sunt
1147 542 1277 586 rebus
1299 542 1421 586 utris-

38 628 122 674 que
148 612 284 657 indita
307 612 518 657 vocabula
534 649 544 666 ,
574 615 653 658 nisi
677 615 778 675 quia
803 615 896 659 haec
927 615 1099 674 cognita
1128 630 1228 674 quae
1250 614 1295 658 in
1311 629 1424 674 quo-

40 683 197 729 tidiana
217 684 531 728 consuetudine
553 695 804 740 versantur,
834 695 877 730 et
899 685 1202 745 experimentis
1225 685 1424 729 usitatio-

40 755 156 800 ribus
179 755 485 809 innotescunt,
516 755 771 801 nonnullam
803 756 857 801 ad
883 756 1166 815 intelligenda
1190 755 1263 801 illa
1289 755 1427 800 subli-

41 826 123 870 mia
158 826 356 884 praebent
399 827 525 869 viam.
575 829 687 871 Cum
725 828 840 871 enim
882 828 1110 886 dempsero
1144 827 1199 871 de
1234 828 1426 870 humana

40 897 215 942 scientia
234 897 586 951 mutabilitatem,
607 906 649 940 et
669 898 872 941 transitus
890 897 1102 957 quosdam
1126 913 1149 941 a
1167 897 1428 954 cogitatione

39 967 85 1012 in
103 967 424 1024 cogitationem,
443 982 543 1011 cum
561 967 805 1022 recolimus,
824 977 873 1011 ut
895 983 1123 1012 cernamus
1141 968 1287 1012 animo
1309 967 1430 1027 quod

43 1038 87 1082 in
109 1038 309 1082 contuitu
333 1038 423 1097 ejus
446 1037 577 1096 paulo
598 1047 699 1081 ante
723 1054 809 1082 non
825 1047 932 1092 crat,
949 1047 1080 1098 atque
1102 1038 1161 1082 ita
1175 1039 1229 1082 de
1243 1046 1366 1097 parte
1386 1037 1431 1080 in

45 1119 208 1171 partem
225 1109 387 1153 crebris
403 1109 692 1154 recordationi
702 1109 1078 1168 bustransilimus3
1097 1109 1217 1153 unde
1235 1110 1364 1154 etiam
1383 1124 1433 1153 ex

44 1191 164 1241 parte
182 1181 285 1225 dicit
306 1196 395 1225 esse
418 1181 653 1241 Apostolus
692 1191 882 1226 nostram
911 1182 1133 1226 scientiam
1161 1201 1169 1226 ε
1199 1197 1299 1226 cum
1331 1196 1434 1239 ergo

45 1252 138 1297 haec
166 1261 322 1297 cuncta
358 1251 625 1306 detraxer01,
666 1262 708 1296 et
746 1252 963 1312 reliquero
1001 1251 1136 1297 solam
1158 1252 1436 1297 vivacitatem

47 1332 173 1369 certae
198 1333 329 1383 atque
357 1323 626 1367 inconcussae
655 1324 845 1368 veritatis
874 1340 961 1368 una
992 1332 1124 1384 atque
1151 1332 1314 1367 aeterna
1335 1337 1437 1366 con-

49 1394 329 1453 templatione
352 1403 509 1438 cuncta
532 1394 779 1438 lustrantis2
803 1415 811 1439 ;
847 1394 935 1438 imo
970 1409 1059 1438 non
1084 1394 1324 1453 reliquero,
1348 1408 1438 1437 non

50 1466 162 1511 enim
185 1466 319 1509 habet
355 1467 439 1510 hoc
471 1468 660 1510 humana
692 1467 898 1520 scientia,
941 1467 1016 1510 sed
1051 1481 1130 1525 pro
1164 1465 1328 1509 viribus
1361 1480 1438 1509 co-

52 1539 268 1596 gitaver03
294 1537 538 1580 insinuatur
560 1538 666 1580 mihi
698 1547 937 1596 utcumque
960 1537 1141 1580 scientia
1165 1536 1242 1580 Dei
1277 1555 1285 1581 ε
1319 1535 1441 1595 quod

51 1616 194 1652 tamen
216 1623 394 1664 nomen,
411 1624 462 1652 ex
478 1624 528 1652 eo
546 1607 666 1668 quod
684 1609 860 1652 sciendo
879 1606 1045 1667 aliquid
1068 1622 1157 1651 non
1179 1605 1285 1651 latet
1304 1607 1442 1651 homi-

22 1730 24 1739 ,
53 1694 173 1734 nem,
199 1680 341 1739 potuit
367 1695 455 1724 esse
477 1680 538 1723 rei
566 1680 740 1738 utrique
769 1694 1017 1724 commune.
1045 1681 1308 1738 Quanquam
1333 1677 1442 1721 etin

22 1745 27 1792 1
53 1750 152 1811 ipsis
172 1751 422 1795 hominibus
437 1750 544 1796 solet
562 1750 746 1795 discerni
763 1767 786 1795 a
805 1751 1012 1810 sapientia
1028 1751 1220 1805 scientia,
1241 1759 1289 1794 ut
1311 1750 1443 1794 etiam

55 1821 289 1882 Apostolus
311 1822 416 1865 dicit
442 1841 450 1866 ;
478 1841 497 1863 «
518 1821 603 1866 Alii
625 1820 801 1881 quidem
823 1837 898 1881 per
924 1822 1130 1880 Spiritum
1150 1821 1280 1865 datur
1302 1835 1444 1865 sermo

58 1910 78 1935 »
100 1893 342 1952 sapientiae,
362 1892 431 1936 alii
453 1908 594 1936 sermo
617 1893 806 1936 scientiae
824 1892 1068 1936 secundum
1087 1891 1291 1936 eumdem
1311 1892 1445 1950 Spiri-

60 1981 80 2006 »
100 1965 220 2008 tum3
244 1983 252 2008 :
279 1983 297 2005 »
324 1964 368 2007 in
389 1967 476 2008 Deo
502 1972 648 2007 autem
666 1963 872 2007 nimirum
891 1978 979 2007 non
998 1972 1100 2006 sunt
1118 1963 1212 2007 haec
1230 1962 1342 2016 duo,
1370 1961 1446 2006 sed

32 2065 35 2083 t
59 2051 210 2081 unum.
237 2039 294 2080 Et
317 2036 361 2079 in
378 2036 630 2080 hominibus
647 2036 825 2096 quidem
849 2036 944 2079 haec
960 2035 1019 2079 ita
1044 2034 1229 2079 discerni
1246 2034 1446 2094 probabi-

33 2086 38 2161 l
60 2109 157 2154 liter
182 2108 338 2163 solent,
364 2118 413 2152 ut
430 2108 637 2167 sapientia
658 2108 872 2167 pertineat
894 2108 949 2151 ad
967 2107 1237 2152 intellectum
1261 2116 1450 2152 aeterno-

63 2195 173 2235 rum,
191 2180 364 2224 scientia
386 2194 489 2223 vero
510 2179 563 2223 ad
582 2195 629 2223 ea
645 2195 744 2239 quae
761 2179 957 2222 sensibus
974 2178 1167 2236 corporis
1185 2177 1445 2237 experimur.

67 2251 148 2297 Sed
168 2251 269 2295 licet
291 2250 397 2294 alius
414 2250 541 2294 aliam
564 2250 854 2294 differentiam
875 2249 1087 2308 proferat,
1114 2249 1193 2292 nisi
1216 2258 1362 2292 tamen
1388 2247 1451 2291 di-

65 2337 181 2367 versa
203 2331 359 2376 essent,
387 2337 474 2366 non
497 2322 556 2366 sic
585 2322 640 2366 ab
661 2319 871 2380 Apostolo
903 2320 1288 2379 distinguerentur.
1322 2318 1451 2372 Quod

68 2410 165 2440 sane
195 2396 254 2440 ita
280 2404 363 2450 est,
400 2404 449 2439 ut
478 2410 638 2438 nomen
662 2394 852 2438 scientiae
882 2393 1033 2447 rebus,
1065 2407 1172 2452 quas
1201 2407 1277 2451 per
1304 2406 1453 2435 sensus

0 2517 7 2532 ¹·
70 2467 233 2526 coporis
269 2467 536 2526 experimur,
577 2466 836 2525 deputatum
877 2465 958 2522 sit,
1004 2463 1124 2508 nulla
1164 2471 1229 2508 est
1275 2462 1454 2508 omnino

0 2529 2 2543 ἰ
119 2557 128 2573 ¹
152 2562 164 2584 1
186 2554 260 2585 Cor.
279 2563 334 2593 xv,
354 2563 388 2594 9.
403 2569 435 2575 —
458 2559 470 2574 ²
490 2552 536 2584 Id.
555 2563 627 2593 xui,
646 2562 679 2593 9.
694 2569 735 2574 —
754 2549 766 2573 3
785 2550 831 2583 Id.
854 2561 911 2587 ιιι,
929 2549 961 2581 8.
