1790 3187
352 189 435 227 322
776 201 808 226 s.
846 198 1074 227 AUGUSTINI
1107 200 1285 228 Emscol’l

348 278 499 309 corum
528 262 732 321 caligines
754 262 946 317 discutis,
980 272 1024 307 et
1049 263 1191 308 lucem
1218 264 1408 308 veritatis
1434 279 1458 308 a
1479 264 1733 309 confusione

349 334 627 378 tenebrarum
648 332 878 392 splendore
895 333 1071 379 clarifici
1089 335 1296 378 sermonis
1309 334 1522 380 enubilas.
1546 353 1567 376 »

352 473 536 518 Domino
561 481 604 516 et
625 472 899 530 suscipiende
915 508 926 528 ‚
953 489 1083 533 quam
1106 473 1375 518 familiariter
1397 474 1642 531 agnoverim
1671 483 1732 531 te,

349 553 514 605 quanto
538 542 725 587 admirer
746 552 938 603 stupore,
963 560 1094 604 quam
1114 559 1271 602 magno
1293 560 1438 588 amore
1452 544 1732 605 complectar,
1766 587 1768 614 ἰ

350 615 427 674 qui
449 614 644 674 quotidie
659 613 878 673 colloquio
899 613 1142 659 litterarum
1166 623 1339 658 tuarum
1364 613 1500 668 fruor,
1515 625 1556 659 et
1572 615 1655 659 oris
1671 615 1735 660 tui
1766 615 1767 618 ’

349 685 503 743 spiritu
529 699 693 728 vescor.
723 686 781 728 Os
807 685 919 727 enim
943 694 1065 728 tuum
1092 684 1279 728 fistulam
1308 701 1433 744 aquae
1457 685 1567 729 vivae
1587 695 1631 729 et
1656 700 1733 730 ve·
1787 716 1790 724 ι

349 754 587 798 namfontis
621 755 773 799 aeterni
793 756 947 800 merito
971 755 1175 810 dixerim,
1207 755 1307 815 quia
1341 756 1439 800 fons
1466 756 1512 799 in
1539 766 1582 800 te
1610 771 1734 816 aquae

349 824 542 869 salientis.
559 825 605 868 in
626 826 758 868 vitam
781 833 985 868 aeternam
1009 825 1205 870 Christus
1233 824 1415 869 effectus
1446 835 1509 870 est
1535 828 1564 869 ².
1599 828 1735 886 Cujus
1764 832 1767 864 5

349 895 563 939 desiderio
589 894 719 939 sitivit
744 896 788 939 in
811 904 852 938 te
882 896 1024 940 anima
1043 911 1158 949 mea,
1180 904 1222 939 et
1239 897 1439 940 ubertate
1456 896 1518 939 tui
1544 896 1737 940 fluminis

348 965 553 1009 inebriari
576 975 687 1008 terra
714 980 807 1008 mea
832 965 1098 1023 concupivit.
1127 965 1320 1025 Ideoque
1347 982 1447 1009 cum
1473 967 1555 1011 lioc
1577 970 1737 1011 Penta-

348 1036 506 1079 teucho
536 1044 611 1079 tuo
639 1045 790 1079 contra
810 1036 1074 1079 Manichaeos
1097 1051 1165 1078 me
1193 1037 1293 1079 satis
1319 1037 1565 1090 armaveris,
1591 1037 1623 1080 si
1649 1052 1738 1096 qua

349 1105 395 1149 in
423 1104 528 1148 alios
557 1119 733 1164 quoque
762 1105 907 1148 hostes
929 1105 1156 1148 catholicae
1179 1106 1278 1148 fidei
1299 1107 1541 1150 munimina
1563 1122 1738 1166 compa-

352 1175 451 1219 rasti
467 1175 585 1234 (quia
601 1174 734 1218 hostis
750 1183 910 1229 noster,
926 1175 998 1219 cui
1021 1174 1140 1217 mille
1159 1177 1343 1219 nocendi
1359 1186 1485 1230 artes,
1506 1185 1593 1220 tam
1611 1177 1738 1225 variis

349 1246 665 1305 expugnandus
683 1255 745 1289 est
765 1245 874 1300 telis,
892 1261 1022 1304 quam
1046 1256 1272 1305 oppugnat
1288 1247 1626 1307 insidiis)quaeso
1641 1263 1738 1307 pro-

350 1404 467 1434 arma
479 1389 673 1449 justitiae.
694 1391 796 1433 Sum
811 1388 924 1431 enim
939 1387 1194 1442 laboriosus,
1210 1388 1468 1433 etiamnunc
1483 1390 1564 1433 sub
1581 1404 1737 1448 magno
1761 1415 1765 1432 .=

284 1499 286 1501 .
351 1476 482 1504 onere
505 1469 732 1519 peccator,
762 1469 990 1503 veteranus
1023 1460 1068 1503 in
1101 1475 1283 1503 numero
1320 1470 1594 1517 peccatorum
1616 1495 1626 1514 ‚
1662 1460 1737 1505 sed

352 1540 517 1576 aeterno
539 1531 629 1589 regi
661 1546 800 1575 novus
826 1530 871 1572 in
903 1545 1084 1588 corpore
1119 1539 1218 1587 tyro
1252 1529 1432 1574 militiae.
1477 1531 1737 1590 Sapientiam

350 1601 505 1645 mundi
525 1603 652 1645 miser
669 1602 884 1660 hujusque
907 1600 1085 1644 miratus
1102 1615 1215 1655 sum,
1234 1609 1276 1643 et
1295 1616 1371 1659 per
1386 1601 1560 1644 inutiles
1574 1602 1738 1646 litteras
1763 1633 1766 1639 -

351 1672 714 1731 reprobatamque
748 1670 1027 1729 prudentiam
1069 1673 1157 1713 Deo
1194 1670 1352 1714 stultus
1393 1679 1436 1714 et
1469 1680 1616 1714 mutus
1654 1670 1735 1715 fui.
1788 1699 1790 1714 .

351 1744 586 1801 Postquam
620 1740 855 1785 inveteravi
885 1741 998 1783 inter
1027 1739 1224 1783 inimicos
1261 1755 1394 1794 meos,
1428 1750 1471 1784 et
1503 1741 1660 1784 evanui
1691 1740 1763 1784 in'

348 1813 683 1872 cogitationibus
722 1812 841 1866 meis,
877 1811 1017 1854 levavi
1053 1810 1202 1854 oculos
1244 1825 1361 1854 meos
1387 1812 1430 1854 in
1458 1820 1648 1868 montes,
1681 1809 1736 1855 ad

350 1893 568 1943 praecepta
589 1883 694 1940 legis
716 1892 759 1926 et
779 1882 927 1941 gratiae
940 1882 1054 1926 dona
1072 1881 1308 1940 suspiciens
1326 1900 1334 1925 ε
1353 1881 1471 1925 unde
1487 1882 1591 1925 mihi
1613 1882 1734 1925 auxi-
1760 1884 1765 1915 Τ
1787 1903 1790 1931 ³

349 1954 456 1998 lium
479 1955 600 1999 venit
615 1970 636 1996 a
659 1954 856 2007 Domino,
874 1954 949 2012 qui
972 1968 1060 1996 non
1082 1952 1321 1996 secundum
1342 1953 1591 2011 iniquitates
1614 1952 1737 1996 retri-

349 2025 503 2077 buens,
528 2024 986 2076 illuminavitcaecum,
1007 2022 1132 2066 solvit
1154 2023 1468 2078 compeditum,
1494 2022 1737 2068 humiliavit

349 2104 540 2139 erectum
564 2096 692 2148 male,
720 2103 768 2137 ut
789 2095 968 2150 erigeret
985 2091 1260 2136 humiliatum
1285 2093 1370 2151 pie.
1386 2111 1406 2133 »

411 2169 489 2209 111.
522 2184 541 2207 «
563 2168 728 2224 Sequor
746 2164 895 2222 igitur,
921 2179 1008 2207 non
1024 2161 1160 2223 aequis
1182 2163 1325 2207 adhue
1341 2164 1553 2222 passibus,
1578 2178 1735 2222 magna
1789 2188 1790 2205 i

343 2239 560 2297 justorum
580 2236 768 2292 vestigia,
795 2235 828 2278 si
850 2235 1004 2293 possim
1029 2234 1299 2278 orationibus
1318 2235 1466 2279 vestris
1488 2236 1737 2294 apprehen·
1768 2221 1785 2425 l

348 2309 465 2363 dere,
499 2308 543 2351 in
568 2323 656 2367 quo
683 2307 755 2350 Dei
783 2306 1129 2350 miserationibus
1152 2306 1446 2364 apprehensus
1478 2322 1588 2350 sum.
1616 2309 1738 2365 Rege

345 2394 447 2438 ergo
462 2378 688 2437 parvulum
704 2378 748 2421 in
766 2386 878 2420 terra
899 2385 1212 2435 reptantem,et
1229 2377 1311 2419 tuis
1331 2377 1545 2434 gressibus
1566 2375 1736 2434 ingredi

346 2450 469 2494 doce.
485 2448 594 2494 Nolo
609 2448 726 2492 euim
750 2463 819 2491 mc
837 2445 1070 2506 corporalis
1084 2455 1204 2491 ortus
1223 2447 1356 2504 magis
1377 2461 1507 2506 quam
1530 2446 1736 2506 spiritua-

394 2542 400 2557 ¹
423 2537 515 2569 Joan.
533 2545 578 2573 iv,
602 2532 654 2576 14.
