1790 3187
268 196 321 222 DE
357 195 545 221 mvmzsts
578 194 736 230 QUAEsT.
772 194 919 221 OCTOG.
953 195 1115 221 Tmms.
1303 185 1375 220 101

6 260 295 313 retinendum,
320 275 462 319 neque
485 259 722 319 quidquam
737 262 872 303 Deum
893 260 1048 319 injuste
1065 257 1220 313 facere,
1243 273 1385 318 neque

4 333 137 379 ullam
149 347 237 376 esse
251 340 450 376 naturam
469 346 568 390 quae
583 345 671 374 non
692 332 780 374 Deo
794 330 952 374 debeat
967 329 1011 374 id
1033 328 1151 390 quod
1170 339 1234 374 est
1255 349 1263 374 :
1284 331 1386 389 quia

3 408 92 449 Deo
123 401 308 447 debetur
339 416 467 446 omne
500 401 632 444 decus
655 408 698 444 et
720 400 1003 459 pulchritudo
1025 409 1068 444 et
1101 400 1386 459 congruentia

2 474 214 535 partium3
241 488 372 533 quam
396 472 429 516 si
460 471 632 530 penitus
654 481 905 530 persecutus
930 470 1077 525 fueris,
1103 480 1146 515 et
1168 486 1308 530 usquc
1329 471 1384 515 ad

0 561 146 591 omnes
162 544 363 604 reliquias
382 542 436 587 de
457 543 586 587 rebus
609 542 865 597 detraxeris,
891 552 1085 587 remanet
1106 541 1232 588 nihil.

59 619 256 669 Quffisno
279 615 437 658 LXIX.
464 641 517 646 —
544 615 601 657 1⁰.
627 614 712 666 Qui
743 612 900 657 Filium
931 613 1007 657 Dei
1032 613 1147 657 Patri
1169 612 1384 672 aequalem

0 702 84 732 non
119 701 208 730 esse
244 685 532 740 contendunt,
578 684 718 729 solent
763 700 972 743 usurpare
1010 683 1263 729 familiarius
1298 685 1382 728 hoc

0 757 315 811 testimonium,
359 757 437 800 ubi
479 757 538 801 ait
577 756 826 815 Apostolus,
856 758 1011 800 «Cum
1043 765 1188 800 autem
1217 756 1254 799 ei
1285 770 1382 800 om-

0 848 18 870 »
45 829 113 873 nia
149 829 340 889 subjecta
379 827 540 872 fuerint
557 863 568 882 ‚
614 837 720 872 tunc
762 836 806 871 et
847 827 937 886 ipse
981 825 1117 870 Filius
1164 827 1384 887 subjectus

0 919 15 941 υ
40 900 121 944 erit
151 901 204 955 ei,
239 900 313 960 qui
349 898 412 943 illi
434 899 615 959 subjecit
650 898 822 954 omnia,
863 907 914 941 ut
935 898 989 941 sit
1020 900 1133 941 Deus
1170 898 1314 941 omnia
1337 898 1381 942 in

0 991 15 1012 ι»
41 971 284 1016 omnibus¹.
311 990 330 1012 »
359 973 456 1016 Non
498 971 612 1014 enim
639 978 782 1030 posset
804 970 862 1013 eis
885 984 1005 1013 error
1037 969 1198 1013 oboriri
1232 968 1384 1028 pallia-

0 1052 64 1087 tus
87 1042 261 1087 nomine
278 1042 528 1097 christiano,
562 1042 641 1086 nisi
666 1042 720 1085 de
755 1042 986 1101 Scripturis
1009 1056 1098 1084 non
1132 1039 1378 1085 intellectis.

0 1115 151 1159 Dicunt
170 1116 302 1170 enim,
327 1115 369 1160 Si
390 1113 568 1175 aequalis
591 1123 670 1168 est,
696 1113 919 1173 quomodo
942 1112 1162 1172 subjectus
1186 1113 1266 1157 erit
1283 1114 1382 1156 ei‘2?

0 1183 111 1237 Quod
142 1186 292 1245 utique
328 1185 465 1229 simile
506 1194 567 1229 est
611 1183 674 1228 illi
720 1182 992 1241 Evangelicae
1038 1183 1290 1242 quaestioni,
1337 1184 1376 1228 Si

0 1255 164 1313 equalis
197 1266 260 1300 est
274 1291 284 1310 ,
309 1255 531 1315 quomodo
554 1257 690 1314 major
711 1263 774 1298 est
803 1256 954 1298 Pater?
974 1257 1071 1312 Ipse
1093 1254 1209 1297 enim
1230 1254 1380 1298 Domi-

0 1341 65 1379 nis
90 1327 174 1381 ait,
199 1346 218 1369 «
247 1328 460 1380 Quoniam
501 1330 627 1370 Pater
655 1327 791 1385 major
815 1341 883 1368 me
915 1326 1020 1369 estss.
1060 1344 1079 1366 u
1113 1325 1282 1383 Regula
1305 1341 1379 1369 au-

7 1412 73 1441 em
101 1397 327 1442 catholicae
354 1398 453 1441 fidei
478 1398 536 1441 sic
558 1413 602 1441 se
626 1398 773 1451 habet,
801 1406 849 1440 ut
871 1412 970 1439 curn
1003 1395 1143 1456 aliqua
1168 1396 1213 1439 in
1235 1395 1379 1456 Scrip-

0 1469 89 1512 ,uris
110 1469 317 1513 dicuntur
338 1468 393 1512 de
417 1468 527 1513 Filio
560 1469 679 1528 quod
709 1469 763 1511 sit
789 1469 933 1511 minor
963 1471 1103 1521 Patre,
1132 1468 1376 1512 secundum

5 1540 298 1599 usceptionem
320 1540 509 1584 hominis
532 1538 834 1597 intelligantur
860 1558 868 1582 ε
894 1554 995 1582 cum
1018 1554 1121 1583 vero
1144 1555 1193 1583 ea
1216 1538 1375 1583 dicun-

3 1626 53 1654 ur
78 1612 237 1670 quibus
270 1613 595 1655 demonstratur
632 1610 837 1670 sequalis,
879 1609 1121 1654 secundum
1167 1604 1215 1654 id‘
1255 1610 1374 1670 quod

0 1684 93 1726 >eus
125 1692 187 1726 est
211 1683 491 1742 accipiantur.
529 1686 722 1741 Apparet.
752 1697 852 1739 ergo
874 1681 1249 1741 quemadmodum
1283 1683 1371 1726 dic-³

3 1767 74 1796 um
97 1753 150 1796 sit
169 1772 178 1798 ;
198 1772 216 1794 «
235 1756 360 1797 Pater
379 1754 513 1812 major
531 1768 600 1796 me
617 1754 720 1796 est?
745 1771 764 1792 »
789 1755 858 1806 Et,
885 1771 900 1791 «
921 1755 1014 1810 Ego
1031 1762 1074 1796 ct
1092 1755 1218 1796 Pater
1235 1768 1373 1796 unum

0 1845 3 1860 ι
29 1839 193 1868 sumus.
230 1842 250 1864 »
277 1826 355 1878 Et,
388 1843 407 1865 «
434 1827 547 1868 Deus
576 1833 666 1867 crat
689 1824 900 1867 Verbum.
923 1842 942 1863 »
969 1826 1024 1867 Et
1056 1823 1252 1867 Verbum
1275 1839 1375 1868 caro

28 1894 189 1939 factum
219 1898 323 1939 est⁵.
353 1914 371 1936 »
407 1898 477 1949 Et,
518 1915 538 1937 «
568 1898 664 1940 Non
696 1895 892 1954 rapinam
928 1895 1160 1938 arbitratus
1189 1904 1252 1939 est
1280 1911 1371 1940 esse

25 1965 201 2026 aequalis
235 1969 350 2020 Deo,
377 1966 450 2009 sed
483 1967 759 2025 semetipsum
784 1966 1020 2010 exinanivit
1044 1964 1229 2010 formam
1259 1968 1369 2011 servi

23 2038 274 2095 accipiensfi.
300 2056 318 2078 »
343 2038 426 2081 Sed
451 2038 658 2098 quoniam
682 2037 819 2081 multa
849 2038 979 2081 etiam
1000 2038 1241 2082 secundum
1266 2054 1367 2098 pro-

0 2109 205 2152 ›rietatem
226 2124 437 2167 personae,
464 2118 644 2168 excepto
666 2108 787 2169 quod
805 2109 959 2153 attinet
974 2109 1028 2152 ad
1050 2110 1368 2168 susceptionem

0 2179 174 2233 iominis‚
201 2179 254 2223 de
272 2179 347 2223 illo
373 2181 431 2223 ita
457 2179 691 2234 dicuntur,
711 2189 761 2224 ut
779 2183 952 2223 Patrem
975 2195 1064 2224 non
1082 2180 1203 2224 aliud
1232 2196 1363 2240 quam

0 2254 158 2305 ’atrem‚
191 2259 234 2293 et
257 2249 413 2293 Filium
438 2266 527 2294 non
550 2250 668 2294 aliud
687 2265 819 2310 quam
842 2249 999 2294 Filium
1026 2250 1212 2309 intelligi
1231 2267 1362 2310 opor-

0 2330 77 2377 eat,
97 2330 255 2380 putant
274 2322 466 2366 haeretici
490 2323 535 2365 in
553 2323 602 2367 iis
623 2339 721 2383 quae
744 2323 803 2366 ita
825 2322 1033 2367 dicuntur
1055 2332 1186 2383 atque
1208 2323 1364 2368 intelli-

3 2401 149 2449 untur,
170 2393 464 2453 aequalitatem
487 2409 576 2438 esse
598 2410 687 2439 non
709 2409 845 2453 posse.
879 2384 1186 2454 Scriptum-est
1217 2395 1332 2439 enim
1348 2431 1358 2449 ‚

21 2501 30 2518 ¹
53 2507 67 2529 1
90 2499 160 2529 Cor.
182 2509 237 2538 xv,
256 2498 310 2530 28.
327 2515 369 2520 —-
386 2505 398 2520 ²
417 2499 495 2531 Vide
513 2498 569 2531 lib.
592 2511 603 2531 1
620 2499 660 2531 de
677 2498 791 2530 Trinit.
815 2509 887 2541 cap.
910 2499 940 2531 8.
953 2516 994 2522 -
1009 2497 1023 2520 3
1042 2501 1134 2531 Joan.
1162 2509 1227 2537 xiv,
1251 2498 1300 2530 18.
1318 2515 1359 2520 --

10 2551 55 2584 ld.
78 2564 110 2594 x,
128 2552 179 2585 30.
195 2551 262 2578 —5
280 2554 326 2586 Id.
348 2566 370 2595 i,
394 2566 405 2586 ι
430 2558 462 2585 et
487 2553 538 2596 14.
555 2572 595 2578 —
612 2552 626 2576 6
647 2554 762 2597 Philip.
781 2565 819 2594 11,
837 2554 869 2585 6.
