1790 3187
605 234 802 264 nrisToLa
834 236 934 264 xL1v
943 252 952 263 .
1383 225 1407 263 4
1416 229 1462 264 51

97 300 518 359 pseudo-prophetas
549 315 625 346 sua
647 317 778 346 manu
802 301 1046 361 peremerit.
1068 301 1149 345 Hic
1181 315 1328 346 revera
1354 302 1466 347 vidit

97 372 217 430 quod
240 369 475 414 videndum
498 380 603 426 erat,
629 372 727 416 talia
747 381 838 416 tum
862 372 1029 417 licuisse
1056 372 1194 433 justis.
1221 374 1325 416 Haec
1353 374 1468 417 enim

98 440 348 500 prophetico
375 442 528 500 spiritu
548 443 802 487 auctoritate
831 444 905 486 Dei
943 442 1176 498 faciebant,
1208 443 1283 503 qui
1315 443 1468 501 procul

96 510 232 556 dubio
252 513 372 556 novit
393 513 461 556 cui
483 513 611 557 etiam
634 514 766 573 prosit
782 513 933 557 occidi.
962 514 1169 572 Exigebat
1191 529 1293 573 ergo
1315 523 1358 557 ut
1384 513 1467 558 do-

95 597 234 627 cerem
255 584 344 644 jam
374 585 482 629 Novi
513 585 772 629 Testamenti
802 585 1086 643 temporibus,
1124 585 1219 645 quis
1249 586 1466 645 justorum

96 653 284 713 aliquem
305 654 525 710 occiderit,
550 655 678 700 etiam
701 654 955 700 sceleratum
973 665 1016 699 et
1032 656 1232 715 impium.

153 725 208 767 X.
244 727 363 769 Tunc
393 724 580 769 reditum
616 735 678 771 est
713 726 768 770 ad
796 727 1058 785 superiorem
1096 735 1345 783 tractatum,
1380 741 1469 786 quo

96 794 345 840 volebamus
363 797 605 853 ostendere,
630 812 771 857 neque
793 813 871 842 nos
887 797 968 841 illis
987 797 1144 842 debere
1160 799 1345 857 objicere
1367 813 1469 843 suo-

95 880 193 910 rum
214 867 395 921 scelera,
419 883 561 927 neque
587 867 682 912 illos
711 868 850 924 nobis,
876 869 909 912 si
932 883 1018 928 qua
1049 869 1346 913 invenirentur
1367 868 1470 913 talia

93 935 207 982 facta
225 947 486 983 nostrorum.
514 942 574 983 De
599 941 721 984 Novo
749 939 865 982 enim
888 941 1163 982 Testamento
1184 939 1355 982 ostendi
1376 938 1472 998 qui-

96 1007 195 1051 dem
226 1024 314 1053 non
340 1025 484 1068 posse,
519 1009 638 1068 quod
660 1011 800 1068 justus
830 1009 1060 1068 quisquam
1093 1008 1355 1054 interfecerit
1392 1008 1474 1054 ali-

95 1093 247 1137 quem:
271 1078 348 1124 sed
368 1090 513 1124 tamen
542 1078 654 1124 illud
680 1079 854 1139 probari
888 1094 1009 1139 posse
1035 1079 1126 1138 ipso
1158 1081 1356 1140 exemplo
1385 1084 1472 1125 Do-

94 1150 218 1205 mini,
242 1150 466 1196 sceleratos
488 1151 543 1195 ab
558 1150 867 1196 innocentibus
888 1150 1022 1195 fuisse
1044 1151 1262 1197 toleratos.
1282 1151 1474 1197 Tradito-

96 1236 185 1265 rem
207 1222 323 1266 enim
344 1238 486 1278 suum,
517 1222 594 1283 qui
607 1224 696 1283 jam
729 1223 919 1282 pretium
947 1224 1039 1284 ejus
1068 1233 1306 1283 acceperat,
1337 1240 1475 1284 usque

80 1290 148 1349 ad
178 1292 383 1337 ultimum
412 1293 529 1352 pacis
552 1293 750 1338 osculum
778 1294 893 1338 inter
927 1293 1179 1338 innocentes
1213 1310 1360 1339 secum
1385 1309 1475 1339 esse

94 1377 318 1422 perpessus
340 1372 417 1408 est.
441 1364 611 1417 Quibus
633 1380 722 1409 non
741 1364 878 1409 tacuit
900 1379 989 1409 esse
1004 1364 1118 1408 inter
1134 1363 1230 1409 illos
1252 1366 1361 1410 tanti
1384 1381 1477 1410 sce-

94 1431 193 1478 leris
221 1435 442 1480 hominem
465 1444 538 1494 ,et
559 1445 703 1481 tamen
724 1435 916 1495 primum
941 1445 1260 1481 sacramentum
1284 1438 1474 1496 corporis

96 1513 139 1548 et
157 1507 374 1564 sanguinis
390 1502 471 1563 sui,
491 1507 689 1553 nondum
711 1506 786 1551 illo
808 1506 998 1562 excluso,
1023 1507 1313 1554 communiter
1334 1509 1476 1552 omni-

95 1577 177 1621 bus
200 1577 336 1623 dedit.
367 1581 464 1631 Quo
493 1578 689 1637 exemplo
711 1592 812 1621 cum
836 1592 972 1636 prope
1005 1592 1152 1621 omnes
1177 1587 1472 1635 moverentur,
1540 1613 1544 1618 .

96 1649 274 1693 tentavit
310 1648 468 1704 dicere,
504 1659 605 1694 ante
638 1649 877 1707 passionem
916 1647 1088 1692 Domini
1122 1640 1476 1705 communionem

95 1715 211 1762 illam
234 1735 333 1764 cum
351 1719 557 1764 scelerato
579 1735 668 1764 non
686 1718 877 1763 obfuisse
897 1717 1131 1777 ApostoliS,
1153 1718 1255 1777 quia
1275 1718 1474 1763 nondum

96 1789 313 1834 habebant
350 1790 613 1848 baptismum
645 1789 820 1843 Christi,
859 1787 935 1832 sed
968 1787 1233 1845 baptismum
1277 1789 1470 1834 Joannis.

95 1861 224 1912 Quod
243 1869 524 1921 posteaquam
543 1860 789 1920 dixit,coepi
810 1859 864 1904 ab
886 1875 937 1904 eo
954 1874 1164 1919 quaerere,
1185 1860 1473 1919 quemadmo-

97 1946 199 1990 pum
220 1947 322 1990 ergo
344 1932 550 1991 scriptum
574 1940 698 1986 esset,
726 1931 847 1990 quod
871 1932 993 1974 Jesus
1022 1929 1308 1988 baptizaverit
1329 1930 1474 1989 plures

95 2018 228 2063 quam
249 2006 453 2058 Joannes,
479 2018 579 2048 cum
601 2003 691 2061 ipse
716 2018 804 2046 non
838 2002 1077 2060 baptizaret
1095 2003 1127 2056 1,
1152 2001 1228 2046 sed
1263 2001 1477 2061 Discipuli

97 2076 203 2134 ejus,
238 2075 321 2119 hoc
347 2083 426 2129 est,
448 2088 523 2133 per
553 2089 651 2118 suos
684 2072 924 2132 Discipulos
951 2072 1203 2132 baptizaret.
1240 2074 1472 2127 Quomodo

97 2161 198 2204 ergo
230 2144 394 2189 dabant
424 2144 545 2203 quod
582 2159 672 2188 non
709 2152 978 2202 acceperant,
1019 2144 1140 2203 quod
1173 2143 1252 2203 ipsi
1288 2145 1473 2189 maxime

96 2216 235 2261 solent
257 2217 431 2260 dicere?
454 2218 521 2259 An
542 2214 654 2259 forte
674 2216 869 2260 Christus
891 2215 1104 2273 baptismo
1122 2214 1300 2258 Joannis
1326 2215 1471 2275 bapti-

97 2289 256 2332 zabat?
279 2286 441 2332 Deinde
472 2287 518 2331 in
551 2287 630 2331 hac
653 2286 863 2331 sententia
891 2284 1029 2330 multa
1051 2286 1312 2345 quaesiturus
1335 2302 1467 2343 eram,

97 2358 319 2419 quomodo
350 2359 404 2402 ab
426 2358 517 2417 ipso
539 2359 704 2402 Joanne
726 2367 831 2402 tune
853 2356 1082 2416 quaesitum
1110 2355 1163 2402 sit
1185 2356 1240 2400 de
1257 2357 1471 2417 baptismo

97 2431 309 2485 Domini2,
329 2438 372 2474 et
394 2428 663 2488 responderit
678 2430 798 2489 quod
814 2428 887 2472 ille
906 2427 1085 2471 haberet
1106 2442 1323 2486 sponsam,
1344 2439 1386 2474 et
1401 2428 1473 2474 ille

99 2511 207 2545 esset
222 2515 416 2560 sponsus.
434 2498 658 2559 Numquid
678 2514 781 2558 ergo
803 2497 866 2543 fas
884 2507 974 2543 erat
989 2507 1040 2542 ut
1057 2497 1272 2557 baptismo
1295 2500 1472 2545 Joannis

149 2593 156 2609 ¹
184 2587 274 2619 Joan.
299 2596 346 2627 ιν,
379 2597 406 2617 1.
424 2601 465 2608 —-—
480 2592 492 2608 ²
512 2585 559 2618 Id.
576 2595 610 2625 v,
627 2593 682 2626 29.

1216 2638 1281 2677 29.
