1790 3187
343 213 423 252 138
774 226 806 250 ει.
843 223 1072 253 Αυουετιω
1106 226 1285 255 ειηεοονι

339 289 383 333 in
408 287 632 333 laboribus
654 296 698 332 et
721 287 1027 335 afflictionibus
1058 290 1144 347 agit
1159 323 1170 343 ‚
1196 297 1238 332 et
1259 289 1303 332 in
1325 304 1371 333 ea
1395 290 1535 348 justus
1556 305 1606 334 ex
1631 292 1717 338 fide
1775 315 1777 325 ι

337 359 458 404 vivit.
490 381 509 400 u
534 359 621 404 Nisi
645 359 759 401 enim
778 357 1043 403 credideritis
1062 394 1072 413 ,
1095 359 1267 418 inquit,
1294 374 1381 402 non
1403 359 1663 417 intelligetis.
1692 380 1712 405 ιι
1751 411 1753 413 ,
1774 375 1776 409 ὲ

337 431 392 473 Et
414 430 496 474 hoe
519 439 581 473 est
605 438 796 486 tempuS,
821 445 909 487 quo
930 430 1249 488 ingemiscimus
1267 438 1310 474 et
1326 428 1545 485 dolemus,
1567 446 1717 490 expec-

337 509 476 544 tantes
494 499 836 558 redemptionem
855 500 1045 558 corporis
1069 500 1222 554 nostri,
1244 500 1363 559 quod
1382 500 1716 559 Quadragesima

335 570 594 614 celebratur.
628 589 645 609 «
675 569 839 613 Scimus
862 579 1007 614 autem
1024 570 1230 628 quoniam
1253 585 1352 614 cum
1373 570 1646 628 apparuerit,
1666 572 1716 617 si-

339 659 357 682 »
386 639 505 684 miles
528 640 564 683 ei
587 641 768 695 erimus,
799 641 1006 698 quoniam
1021 640 1263 685 videbimus
1281 655 1379 683 eum
1399 641 1523 685 sicuti
1541 644 1626 684 est¹
1656 661 1664 687 :
1692 659 1713 684 »

335 723 434 754 cum
458 708 643 753 addetur
663 708 866 753 denarius
889 709 1255 769 quadragenario,
1281 718 1331 753 ut
1352 725 1440 754 non
1462 709 1600 753 solum
1624 726 1719 757 cre-

334 779 436 823 dere
461 794 559 838 quae
591 779 806 837 pertinent
831 779 884 823 ad
908 780 1037 825 fidem
1057 815 1068 834 ,
1093 778 1166 823 sed
1191 779 1319 823 etiam
1347 780 1616 838 perspicuam
1639 796 1715 828 ve-
1766 805 1769 813 »

334 850 504 894 ritatem
522 849 762 906 intelligere
780 866 1037 894 mereamur.
1067 850 1178 894 Talis
1202 849 1391 894 Ecclesia
1411 884 1421 903 ‚
1443 852 1486 894 in
1509 866 1594 909 qua
1617 851 1717 896 nul·
1764 880 1766 903 ;

334 918 400 962 lus
417 919 497 962 erit
515 933 699 972 moeror,
719 919 837 964 nulla
860 920 1087 978 permixtio
1104 919 1318 962 malorum
1333 919 1576 973 hominum,
1597 918 1716 967 nulla

331 990 562 1049 iniquitas,
589 991 663 1035 sed
683 990 833 1035 laetitia
857 1000 900 1035 et
921 1006 1002 1049 pax
1025 999 1067 1034 et
1087 990 1315 1048 gaudium,
1339 989 1716 1049 Quinquagesimae

330 1059 622 1105 celebratione
651 1061 968 1118 praefiguratur.
1005 1063 1234 1118 Propterea
1259 1067 1539 1118 posteaquam
1565 1060 1714 1105 Domi-

330 1143 411 1172 nus
439 1138 584 1173 noster
604 1130 835 1174 resurrexit
858 1145 878 1173 a
903 1130 1099 1182 mortuis,
1131 1128 1416 1188 quadraginta
1440 1128 1591 1172 diebus
1614 1143 1719 1187 per-¹

329 1198 433 1241 actis
467 1213 569 1241 cum
594 1197 820 1257 Discipulis
843 1199 956 1242 suis²
978 1234 988 1253 ,
1021 1198 1173 1242 eadem
1197 1199 1287 1257 ipsa
1315 1196 1478 1242 scilicet
1499 1213 1575 1257 per
1597 1199 1712 1245 hunc
1758 1200 1761 1266 ζ

329 1283 561 1312 numerum
578 1267 793 1312 insinuata
808 1268 1038 1327 temporali
1053 1268 1386 1326 dispensatione,
1405 1283 1504 1327 quae
1517 1267 1571 1312 ad
1583 1268 1715 1315 fidem
1756 1279 1759 1344 f

328 1338 546 1397 pertinet,
579 1337 770 1382 ascendit
790 1339 833 1381 in
856 1338 1017 1383 coelum
1037 1372 1048 1393 ,
1074 1347 1116 1382 et
1137 1337 1284 1381 decem
1314 1337 1406 1382 aliis
1437 1337 1590 1381 diebus
1617 1353 1714 1397 per-

329 1408 432 1452 actis
457 1408 570 1451 misit
599 1408 806 1467 Spiritum
828 1418 1024 1452 sanctum
1049 1427 1058 1453 2
1090 1408 1133 1452 id
1160 1417 1248 1462 est,
1274 1416 1322 1451 ut
1342 1423 1429 1451 non
1450 1406 1504 1452 ad
1523 1409 1712 1453 humana
1754 1424 1757 1440 ¹

328 1487 371 1522 et
402 1478 705 1536 temporaliass,
730 1477 804 1522 sed
828 1479 881 1522 ad
907 1478 1051 1523 divina
1075 1488 1118 1522 et
1146 1488 1306 1523 aeterna
1335 1478 1581 1522 contuenda
1603 1494 1712 1537 quo·
1752 1504 1755 1514 ·

327 1548 428 1592 dam
444 1550 599 1593 amoris
623 1559 665 1593 et
683 1550 902 1593 charitatis
916 1551 1180 1608 spiramento
1196 1559 1238 1593 et
1252 1548 1454 1593 incendio
1472 1548 1712 1608 quadrage·
1751 1561 1754 1580 ²

329 1620 448 1663 nario
471 1619 674 1665 denarius
698 1619 945 1665 adderetur.
966 1624 1021 1664 Et
1036 1620 1134 1664 ideo
1151 1622 1240 1681 jam
1258 1621 1341 1664 hoc
1365 1629 1504 1664 totum
1527 1655 1537 1674 ,
1561 1619 1604 1663 id
1626 1629 1708 1674 est,

327 1690 725 1749 quinquagenarius
755 1706 961 1734 numerus
991 1692 1158 1734 dierum
1182 1725 1192 1744 ,
1227 1690 1388 1735 laetitiae
1421 1689 1711 1738 celebratione

327 1760 564 1818 signandus
582 1770 660 1804 est.

390 1834 447 1874 3⁰.
485 1832 588 1874 Haec
608 1838 750 1874 autem
774 1829 863 1874 duo
888 1839 1105 1889 tempora,
1142 1828 1186 1874 id
1208 1838 1292 1884 est,
1317 1844 1454 1872 unum
1483 1828 1642 1874 laboris
1669 1838 1710 1875 et

325 1899 627 1944 sollicitudinis
647 1935 659 1956 ,
681 1899 864 1944 alterum
885 1900 1031 1957 gaudii
1049 1910 1091 1944 et
1113 1899 1372 1953 securitatis,
1399 1899 1525 1943 etiam
1550 1899 1710 1946 retibus

327 1972 463 2014 missis
483 1972 524 2013 in
554 1986 670 2014 mare
691 1972 896 2014 Dominus
919 1981 1064 2014 noster
1080 1971 1334 2030 significat&
1361 1973 1468 2015 Nam
1491 1979 1590 2014 ante
1612 1985 1708 2028 pas-

326 2041 490 2084 sionem
524 2040 578 2083 de
608 2040 790 2084 reticulo
821 2040 980 2084 dicitur
1007 2041 1135 2084 misso
1167 2041 1211 2083 in
1233 2055 1377 2097 mare3
1406 2041 1505 2098 quia
1541 2048 1708 2087 tantum

328 2112 504 2170 piscium
522 2121 779 2169 coeperunt,
810 2120 854 2154 ut
878 2112 943 2155 vix
964 2111 1018 2154 ad
1035 2111 1157 2154 littus
1176 2109 1386 2154 trahendo
1406 2108 1708 2168 perducerent,

326 2191 368 2224 et
391 2191 439 2224 ut
464 2183 567 2225 retia
606 2192 924 2240 rumperentur.
956 2184 1051 2226 Non
1075 2182 1189 2225 enim
1219 2182 1340 2224 missa
1363 2190 1463 2225 sunt
1487 2183 1531 2224 in
1560 2184 1708 2226 dexte-

327 2267 415 2295 ram
451 2262 647 2310 partem3
682 2252 813 2296 habet
847 2253 962 2296 enim
996 2252 1152 2296 multos
1189 2252 1322 2297 malos
1357 2252 1546 2296 Ecclesia
1582 2253 1707 2312 hujus

328 2323 530 2380 temporis
551 2341 559 2366 ε
585 2338 726 2381 neque
749 2323 793 2365 in
821 2322 1057 2376 sinistram,
1091 2323 1222 2368 habet
1246 2323 1361 2366 enini
1386 2322 1515 2366 etiam
1539 2323 1703 2369 honos:

325 2392 397 2435 sed
416 2394 593 2451 passim,
617 2402 662 2436 ut
682 2393 1013 2450 permixtionem
1027 2393 1242 2440 bonorum
1264 2393 1566 2453 malorumque
1583 2393 1704 2452 signi-

386 2455 404 2470 t

374 2501 382 2515 ¹
408 2506 414 2524 ι
439 2496 529 2526 Joan.
552 2505 598 2533 ιιι,
621 2503 663 2535 9.;
689 2493 811 2526 Ilabac.
829 2505 862 2532 n,
883 2495 926 2533 43
956 2497 1043 2526 Rom.
1070 2506 1091 2534 ι,
1116 2506 1174 2534 ι7;
1207 2494 1275 2526 lsai.
1298 2506 1353 2532 vn,
1376 2506 1417 2535 §m
1442 2498 1518 2526 Rom
1561 2505 1631 2531 vni,
1649 2494 1699 2526 23.
1732 2497 1735 2534 l

325 2556 391 2572 -2
413 2552 483 2581 Act.
505 2561 528 2585 ι,
551 2550 579 2580 3.
597 2548 667 2572 ...3
689 2549 731 2580 td.
755 2561 789 2589 ιι,
813 2560 839 2582 ι.
861 2549 927 2577 -lc
950 2550 1025 2580 Luc.
1048 2559 1078 2589 v,
1100 2549 1131 2579 6.

1744 1938 1746 1951 Ι

1743 1998 1746 2007 ι

1737 2339 1738 2347 ι

1735 2398 1737 2406 i

1771 1804 1778 1985 ἕ

1765 2223 1775 2610 ⁴
