1790 3187
328 181 405 218 164
752 195 785 221 s.
821 193 1049 224 AtGUSTlru
1082 197 1261 224 EPlSCOPI

321 256 438 299 unde
460 258 649 302 ostendit
675 258 928 318 Apostolus,
961 275 1049 304 non
1071 276 1122 304 ex
1154 260 1357 319 operibus
1387 261 1553 305 dictum
1575 277 1687 318 esse,

323 344 341 365 «
367 328 504 387 Major
523 329 678 373 serviet
698 330 876 373 minori?
895 348 914 371 »
935 331 975 375 Si
991 331 1196 390 quoniam
1210 331 1408 375 nondum
1430 332 1519 376 nati
1541 342 1687 378 erant:

317 411 407 441 non
435 397 574 442 solum
594 414 681 443 non
702 414 754 442 ex
777 400 995 458 operibus,
1020 402 1093 444 sed
1116 416 1195 445 nec
1224 416 1274 444 ex
1303 400 1388 444 fide
1411 401 1576 446 dictum
1605 411 1688 460 est3

318 467 420 528 quia
456 478 720 529 utrumque,
757 469 903 515 deerat
940 472 1135 515 nondum
1172 473 1298 516 natis.
1339 474 1436 517 Non
1472 473 1603 531 igitur
1642 489 1693 517 ex

319 539 585 598 praescientia
623 540 760 586 voluit
793 540 974 600 intelligi
1011 542 1170 588 factam
1205 543 1459 588 electionem
1501 545 1691 599 minoris,

317 620 367 655 ut
389 613 523 672 major
545 611 581 654 ei
610 612 801 656 serviret.
827 612 988 657 volens
1009 614 1123 657 enim
1151 614 1377 658 ostendere
1404 630 1492 659 non
1514 630 1564 658 ex
1588 630 1693 674 ope-

317 681 435 725 ribus
468 683 642 736 factam,
668 692 896 742 propterea
922 682 1085 738 intulit,
1106 683 1267 739 dicens,
1297 703 1317 726 «
1341 686 1451 730 Cum
1470 685 1584 728 enim
1607 700 1694 729 non

320 769 340 792 »
366 752 472 795 dum
495 753 584 797 nati
610 752 819 809 fuissent,
850 769 993 813 neque
1015 753 1179 814 aliquid
1216 755 1400 813 egissent
1428 755 1595 799 bonum
1621 770 1695 798 seu

317 841 338 863 »
364 824 543 867 malum.
574 843 593 866 »
620 825 826 884 Alioquin
864 834 1031 885 poterat
1057 826 1096 869 ei
1140 825 1248 881 dici,
1294 826 1377 870 Sed
1411 827 1500 886 jam
1532 826 1695 870 sciebat
1727 835 1732 844 ⁴

317 896 429 938 Deus
443 929 453 949 ,
490 894 586 955 quis
621 896 730 956 quid
767 906 876 940 esset
910 905 1096 940 acturus.
1139 897 1431 950 Quamobrem
1465 896 1582 940 unde
1622 895 1694 940 illa

314 962 468 1008 electio
493 964 605 1010 facta
635 966 689 1010 sit
710 967 922 1026 quaeritur
945 985 953 1011 ε
974 967 1073 1026 quia
1094 967 1128 1010 si
1150 981 1238 1010 non
1270 982 1320 1010 ex
1342 966 1571 1025 operibus,
1596 982 1694 1026 quae

314 1050 402 1079 non
421 1045 543 1079 erant
560 1037 605 1080 in
622 1036 819 1081 nondum
838 1038 965 1097 natis,
984 1053 1064 1083 nec
1084 1053 1134 1082 ex
1151 1037 1252 1094 fide,
1267 1038 1369 1098 quia
1383 1053 1462 1082 nec
1479 1039 1569 1097 ipsa
1586 1046 1692 1096 erat,

315 1106 433 1150 unde
468 1107 624 1165 igitur?

374 1180 419 1219 6Ο
439 1180 506 1221 An
524 1177 756 1222 dicendum
771 1189 834 1224 est
856 1179 977 1239 quod
1005 1179 1124 1224 nulla
1150 1179 1304 1224 electio
1326 1180 1456 1224 fuerit
1478 1195 1567 1224 non
1584 1180 1693 1224 exis-

315 1256 434 1291 tente
457 1247 600 1307 aliqua
622 1249 866 1292 diversitate
889 1251 933 1293 in
952 1259 1075 1293 utero
1096 1250 1242 1293 matris
1268 1250 1337 1294 vel
1360 1249 1476 1304 fidei,
1500 1249 1569 1295 vel
1592 1266 1694 1310 ope·
1758 1300 1760 1311 ν

316 1334 430 1371 rum,
450 1318 518 1363 vel
535 1319 833 1378 quorumlibet
847 1320 1024 1364 omnino
1042 1319 1319 1364 meritorum?
1339 1319 1421 1364 Sed
1436 1319 1600 1365 dictum
1614 1329 1691 1376 est,

320 1408 340 1430 «
367 1391 423 1432 Ut
451 1390 693 1433 secundum
726 1389 982 1450 electionem
1013 1391 1284 1449 propositum
1315 1391 1389 1434 Dei
1413 1394 1647 1436 maneret1.
1672 1409 1691 1432 »
1756 1391 1759 1410 ¹

317 1461 373 1502 Et
390 1458 487 1503 ideo
511 1459 761 1519 quaerimus,
787 1460 888 1519 quia
916 1461 1082 1504 dictum
1107 1471 1183 1504 est.
1205 1461 1293 1506 Nisi
1316 1459 1426 1504 forte
1444 1462 1503 1505 sic
1520 1471 1583 1505 est
1605 1461 1693 1505 dis·
1754 1487 1756 1517 μ

318 1531 556 1588 tinguenda
587 1532 820 1585 sententia,
853 1546 943 1575 non
971 1540 1021 1575 ut
1049 1530 1338 1588 intelligamus
1362 1541 1572 1592 tanquam
1597 1532 1694 1576 ideo
1753 1567 1755 1574 .

320 1620 339 1643 «
360 1618 448 1646 non
464 1619 513 1647 ex
535 1603 755 1661 operibus,
778 1601 854 1645 sed
871 1617 920 1645 ex
940 1611 1122 1646 vocante
1144 1601 1309 1646 dictum
1327 1618 1432 1658 esse,
1457 1604 1594 1662 Major
1612 1618 1695 1647 ser·
1752 1601 1753 1622 ³

318 1692 338 1715 »
361 1674 447 1718 viet
482 1674 660 1728 minori,
685 1683 736 1717 ut
763 1672 1282 1717 secundum‘electionem
1317 1675 1586 1733 propositum
1619 1674 1694 1718 Dei
1750 1687 1752 1708 ³

319 1762 339 1786 »
366 1753 562 1789 maneret
588 1763 597 1789 ε
622 1764 639 1785 »
667 1743 813 1788 sedita
834 1744 999 1803 potius,
1025 1753 1074 1788 ut
1098 1744 1152 1788 ad
1178 1746 1260 1789 hoc
1288 1744 1342 1788 de
1365 1745 1562 1789 nondum
1585 1745 1694 1789 natis
1748 1750 1751 1789 ε’

317 1827 360 1862 et
388 1816 586 1862 nondum
605 1816 773 1876 aliquid
794 1816 979 1875 operatis
1002 1816 1250 1876 exemplum
1270 1815 1421 1861 datum
1442 1817 1690 1877 accipiatur,

318 1903 372 1931 ne
391 1888 535 1946 aliqua
552 1886 704 1931 electio
721 1887 790 1930 hic
814 1887 946 1945 possit
965 1886 1163 1945 intelligi.
1191 1906 1207 1927 »
1231 1889 1341 1931 Cum
1363 1888 1477 1931 enim
1499 1889 1693 1933 nondum

321 1977 341 2000 »
367 1959 456 2002 nati
476 1957 680 2013 fuissent,
711 1973 852 2017 neque
882 1957 1047 2017 aliquid
1079 1957 1262 2015 egissent
1292 1958 1380 2001 sive
1407 1958 1574 2002 bonum
1606 1959 1693 2003 sive
1743 1959 1745 2007 ἶ

313 2046 340 2070 -»
367 2027 547 2082 malum,
576 2037 626 2071 ut
653 2028 893 2071 secundum
917 2027 1170 2071 electionem
1205 2029 1472 2087 propositum
1496 2029 1574 2072 Dei
1602 2044 1695 2072 ma·-
1742 2023 1743 2062 i

320 2117 339 2139 »
363 2107 508 2156 nereto,
533 2116 553 2139 »
582 2098 628 2141 id
651 2106 735 2152 est,
759 2112 902 2157 neque
924 2096 1087 2157 aliquid
1110 2097 1295 2155 egissent
1318 2098 1485 2141 bonum
1507 2106 1581 2141 aut
1603 2113 1691 2142 ma-

315 2167 424 2224 lum,
451 2178 499 2212 ut
517 2177 693 2228 propter
713 2168 852 2227 ipsam
868 2168 1081 2212 actionem
1114 2167 1269 2212 electio
1291 2167 1435 2227 aliqua
1458 2169 1580 2211 fieret
1602 2169 1692 2227 ejus

316 2240 391 2299 qui
411 2240 520 2283 bene
540 2247 685 2298 egerat
705 2258 714 2284 :
738 2253 838 2282 cum
860 2253 962 2297 ergo
979 2237 1098 2281 nulla
1123 2247 1232 2282 esset
1258 2237 1411 2282 electio
1430 2238 1541 2281 bene
1559 2253 1691 2296 agen-

316 2312 390 2366 tis,
415 2310 655 2354 secundum
678 2325 809 2370 quam
837 2318 1031 2353 maneret
1060 2309 1329 2368 propositum
1361 2309 1497 2363 Dei„«
1531 2324 1620 2353 non
1643 2324 1691 2353 ex

317 2401 337 2424 »
358 2383 576 2441 operibus,
602 2381 677 2426 sed
694 2396 745 2425 ex
762 2389 961 2435 vocante,
981 2398 1000 2421 »
1018 2379 1065 2423 id
1084 2389 1162 2434 est,
1180 2395 1230 2423 ex
1251 2395 1301 2423 eo
1323 2380 1398 2439 qui
1415 2379 1611 2425 vocando
1635 2377 1688 2423 ad
1734 2379 1736 2424 ῐ

313 2453 445 2498 fldem
464 2454 597 2513 gratia
614 2453 820 2512 justificat
841 2451 1039 2511 impium,
1067 2470 1087 2493 «
1112 2450 1276 2495 dictum
1298 2459 1361 2495 est
1381 2451 1435 2506 ei,
1457 2451 1567 2504 Quia
1589 2464 1682 2495 ma·
1732 2463 1733 2493 i

364 2544 371 2561 ¹
396 2540 485 2569 Rom.
505 2549 550 2578 υς,
572 2548 622 2570 11.

1737 2171 1741 2260 i

1736 2263 1739 2350 ί
1780 2256 1782 2265 ¹

1779 2303 1782 2349 Ι
