1790 3187
592 258 792 286 ενιετοιᾼ
825 259 954 286 xxm.
1381 249 1461 288 311

81 323 320 383 glorientur
335 355 346 375 ‚
371 321 636 366 Christianos
659 322 924 381 rebaptizare
947 338 1034 366 non
1053 321 1280 376 dubitant,
1305 323 1468 383 quibus

80 394 222 439 verbis
243 402 437 451 poteram
461 392 697 435 detestarer
711 426 723 446 ,
748 408 835 436 non
855 393 1092 436 defuerunt
1113 391 1359 436 laudatores
1378 393 1465 448 tui,

80 464 155 524 qui
183 464 290 507 mihi
319 463 513 506 dicerent
535 472 578 506 te
599 463 677 506 ista
703 478 789 507 non
814 464 970 506 facere.
999 465 1180 517 Fateor,
1211 463 1351 522 primo
1379 478 1469 507 non

79 533 258 580 credidi.
288 533 451 577 Deinde
468 533 744 577 considerans
768 548 890 592 posse
912 532 1005 577 fieri
1028 543 1076 577 ut
1103 534 1289 577 animam
1311 535 1469 578 huma·

79 620 180 649 nam
199 605 254 648 de
276 604 424 650 sutura
443 604 529 648 vita
549 605 812 663 cogitantem
838 605 914 648 Dei
936 605 1065 648 timor
1083 603 1328 659 invaderet,
1348 614 1399 648 ut
1424 619 1469 649 se

79 675 135 720 ab
167 675 328 720 scelere
360 676 628 734 apertissimo
664 685 953 735 temperaret,
991 675 1230 731 gratulatus
1272 676 1468 731 credidi,

78 746 197 807 quod
220 746 295 790 tali
320 746 540 806 proposito
563 748 618 790 ab
642 746 830 791 Ecclesia
849 746 1059 791 catholica
1085 747 1275 791 nolueris
1293 762 1384 791 esse
1407 747 1471 791 ni·

78 817 159 861 mis
180 817 361 860 alienus.
384 816 642 870 Quaerebam
662 833 764 861 sane
780 817 1048 861 occasionem
1066 815 1274 876 loquendi
1297 826 1440 861 tecum
1456 851 1469 872 ,

76 897 126 931 ut
147 887 181 930 si
197 888 287 931 lieri
311 897 453 946 posset
472 902 520 930 ea
537 922 548 941 ,
575 903 673 946 quae
695 903 826 946 parva
851 896 1138 940 remanserat,
1159 888 1272 930 inter
1290 903 1368 930 nos
1389 886 1471 930 dis-

76 959 216 1003 sentio
244 956 471 1002 tolleretur
497 976 506 1002 ε
540 973 638 1001 cum
665 972 764 1001 ecce
790 966 891 1001 ante
919 973 1080 1016 paucos
1115 957 1206 1000 dies
1235 956 1470 1001 diaconum

75 1039 269 1074 nostrum
292 1032 685 1086 Mutugennensem
717 1038 758 1072 te
783 1030 1071 1087 rebaptizasse
1099 1028 1350 1072 nuntiatum
1387 1037 1465 1072 est.

76 1098 201 1145 Dolui
221 1101 522 1154 vehementer,
543 1108 585 1143 et
601 1099 716 1143 illius
736 1099 1022 1143 miserabilem
1041 1099 1207 1158 lapsum
1223 1135 1234 1152 ,
1256 1109 1298 1143 et
1318 1109 1468 1154 tuum,

75 1169 209 1216 frater
224 1207 235 1225 ,
255 1172 528 1231 inopinatum
547 1172 701 1215 scelus.
724 1171 833 1215 Novi
856 1172 970 1215 enim
990 1187 1088 1231 quae.
1106 1172 1159 1215 sit
1182 1170 1371 1215 Ecclesia
1397 1186 1472 1215 ca-

76 1241 251 1286 tholica.
273 1243 432 1285 Gentes
454 1250 556 1285 sunt
573 1242 801 1285 haereditas
820 1242 1003 1295 Christi,
1025 1251 1067 1285 et
1086 1241 1295 1300 possessio
1310 1241 1470 1285 Christi

76 1313 251 1357 termini
280 1322 419 1356 terrae.
445 1312 585 1357 Nostis
608 1322 650 1356 et
669 1328 765 1365 vos,
792 1322 866 1356 aut
889 1312 921 1355 si
944 1328 1028 1355 non
1049 1312 1206 1365 nostis,
1233 1311 1468 1365 advertite,

76 1382 279 1428 facillime
299 1400 320 1428 a
343 1384 592 1428 volentibus
615 1384 711 1428 scii-i
735 1393 890 1443 potest.
923 1383 1209 1442 Rebaptizare
1227 1382 1360 1440 igitur
1378 1383 1470 1425 hae-

76 1455 259 1499 reticum
287 1455 539 1507 hominem,
573 1455 647 1513 qni
679 1456 772 1499 haec
804 1454 1042 1498 sanctitatis
1072 1454 1190 1511 signa
1229 1452 1471 1512 perceperit

75 1541 174 1585 quse
197 1525 421 1569 Chritiana
442 1524 618 1568 tradidit
643 1524 868 1583 disciplina
888 1559 899 1577 ,
919 1524 1098 1567 omnino
1123 1533 1347 1582 peccatum
1368 1532 1432 1567 est
1457 1541 1467 1568 ε

75 1597 340 1655 rebaptizare
366 1606 510 1639 autem
535 1595 820 1649 catholicum,
846 1595 1202 1638 immanissimum
1226 1594 1364 1639 scelus
1387 1603 1466 1638 est.

77 1670 236 1712 Tamen
256 1683 343 1711 non
366 1668 474 1711 adeo
490 1666 692 1719 credens,
713 1667 814 1726 quia
834 1666 888 1709 de
907 1677 946 1710 te
962 1666 1066 1709 mihi
1086 1667 1195 1709 bene
1214 1679 1467 1724 persuasum

73 1739 299 1790 tenebam,
326 1741 641 1796 Mutugennam
662 1738 752 1797 ipsc
776 1737 966 1796 perrexi,
990 1748 1031 1781 et
1054 1752 1153 1780 eum
1173 1736 1350 1796 quidem
1382 1736 1466 1779 mi-

73 1824 216 1853 serum
237 1807 384 1851 videre
407 1824 495 1851 non
523 1808 673 1866 potui,
713 1823 735 1851 a
771 1809 1022 1867 parentibus
1049 1822 1152 1851 vero
1174 1807 1265 1866 ejus
1288 1805 1435 1849 audivi
1452 1840 1464 1861 ‚

73 1879 192 1940 quod
215 1889 354 1923 vester
371 1881 459 1939 jam
480 1880 607 1923 etiam
632 1879 840 1923 diaconus
864 1878 1001 1922 factus
1023 1878 1091 1922 sit.
1126 1880 1180 1922 Et
1208 1889 1352 1921 tamen
1377 1887 1464 1921 tam

74 1951 187 1994 bene
206 1949 350 1993 adhuc
372 1949 486 1993 dete
509 1959 586 1994 tuo
604 1949 735 1994 corde
767 1949 906 1994 sentio
922 1984 934 2004 ,
957 1959 1005 1993 ut
1024 1964 1124 1992 eum
1148 1948 1463 2008 rebaptizatum

72 2036 162 2066 esse
182 2036 269 2064 non
293 2019 483 2064 credam.

132 2094 213 2135 ΙΙΙ.
241 2094 383 2144 Quare
406 2100 463 2144 te,
482 2088 616 2133 frater
633 2089 924 2141 dilectissime,
942 2103 1019 2147 per
1035 2088 1304 2133 divinitatem
1322 2097 1364 2132 et
1377 2087 1463 2131 hu-

73 2163 324 2206 manitatem
348 2161 519 2205 Domini
542 2161 675 2204 nostri
702 2163 803 2204 Jesu
827 2160 986 2205 Christi
1009 2161 1190 2204 obsecro
1207 2194 1217 2213 ,
1242 2168 1291 2203 ut
1313 2158 1465 2202 rescri-

75 2231 174 2276 bere
207 2232 313 2275 mihi
341 2231 528 2289 digneris
551 2230 656 2290 quid
683 2240 850 2290 gestum
871 2231 939 2274 sit.
966 2233 1023 2274 Et
1042 2230 1101 2274 sie
1125 2229 1359 2273 rescribere
1377 2263 1387 2283 ,
1415 2237 1465 2272 ut

74 2303 242 2346 noveris
275 2318 344 2346 me
376 2303 422 2345 in
452 2301 628 2345 ecelesia
659 2301 865 2346 fratribus
899 2301 1054 2344 nostris
1084 2298 1310 2359 epistolam
1341 2307 1463 2343 tuam

72 2373 183 2419 velle
205 2374 399 2418 recitare.
427 2372 556 2426 Quod
581 2373 679 2416 ideo
701 2372 876 2432 scripsi,
907 2386 962 2415 ne
985 2386 1084 2415 cum
1106 2371 1150 2414 id
1176 2379 1320 2429 postea
1344 2368 1461 2414 facc-

75 2458 187 2497 rem,
215 2444 337 2505 quod
360 2459 428 2487 me
452 2459 540 2488 non
573 2459 764 2502 sperares
791 2457 881 2486 esse
913 2441 1128 2486 facturum
1151 2475 1162 2495 ,
1192 2440 1463 2485 ostenderem

72 2514 324 2559 charitatem
343 2524 461 2558 tuam
475 2549 486 2568 ,
507 2524 546 2558 et
564 2515 724 2574 justam
743 2513 797 2557 de
815 2529 883 2556 me
900 2513 1018 2571 apud
1036 2527 1288 2555 communes
1305 2511 1463 2555 amicos

74 2583 294 2644 querelam
316 2585 570 2644 deponeres.
592 2583 710 2636 Quid
733 2598 837 2642 ergo
858 2592 900 2627 te
921 2581 1129 2641 impediat
1151 2582 1206 2626 ad
1228 2581 1462 2627 rescriben-
