1790 3187
358 182 441 224 282
795 198 828 224 s.
864 193 1096 224 meus-nm
1126 187 1308 224 Enscom

356 261 436 304 mis
464 260 605 319 longae
634 267 809 314 noctes,
841 272 921 304 nee
948 274 972 304 a
1003 273 1073 303 me
1105 267 1208 304 totae
1242 259 1548 304 dormiuntur:
1586 259 1661 304 sed
1686 263 1770 304 ΒΕ·

354 330 568 390 objiciunt
584 330 716 387 magis
730 329 959 388 cogitanda
981 345 1082 374 cum
1100 330 1237 374 otium
1254 337 1333 384 est,
1345 344 1444 389 quar
1453 329 1732 375 diffirmando
1766 334 1768 382 ἶ

353 409 454 445 sunt
481 401 571 446 otio
592 401 842 444 necessaria.
868 400 983 453 Quid
1017 414 1119 459 ergo
1154 399 1326 454 faciam,
1359 408 1585 443 mutus-ne
1614 397 1733 459 apud

354 480 413 526 te,
434 487 489 516 an
503 472 660 516 tacitus
675 472 752 515 sim
770 471 788 515 ἱ)
810 480 1012 515 neutrum
1033 472 1112 525 vis,
1130 479 1335 514 neutrum
1352 470 1466 515 volo.
1490 473 1634 524 Quare
1655 484 1732 529 age
1765 491 1767 530 3

354 550 486 600 atque
508 541 653 600 accipe
674 541 792 600 quod
815 540 870 584 de
892 555 962 584 me
980 539 1210 584 excludere
1232 540 1375 597 potuit
1396 540 1601 584 ultimum
1623 555 1732 585 noc·-

353 611 422 665 tis‚
446 612 643 670 quandiu
660 610 969 670 exequebatur,
993 625 1083 670 quo
1097 611 1191 654 haec
1208 610 1387 669 epistola
1400 611 1556 669 scripta
1573 619 1652 654 est.

413 683 471 724 ΙΙ.
489 683 669 726 Necesse
696 689 760 724 est
782 689 823 724 te
841 680 1085 724 meminisse
1107 678 1226 739 quod
1246 679 1399 723 crebro
1412 679 1525 723 inter
1541 694 1619 724 nos
1641 695 1731 723 ser·
1764 684 1765 723 3

352 763 480 794 mone
503 751 712 810 jactatum
737 758 816 804 est,
846 764 1011 809 nosque
1028 750 1207 809 jactavit
1228 749 1479 793 anhelantes
1502 759 1632 809 atque
1648 764 1732 793 aes-
1764 759 1765 804 ζ

351 828 540 875 mantes,
566 819 620 863 de
635 821 790 864 animae
805 819 985 874 scilicet,
1010 818 1080 864 vel
1091 827 1303 878 perpetuo
1317 818 1507 879 quodam
1532 833 1728 879 corpore,
1764 811 1765 836 ἶ

350 888 418 932 vel
442 890 562 948 quasi
584 905 778 947 corpore,
797 890 917 948 quod
941 905 964 933 a
982 888 1206 933 nonnullis
1227 889 1357 932 etiam
1376 888 1462 933 dici
1480 888 1734 934 vehiculum
1764 882 1765 885 ¹

351 959 603 1003 recordaris.
629 962 769 1012 Quam
795 975 883 1003 rem
907 968 1038 1014 certe,
1063 959 1275 1019 siquidem
1298 959 1396 1003 loco
1411 967 1625 1013 movetur,
1643 973 1734 1003 non
1762 999 1763 1014 2

349 1044 438 1073 esse
455 1029 788 1088 intelligibilem,
814 1030 981 1074 clarum
1003 1039 1081 1073 est.
1109 1028 1334 1089 Quidquid
1357 1038 1503 1073 autem
1525 1029 1733 1087 intelligi-
1762 1018 1763 1054 ³

349 1099 435 1142 bile
466 1114 554 1143 non
582 1108 671 1154 est,
695 1099 881 1157 intelligi
914 1114 1002 1143 non
1031 1108 1188 1158 potest.
1225 1102 1282 1143 At
1313 1097 1433 1158 quod
1460 1097 1731 1143 intellectum

349 1168 478 1225 fugit,
498 1169 531 1212 si
548 1168 698 1212 saltem
717 1184 890 1213 sensum
907 1184 996 1213 non
1013 1169 1187 1227 refugit,
1209 1169 1422 1213 aestimare
1442 1168 1545 1213 inde
1567 1169 1732 1229 aliquid
1760 1178 1763 1208 ἑ

347 1239 637 1283 verisimiliter
674 1255 764 1284 non
801 1255 1116 1300 usquequaque
1160 1240 1416 1299 denegatur.
1463 1240 1594 1293 Quod
1629 1255 1733 1285 vero
1760 1237 1762 1276 ῗ

347 1325 490 1370 neque
521 1309 703 1369 intelligi
734 1326 876 1371 neque
907 1311 1051 1356 sentiri
1092 1320 1263 1371 potest,
1297 1312 1570 1355 temerariam
1603 1311 1732 1356 nimis
1759 1326 1762 1368 j

347 1389 478 1439 atque
493 1381 766 1439 nugatoriam
790 1382 927 1440 gignit
943 1382 1190 1440 opinionem
1204 1402 1214 1439 3
1229 1390 1273 1425 et
1288 1382 1371 1426 hoc
1389 1382 1445 1425 de
1462 1396 1550 1441 quo
1565 1381 1732 1439 agimus
1760 1370 1762 1418 Ψ

346 1449 433 1493 tale
456 1458 535 1505 est,
561 1450 595 1493 si
619 1459 765 1494 tamen
787 1460 865 1495 est.
891 1453 981 1496 Cur
1003 1466 1105 1509 ergo
1122 1487 1133 1506 ,
1158 1466 1306 1511 quaeso
1329 1460 1387 1507 te,
1412 1466 1502 1495 non
1534 1451 1660 1495 nobis
1677 1451 1732 1496 ad
1757 1471 1761 1503 1

345 1519 459 1563 hanc
475 1519 839 1579 quaestiunculam
862 1520 1093 1565 indicimus
1112 1520 1254 1575 ferias,
1275 1529 1318 1564 et
1343 1535 1422 1564 nos
1444 1529 1557 1564 totos
1577 1520 1732 1579 impre-
1758 1506 1762 1539 ³

344 1600 441 1635 cato
466 1594 556 1635 Deo
577 1593 623 1635 in
644 1607 857 1636 summam
875 1592 1149 1636 serenitatem
1168 1601 1336 1636 naturae
1358 1606 1526 1636 summe
1546 1591 1732 1636 viventis

347 1661 585 1706 attollimus
607 1664 625 1706 Ρ

406 1734 488 1774 ΙΙΙ.
521 1732 601 1776 Hic
624 1731 801 1776 forsitan
831 1731 962 1786 dicas,
991 1745 1245 1791 quanquam
1266 1743 1448 1789 corpore
1469 1729 1634 1789 perpiei
1651 1745 1732 1774 ne·
1756 1734 1760 1799 s

346 1811 524 1860 queant,
543 1802 679 1846 multa
702 1817 779 1846 nos
797 1811 942 1845 tamen
962 1801 1016 1845 ad
1033 1817 1189 1860 corpus
1210 1801 1469 1860 pertinentia
1482 1800 1732 1859 intelligibi-
1760 1825 1762 1831 f

345 1871 444 1914 liter
478 1887 600 1930 posse
627 1872 876 1931 percipere,
898 1881 948 1915 ut
974 1881 1040 1915 est
1063 1873 1183 1931 quod
1213 1872 1412 1916 novimus
1432 1885 1522 1915 esse
1556 1885 1728 1929 corpus,
1756 1882 1758 1926 j

347 1940 452 1993 Quis
492 1942 606 1984 enim
644 1950 799 2000 neget,
835 1951 910 1985 aut
936 1942 1032 2001 quis
1066 1943 1150 1985 hoc
1188 1940 1420 1985 verisimile
1451 1941 1731 2000 potiusquam
1755 1963 1763 2022 ἑ

347 2025 496 2054 verum
521 2026 609 2054 esse
632 2011 845 2054 fateatur?
870 2015 934 2054 Ita
956 2026 1057 2055 cum
1081 2012 1221 2069 ipsum
1245 2026 1402 2070 corpus
1424 2011 1638 2054 versimile
1660 2010 1730 2064 sit,

347 2095 436 2123 esse
459 2089 602 2124 tamen
627 2081 672 2123 in
700 2089 854 2124 natura
878 2080 963 2124 tale
991 2079 1198 2140 quiddam
1219 2081 1487 2124 verissimum
1504 2088 1596 2137 est3
1631 2046 1763 2138 ergoi

345 2165 502 2207 corpus
519 2149 736 2203 sensibile,
752 2164 840 2193 esse
859 2158 1006 2193 autem
1020 2164 1178 2208 corpus
1199 2148 1474 2208 intelligibile
1485 2148 1730 2209 judicatur:

347 2236 435 2264 non
464 2221 577 2263 enim
602 2229 745 2278 posset
773 2219 895 2264 aliter
928 2221 1105 2279 percipi.
1134 2223 1198 2264 Ita
1222 2221 1365 2264 nescio
1391 2220 1498 2279 quid
1519 2219 1653 2274 illud,
1679 2219 1734 2262 de
1756 2251 1757 2255 ,

347 2305 435 2350 quo
468 2291 724 2350 quaerimus,
751 2305 905 2349 corpus
921 2325 932 2346 ,
953 2305 1042 2350 quo
1079 2291 1206 2353 inniti
1228 2291 1392 2344 anima,
1413 2298 1463 2333 ut
1481 2289 1536 2333 de
1557 2289 1654 2333 loco
1677 2287 1732 2332 ad

348 2361 489 2404 locum
524 2369 727 2415 transeat,
753 2370 948 2420 putatur,
969 2375 1222 2420 quanquam
1245 2361 1410 2403 etiamsi
1432 2374 1521 2403 non
1538 2359 1732 2403 sensibus

348 2432 519 2486 nostris,
542 2441 685 2476 tamen
703 2433 964 2491 quibusdam
984 2432 1114 2489 longe
1136 2432 1424 2488 vegetioribus
1439 2430 1635 2474 sensibile
1657 2430 1730 2482 sit,

348 2510 494 2544 utrum
522 2510 665 2545 tamen
686 2503 755 2555 sit,
776 2501 1105 2558 intelligibiliter
1127 2500 1329 2558 cognosci
1350 2509 1506 2558 potest.

1744 2513 1750 2740 ἒ

1742 2742 1747 2967 Ι

1741 3002 1746 3187 ι
