<?xml version="1.0" encoding="UTF-8"?>
<!DOCTYPE html PUBLIC "-//W3C//DTD XHTML 1.0 Transitional//EN"
    "http://www.w3.org/TR/xhtml1/DTD/xhtml1-transitional.dtd">
<html xmlns="http://www.w3.org/1999/xhtml" xml:lang="en" lang="en">
 <head>
  <title>
</title>
<meta http-equiv="Content-Type" content="text/html;charset=utf-8" />
  <meta name='ocr-system' content='tesseract 3.04.00' />
  <meta name='ocr-capabilities' content='ocr_page ocr_carea ocr_par ocr_line ocrx_word'/>
</head>
<body>
  <div class='ocr_page' id='page_1' title='image "./operaomniaaccura38auguuoft/operaomniaaccura38auguuoft_0066.png"; bbox 0 0 1790 3187; ppageno 0'>
   <div class='ocr_carea' id='block_1_1' title="bbox 324 235 1272 272">
    <p class='ocr_par' dir='ltr' id='par_1_1' title="bbox 324 235 1272 272">
     <span class='ocr_line' id='line_1_1' title="bbox 324 235 1272 272; baseline -0.002 0"><span class='ocrx_word' id='word_1_1' title='bbox 324 235 377 272; x_wconf 79' lang='lat' dir='ltr'>5ss</span> <span class='ocrx_word' id='word_1_2' title='bbox 757 243 789 270; x_wconf 87' lang='lat' dir='ltr'>s.</span> <span class='ocrx_word' id='word_1_3' title='bbox 830 242 1058 270; x_wconf 74' lang='lat' dir='ltr'><strong>AUGUSTINI</strong></span> <span class='ocrx_word' id='word_1_4' title='bbox 1093 243 1272 270; x_wconf 65' lang='lat' dir='ltr'>umseom</span> 
     </span>
    </p>
   </div>
   <div class='ocr_carea' id='block_1_2' title="bbox 314 309 1767 2489">
    <p class='ocr_par' dir='ltr' id='par_1_2' title="bbox 320 309 1705 370">
     <span class='ocr_line' id='line_1_2' title="bbox 320 309 1705 370; baseline 0.001 -15"><span class='ocrx_word' id='word_1_5' title='bbox 320 310 435 356; x_wconf 90' lang='lat' dir='ltr'>tolus</span> <span class='ocrx_word' id='word_1_6' title='bbox 452 319 601 356; x_wconf 87' lang='lat' dir='ltr'>monet</span> <span class='ocrx_word' id='word_1_7' title='bbox 627 329 636 356; x_wconf 70' lang='grc' dir='ltr'><em>ι</em></span> <span class='ocrx_word' id='word_1_8' title='bbox 661 328 681 352; x_wconf 90' lang='lat'>«</span> <span class='ocrx_word' id='word_1_9' title='bbox 703 309 861 354; x_wconf 86' lang='lat' dir='ltr'>Probet</span> <span class='ocrx_word' id='word_1_10' title='bbox 878 317 1022 353; x_wconf 83' lang='lat' dir='ltr'>autem</span> <span class='ocrx_word' id='word_1_11' title='bbox 1041 323 1084 353; x_wconf 92' lang='lat' dir='ltr'>se</span> <span class='ocrx_word' id='word_1_12' title='bbox 1105 309 1260 365; x_wconf 91' lang='lat' dir='ltr'>homo,</span> <span class='ocrx_word' id='word_1_13' title='bbox 1285 309 1445 370; x_wconf 92' lang='lat' dir='ltr'>inquit,</span> <span class='ocrx_word' id='word_1_14' title='bbox 1473 319 1516 354; x_wconf 90' lang='lat' dir='ltr'>et</span> <span class='ocrx_word' id='word_1_15' title='bbox 1534 319 1641 356; x_wconf 87' lang='lat' dir='ltr'>tunc</span> <span class='ocrx_word' id='word_1_16' title='bbox 1659 313 1705 358; x_wconf 87' lang='lat' dir='ltr'>in</span> 
     </span>
    </p>

    <p class='ocr_par' dir='ltr' id='par_1_3' title="bbox 321 378 1735 513">
     <span class='ocr_line' id='line_1_3' title="bbox 324 378 1735 441; baseline 0.003 -18"><span class='ocrx_word' id='word_1_17' title='bbox 324 400 342 423; x_wconf 84' lang='lat'>»</span> <span class='ocrx_word' id='word_1_18' title='bbox 368 383 597 441; x_wconf 88' lang='lat' dir='ltr'>semetipso</span> <span class='ocrx_word' id='word_1_19' title='bbox 618 379 799 424; x_wconf 90' lang='lat' dir='ltr'>habebit</span> <span class='ocrx_word' id='word_1_20' title='bbox 822 378 1024 438; x_wconf 85' lang='lat' dir='ltr'>gloriam,</span> <span class='ocrx_word' id='word_1_21' title='bbox 1048 388 1091 423; x_wconf 90' lang='lat' dir='ltr'>et</span> <span class='ocrx_word' id='word_1_22' title='bbox 1114 394 1204 424; x_wconf 90' lang='lat' dir='ltr'>non</span> <span class='ocrx_word' id='word_1_23' title='bbox 1225 380 1270 423; x_wconf 91' lang='lat' dir='ltr'>in</span> <span class='ocrx_word' id='word_1_24' title='bbox 1288 379 1463 424; x_wconf 65' lang='lat' dir='ltr'>alter-01.</span> <span class='ocrx_word' id='word_1_25' title='bbox 1490 379 1705 428; x_wconf 82' lang='lat' dir='ltr'>Tardante</span> <span class='ocrx_word' id='word_1_26' title='bbox 1732 378 1735 381; x_wconf 60' lang='grc'><em>’</em></span> 
     </span>
     <span class='ocr_line' id='line_1_4' title="bbox 321 449 1706 513; baseline 0.003 -19"><span class='ocrx_word' id='word_1_27' title='bbox 321 471 341 494; x_wconf 85' lang='grc'>»</span> <span class='ocrx_word' id='word_1_28' title='bbox 367 468 470 498; x_wconf 87' lang='lat' dir='ltr'>vero</span> <span class='ocrx_word' id='word_1_29' title='bbox 492 467 650 512; x_wconf 84' lang='lat' dir='ltr'>sponso</span> <span class='ocrx_word' id='word_1_30' title='bbox 677 449 1024 494; x_wconf 83' lang='lat' dir='ltr'>dormitaverunt</span> <span class='ocrx_word' id='word_1_31' title='bbox 1054 465 1230 508; x_wconf 80' lang='lat' dir='ltr'>omnes3</span> <span class='ocrx_word' id='word_1_32' title='bbox 1258 468 1278 491; x_wconf 92' lang='lat'>»</span> <span class='ocrx_word' id='word_1_33' title='bbox 1306 450 1407 510; x_wconf 82' lang='lat' dir='ltr'>quia</span> <span class='ocrx_word' id='word_1_34' title='bbox 1439 466 1490 495; x_wconf 86' lang='lat' dir='ltr'>ex</span> <span class='ocrx_word' id='word_1_35' title='bbox 1517 461 1706 513; x_wconf 88' lang='lat' dir='ltr'>utroque</span> 
     </span>
    </p>

    <p class='ocr_par' dir='ltr' id='par_1_4' title="bbox 319 520 1704 582">
     <span class='ocr_line' id='line_1_5' title="bbox 319 520 1704 582; baseline 0 -15"><span class='ocrx_word' id='word_1_36' title='bbox 319 537 474 581; x_wconf 79' lang='lat' dir='ltr'>genere</span> <span class='ocrx_word' id='word_1_37' title='bbox 505 520 822 567; x_wconf 85' lang='lat' dir='ltr'>continentium</span> <span class='ocrx_word' id='word_1_38' title='bbox 853 520 1108 575; x_wconf 82' lang='lat' dir='ltr'>hominum,</span> <span class='ocrx_word' id='word_1_39' title='bbox 1149 521 1236 564; x_wconf 85' lang='lat' dir='ltr'>sive</span> <span class='ocrx_word' id='word_1_40' title='bbox 1271 535 1423 565; x_wconf 90' lang='lat' dir='ltr'>eorum</span> <span class='ocrx_word' id='word_1_41' title='bbox 1453 522 1529 582; x_wconf 90' lang='lat' dir='ltr'>qui</span> <span class='ocrx_word' id='word_1_42' title='bbox 1559 537 1704 568; x_wconf 86' lang='lat' dir='ltr'>coram</span> 
     </span>
    </p>

    <p class='ocr_par' dir='ltr' id='par_1_5' title="bbox 314 590 1767 2489">
     <span class='ocr_line' id='line_1_6' title="bbox 319 590 1759 649; baseline 0.001 -13"><span class='ocrx_word' id='word_1_43' title='bbox 319 595 408 636; x_wconf 92' lang='lat' dir='ltr'>Deo</span> <span class='ocrx_word' id='word_1_44' title='bbox 433 592 652 647; x_wconf 79' lang='lat' dir='ltr'>exultant,</span> <span class='ocrx_word' id='word_1_45' title='bbox 684 591 772 635; x_wconf 90' lang='lat' dir='ltr'>sive</span> <span class='ocrx_word' id='word_1_46' title='bbox 800 605 950 634; x_wconf 86' lang='lat' dir='ltr'>eorum</span> <span class='ocrx_word' id='word_1_47' title='bbox 977 591 1052 649; x_wconf 89' lang='lat' dir='ltr'>qui</span> <span class='ocrx_word' id='word_1_48' title='bbox 1080 591 1126 634; x_wconf 89' lang='lat' dir='ltr'>in</span> <span class='ocrx_word' id='word_1_49' title='bbox 1146 590 1350 635; x_wconf 81' lang='lat' dir='ltr'>laudibus</span> <span class='ocrx_word' id='word_1_50' title='bbox 1380 591 1610 636; x_wconf 88' lang='lat' dir='ltr'>hominum</span> <span class='ocrx_word' id='word_1_51' title='bbox 1632 608 1706 638; x_wconf 85' lang='lat' dir='ltr'>ac-</span> <span class='ocrx_word' id='word_1_52' title='bbox 1758 638 1759 644; x_wconf 67' lang='grc'>,</span> 
     </span>
     <span class='ocr_line' id='line_1_7' title="bbox 317 661 1705 722; baseline 0.003 -17"><span class='ocrx_word' id='word_1_53' title='bbox 317 664 562 722; x_wconf 85' lang='lat' dir='ltr'>quiescunt,</span> <span class='ocrx_word' id='word_1_54' title='bbox 584 663 828 707; x_wconf 87' lang='lat' dir='ltr'>moriuntur</span> <span class='ocrx_word' id='word_1_55' title='bbox 845 662 928 705; x_wconf 89' lang='lat' dir='ltr'>hoc</span> <span class='ocrx_word' id='word_1_56' title='bbox 949 661 1180 707; x_wconf 81' lang='lat' dir='ltr'>intervallo</span> <span class='ocrx_word' id='word_1_57' title='bbox 1200 662 1406 721; x_wconf 84' lang='lat' dir='ltr'>temporis</span> <span class='ocrx_word' id='word_1_58' title='bbox 1421 697 1432 718; x_wconf 88' lang='lat'>,</span> <span class='ocrx_word' id='word_1_59' title='bbox 1464 662 1602 708; x_wconf 87' lang='lat' dir='ltr'>donec</span> <span class='ocrx_word' id='word_1_60' title='bbox 1622 665 1705 709; x_wconf 91' lang='lat' dir='ltr'>sub</span> 
     </span>
     <span class='ocr_line' id='line_1_8' title="bbox 317 733 1707 780; baseline 0.002 -3"><span class='ocrx_word' id='word_1_61' title='bbox 317 733 509 778; x_wconf 84' lang='lat' dir='ltr'>adventu</span> <span class='ocrx_word' id='word_1_62' title='bbox 533 733 704 778; x_wconf 89' lang='lat' dir='ltr'>Domini</span> <span class='ocrx_word' id='word_1_63' title='bbox 726 733 802 776; x_wconf 87' lang='lat' dir='ltr'>fiat</span> <span class='ocrx_word' id='word_1_64' title='bbox 825 733 1079 777; x_wconf 84' lang='lat' dir='ltr'>resurrectio</span> <span class='ocrx_word' id='word_1_65' title='bbox 1102 740 1393 777; x_wconf 83' lang='lat' dir='ltr'>mortuorum.</span> <span class='ocrx_word' id='word_1_66' title='bbox 1419 751 1440 776; x_wconf 93' lang='lat'>«</span> <span class='ocrx_word' id='word_1_67' title='bbox 1463 734 1608 779; x_wconf 87' lang='lat' dir='ltr'>Media</span> <span class='ocrx_word' id='word_1_68' title='bbox 1633 750 1707 780; x_wconf 90' lang='lat' dir='ltr'>au·</span> 
     </span>
     <span class='ocr_line' id='line_1_9' title="bbox 321 802 1706 865; baseline 0.004 -21"><span class='ocrx_word' id='word_1_69' title='bbox 321 822 340 844; x_wconf 90' lang='lat'>»</span> <span class='ocrx_word' id='word_1_70' title='bbox 364 813 451 848; x_wconf 89' lang='lat' dir='ltr'>tem</span> <span class='ocrx_word' id='word_1_71' title='bbox 470 813 619 859; x_wconf 82' lang='lat' dir='ltr'>nocte,</span> <span class='ocrx_word' id='word_1_72' title='bbox 643 821 662 845; x_wconf 93' lang='lat'>»</span> <span class='ocrx_word' id='word_1_73' title='bbox 685 802 731 846; x_wconf 91' lang='lat' dir='ltr'>id</span> <span class='ocrx_word' id='word_1_74' title='bbox 752 811 832 861; x_wconf 85' lang='lat' dir='ltr'>est,</span> <span class='ocrx_word' id='word_1_75' title='bbox 857 803 980 848; x_wconf 88' lang='lat' dir='ltr'>nullo</span> <span class='ocrx_word' id='word_1_76' title='bbox 1009 803 1171 847; x_wconf 85' lang='lat' dir='ltr'>sciente</span> <span class='ocrx_word' id='word_1_77' title='bbox 1193 813 1268 848; x_wconf 84' lang='lat' dir='ltr'>aut</span> <span class='ocrx_word' id='word_1_78' title='bbox 1291 812 1516 863; x_wconf 83' lang='lat' dir='ltr'>sperante,</span> <span class='ocrx_word' id='word_1_79' title='bbox 1540 805 1706 865; x_wconf 89' lang='lat' dir='ltr'>quippe</span> 
     </span>
     <span class='ocr_line' id='line_1_10' title="bbox 314 871 1706 934; baseline 0.001 -16"><span class='ocrx_word' id='word_1_80' title='bbox 314 889 416 918; x_wconf 85' lang='lat' dir='ltr'>cum</span> <span class='ocrx_word' id='word_1_81' title='bbox 434 875 526 934; x_wconf 90' lang='lat' dir='ltr'>ipse</span> <span class='ocrx_word' id='word_1_82' title='bbox 542 874 752 918; x_wconf 87' lang='lat' dir='ltr'>Dominus</span> <span class='ocrx_word' id='word_1_83' title='bbox 767 871 882 917; x_wconf 86' lang='lat' dir='ltr'>dicat</span> <span class='ocrx_word' id='word_1_84' title='bbox 897 890 915 928; x_wconf 49' lang='lat'>,¹</span> <span class='ocrx_word' id='word_1_85' title='bbox 933 891 951 914; x_wconf 88' lang='lat'>«</span> <span class='ocrx_word' id='word_1_86' title='bbox 969 876 1030 918; x_wconf 85' lang='lat' dir='ltr'>De</span> <span class='ocrx_word' id='word_1_87' title='bbox 1048 873 1117 918; x_wconf 82' lang='lat' dir='ltr'>die</span> <span class='ocrx_word' id='word_1_88' title='bbox 1135 882 1278 917; x_wconf 86' lang='lat' dir='ltr'>autem</span> <span class='ocrx_word' id='word_1_89' title='bbox 1298 873 1371 917; x_wconf 87' lang='lat' dir='ltr'>illa</span> <span class='ocrx_word' id='word_1_90' title='bbox 1389 883 1432 917; x_wconf 87' lang='lat' dir='ltr'>et</span> <span class='ocrx_word' id='word_1_91' title='bbox 1454 874 1557 918; x_wconf 83' lang='lat' dir='ltr'>hora</span> <span class='ocrx_word' id='word_1_92' title='bbox 1577 889 1706 920; x_wconf 90' lang='lat' dir='ltr'>nemo</span> 
     </span>
     <span class='ocr_line' id='line_1_11' title="bbox 318 943 1706 1004; baseline 0.002 -18"><span class='ocrx_word' id='word_1_93' title='bbox 318 965 336 987; x_wconf 86' lang='lat'>»</span> <span class='ocrx_word' id='word_1_94' title='bbox 359 946 477 1001; x_wconf 61' lang='lat' dir='ltr'>scm,</span> <span class='ocrx_word' id='word_1_95' title='bbox 507 964 526 987; x_wconf 89' lang='lat'>»</span> <span class='ocrx_word' id='word_1_96' title='bbox 552 954 595 989; x_wconf 88' lang='lat' dir='ltr'>et</span> <span class='ocrx_word' id='word_1_97' title='bbox 617 943 871 1004; x_wconf 84' lang='lat' dir='ltr'>Apostolus,</span> <span class='ocrx_word' id='word_1_98' title='bbox 914 963 934 987; x_wconf 92' lang='lat'>«</span> <span class='ocrx_word' id='word_1_99' title='bbox 977 946 1075 988; x_wconf 85' lang='lat' dir='ltr'>Dies</span> <span class='ocrx_word' id='word_1_100' title='bbox 1113 945 1287 989; x_wconf 88' lang='lat' dir='ltr'>Domini</span> <span class='ocrx_word' id='word_1_101' title='bbox 1319 954 1527 1004; x_wconf 84' lang='lat' dir='ltr'>tanquam</span> <span class='ocrx_word' id='word_1_102' title='bbox 1556 944 1628 989; x_wconf 86' lang='lat' dir='ltr'>sur</span> <span class='ocrx_word' id='word_1_103' title='bbox 1660 947 1706 990; x_wconf 88' lang='lat' dir='ltr'>in</span> 
     </span>
     <span class='ocr_line' id='line_1_12' title="bbox 318 1017 1706 1075; baseline 0.003 -18"><span class='ocrx_word' id='word_1_104' title='bbox 318 1036 337 1058; x_wconf 89' lang='lat'>»</span> <span class='ocrx_word' id='word_1_105' title='bbox 364 1026 513 1072; x_wconf 84' lang='lat' dir='ltr'>nocte,</span> <span class='ocrx_word' id='word_1_106' title='bbox 539 1018 596 1061; x_wconf 86' lang='lat' dir='ltr'>ita</span> <span class='ocrx_word' id='word_1_107' title='bbox 625 1017 793 1061; x_wconf 84' lang='lat' dir='ltr'>veniet³</span> <span class='ocrx_word' id='word_1_108' title='bbox 817 1034 826 1060; x_wconf 72' lang='grc' dir='ltr'>ς</span> <span class='ocrx_word' id='word_1_109' title='bbox 861 1034 881 1056; x_wconf 80' lang='lat'>&gt;›</span> <span class='ocrx_word' id='word_1_110' title='bbox 904 1031 955 1059; x_wconf 82' lang='lat' dir='ltr'>ex</span> <span class='ocrx_word' id='word_1_111' title='bbox 985 1031 1074 1075; x_wconf 88' lang='lat' dir='ltr'>quo</span> <span class='ocrx_word' id='word_1_112' title='bbox 1108 1017 1376 1074; x_wconf 78' lang='lat' dir='ltr'>significatur</span> <span class='ocrx_word' id='word_1_113' title='bbox 1410 1031 1509 1060; x_wconf 82' lang='lat' dir='ltr'>eum</span> <span class='ocrx_word' id='word_1_114' title='bbox 1534 1017 1706 1075; x_wconf 87' lang='lat' dir='ltr'>penitus</span> 
     </span>
     <span class='ocr_line' id='line_1_13' title="bbox 314 1085 1707 1146; baseline 0 -15"><span class='ocrx_word' id='word_1_115' title='bbox 314 1088 462 1142; x_wconf 84' lang='lat' dir='ltr'>latere,</span> <span class='ocrx_word' id='word_1_116' title='bbox 490 1103 590 1131; x_wconf 80' lang='lat' dir='ltr'>cum</span> <span class='ocrx_word' id='word_1_117' title='bbox 609 1087 800 1141; x_wconf 80' lang='lat' dir='ltr'>venerit,</span> <span class='ocrx_word' id='word_1_118' title='bbox 830 1105 849 1128; x_wconf 91' lang='lat'>«</span> <span class='ocrx_word' id='word_1_119' title='bbox 874 1086 1050 1131; x_wconf 85' lang='lat' dir='ltr'>Clamor</span> <span class='ocrx_word' id='word_1_120' title='bbox 1081 1085 1220 1130; x_wconf 82' lang='lat' dir='ltr'>factus</span> <span class='ocrx_word' id='word_1_121' title='bbox 1258 1095 1349 1131; x_wconf 86' lang='lat' dir='ltr'>est:</span> <span class='ocrx_word' id='word_1_122' title='bbox 1383 1089 1497 1130; x_wconf 86' lang='lat' dir='ltr'>Ecce</span> <span class='ocrx_word' id='word_1_123' title='bbox 1525 1101 1707 1146; x_wconf 87' lang='lat' dir='ltr'>sponsus</span> 
     </span>
     <span class='ocr_line' id='line_1_14' title="bbox 317 1157 1763 1215; baseline 0.003 -16"><span class='ocrx_word' id='word_1_124' title='bbox 317 1177 336 1199; x_wconf 84' lang='lat'>»</span> <span class='ocrx_word' id='word_1_125' title='bbox 359 1159 497 1213; x_wconf 84' lang='lat' dir='ltr'>venit,</span> <span class='ocrx_word' id='word_1_126' title='bbox 531 1158 691 1215; x_wconf 81' lang='lat' dir='ltr'>surgite</span> <span class='ocrx_word' id='word_1_127' title='bbox 720 1157 892 1201; x_wconf 83' lang='lat' dir='ltr'>obviam</span> <span class='ocrx_word' id='word_1_128' title='bbox 925 1157 978 1200; x_wconf 88' lang='lat' dir='ltr'>ei.</span> <span class='ocrx_word' id='word_1_129' title='bbox 1018 1160 1070 1200; x_wconf 83' lang='lat' dir='ltr'>In</span> <span class='ocrx_word' id='word_1_130' title='bbox 1093 1157 1181 1201; x_wconf 83' lang='lat' dir='ltr'>ictu</span> <span class='ocrx_word' id='word_1_131' title='bbox 1208 1157 1323 1201; x_wconf 84' lang='lat' dir='ltr'>oculi</span> <span class='ocrx_word' id='word_1_132' title='bbox 1346 1166 1388 1201; x_wconf 91' lang='lat' dir='ltr'>et</span> <span class='ocrx_word' id='word_1_133' title='bbox 1408 1159 1457 1202; x_wconf 47' lang='lat' dir='ltr'>in,</span> <span class='ocrx_word' id='word_1_134' title='bbox 1478 1158 1707 1203; x_wconf 88' lang='lat' dir='ltr'>novissima</span> <span class='ocrx_word' id='word_1_135' title='bbox 1760 1169 1763 1195; x_wconf 81' lang='lat' dir='ltr'>i</span> 
     </span>
     <span class='ocr_line' id='line_1_15' title="bbox 317 1223 1763 1287; baseline 0.003 -19"><span class='ocrx_word' id='word_1_136' title='bbox 317 1248 336 1270; x_wconf 88' lang='lat'>»</span> <span class='ocrx_word' id='word_1_137' title='bbox 366 1228 473 1272; x_wconf 86' lang='lat' dir='ltr'>tuba</span> <span class='ocrx_word' id='word_1_138' title='bbox 497 1228 647 1272; x_wconf 82' lang='lat' dir='ltr'>omnes</span> <span class='ocrx_word' id='word_1_139' title='bbox 666 1243 938 1286; x_wconf 80' lang='lat' dir='ltr'>resurgemus</span> <span class='ocrx_word' id='word_1_140' title='bbox 951 1229 984 1282; x_wconf 80' lang='lat'>4,</span> <span class='ocrx_word' id='word_1_141' title='bbox 1002 1243 1105 1286; x_wconf 86' lang='lat' dir='ltr'>ergo</span> <span class='ocrx_word' id='word_1_142' title='bbox 1120 1237 1397 1272; x_wconf 84' lang='lat' dir='ltr'>surrexerunt</span> <span class='ocrx_word' id='word_1_143' title='bbox 1414 1243 1563 1272; x_wconf 89' lang='lat' dir='ltr'>omnes</span> <span class='ocrx_word' id='word_1_144' title='bbox 1576 1228 1708 1287; x_wconf 87' lang='lat' dir='ltr'>virgi·</span> <span class='ocrx_word' id='word_1_145' title='bbox 1761 1223 1763 1232; x_wconf 47' lang='lat'><strong>¹</strong></span> 
     </span>
     <span class='ocr_line' id='line_1_16' title="bbox 316 1297 1708 1358; baseline 0.003 -18"><span class='ocrx_word' id='word_1_146' title='bbox 316 1319 335 1341; x_wconf 84' lang='lat'>»</span> <span class='ocrx_word' id='word_1_147' title='bbox 360 1315 434 1343; x_wconf 86' lang='lat' dir='ltr'>nes</span> <span class='ocrx_word' id='word_1_148' title='bbox 459 1298 564 1354; x_wconf 82' lang='lat' dir='ltr'>illae,</span> <span class='ocrx_word' id='word_1_149' title='bbox 591 1308 633 1343; x_wconf 87' lang='lat' dir='ltr'>et</span> <span class='ocrx_word' id='word_1_150' title='bbox 654 1308 914 1358; x_wconf 84' lang='lat' dir='ltr'>aptaverunt</span> <span class='ocrx_word' id='word_1_151' title='bbox 935 1297 1155 1357; x_wconf 84' lang='lat' dir='ltr'>lampades</span> <span class='ocrx_word' id='word_1_152' title='bbox 1178 1314 1274 1342; x_wconf 87' lang='lat' dir='ltr'>suas</span> <span class='ocrx_word' id='word_1_153' title='bbox 1297 1316 1316 1340; x_wconf 85' lang='lat'>»</span> <span class='ocrx_word' id='word_1_154' title='bbox 1337 1298 1383 1342; x_wconf 91' lang='lat' dir='ltr'>id</span> <span class='ocrx_word' id='word_1_155' title='bbox 1405 1308 1492 1353; x_wconf 87' lang='lat' dir='ltr'>est,</span> <span class='ocrx_word' id='word_1_156' title='bbox 1520 1300 1708 1344; x_wconf 83' lang='lat' dir='ltr'>rationes</span> 
     </span>
     <span class='ocr_line' id='line_1_17' title="bbox 315 1368 1708 1428; baseline 0 -15"><span class='ocrx_word' id='word_1_157' title='bbox 315 1369 560 1413; x_wconf 80' lang='lat' dir='ltr'>reddendas</span> <span class='ocrx_word' id='word_1_158' title='bbox 584 1384 763 1428; x_wconf 85' lang='lat' dir='ltr'>operum</span> <span class='ocrx_word' id='word_1_159' title='bbox 790 1384 981 1413; x_wconf 82' lang='lat' dir='ltr'>suorum.</span> <span class='ocrx_word' id='word_1_160' title='bbox 1012 1387 1031 1410; x_wconf 92' lang='lat'>«</span> <span class='ocrx_word' id='word_1_161' title='bbox 1062 1369 1245 1428; x_wconf 83' lang='lat' dir='ltr'>Oportet</span> <span class='ocrx_word' id='word_1_162' title='bbox 1272 1368 1387 1412; x_wconf 90' lang='lat' dir='ltr'>enim</span> <span class='ocrx_word' id='word_1_163' title='bbox 1414 1384 1492 1424; x_wconf 88' lang='lat' dir='ltr'>nos</span> <span class='ocrx_word' id='word_1_164' title='bbox 1515 1369 1708 1414; x_wconf 85' lang='lat' dir='ltr'>exhiberi</span> 
     </span>
     <span class='ocr_line' id='line_1_18' title="bbox 316 1439 1765 1500; baseline 0.003 -19"><span class='ocrx_word' id='word_1_165' title='bbox 316 1460 335 1482; x_wconf 92' lang='lat'>»</span> <span class='ocrx_word' id='word_1_166' title='bbox 361 1449 462 1485; x_wconf 54' lang='lat' dir='ltr'>nante</span> <span class='ocrx_word' id='word_1_167' title='bbox 483 1440 672 1484; x_wconf 82' lang='lat' dir='ltr'>tribunal</span> <span class='ocrx_word' id='word_1_168' title='bbox 688 1440 872 1494; x_wconf 78' lang='lat' dir='ltr'>Christi,</span> <span class='ocrx_word' id='word_1_169' title='bbox 899 1449 945 1483; x_wconf 82' lang='lat' dir='ltr'>ut</span> <span class='ocrx_word' id='word_1_170' title='bbox 959 1439 1047 1483; x_wconf 85' lang='lat' dir='ltr'>illic</span> <span class='ocrx_word' id='word_1_171' title='bbox 1070 1440 1250 1499; x_wconf 85' lang='lat' dir='ltr'>recipiat</span> <span class='ocrx_word' id='word_1_172' title='bbox 1271 1440 1570 1500; x_wconf 84' lang='lat' dir='ltr'>unusquisque</span> <span class='ocrx_word' id='word_1_173' title='bbox 1588 1441 1707 1500; x_wconf 91' lang='lat' dir='ltr'>quod</span> <span class='ocrx_word' id='word_1_174' title='bbox 1762 1451 1765 1480; x_wconf 76' lang='grc' dir='ltr'><em>ῑ</em></span> 
     </span>
     <span class='ocr_line' id='line_1_19' title="bbox 317 1509 1765 1570; baseline 0.003 -18"><span class='ocrx_word' id='word_1_175' title='bbox 317 1531 336 1553; x_wconf 84' lang='lat'>»</span> <span class='ocrx_word' id='word_1_176' title='bbox 364 1511 489 1569; x_wconf 78' lang='lat' dir='ltr'>gessit</span> <span class='ocrx_word' id='word_1_177' title='bbox 505 1512 547 1554; x_wconf 82' lang='lat' dir='ltr'>in</span> <span class='ocrx_word' id='word_1_178' title='bbox 572 1526 770 1570; x_wconf 81' lang='lat' dir='ltr'>corpore,</span> <span class='ocrx_word' id='word_1_179' title='bbox 796 1511 884 1555; x_wconf 90' lang='lat' dir='ltr'>sive</span> <span class='ocrx_word' id='word_1_180' title='bbox 902 1510 1086 1565; x_wconf 81' lang='lat' dir='ltr'>bonum,</span> <span class='ocrx_word' id='word_1_181' title='bbox 1105 1511 1193 1555; x_wconf 90' lang='lat' dir='ltr'>sive</span> <span class='ocrx_word' id='word_1_182' title='bbox 1205 1509 1405 1554; x_wconf 72' lang='lat' dir='ltr'>malum5.</span> <span class='ocrx_word' id='word_1_183' title='bbox 1429 1513 1485 1554; x_wconf 89' lang='lat' dir='ltr'>Et</span> <span class='ocrx_word' id='word_1_184' title='bbox 1503 1511 1709 1556; x_wconf 81' lang='lat' dir='ltr'>dixerunt</span> <span class='ocrx_word' id='word_1_185' title='bbox 1763 1531 1765 1541; x_wconf 91' lang='grc'><strong><em>·</em></strong></span> 
     </span>
     <span class='ocr_line' id='line_1_20' title="bbox 316 1568 1765 1640; baseline 0.001 -17"><span class='ocrx_word' id='word_1_186' title='bbox 316 1601 336 1623; x_wconf 82' lang='lat'>»</span> <span class='ocrx_word' id='word_1_187' title='bbox 363 1581 507 1626; x_wconf 68' lang='lat' dir='ltr'>stultae</span> <span class='ocrx_word' id='word_1_188' title='bbox 530 1581 584 1624; x_wconf 83' lang='lat' dir='ltr'>ad</span> <span class='ocrx_word' id='word_1_189' title='bbox 611 1582 824 1640; x_wconf 80' lang='lat' dir='ltr'>sapientes</span> <span class='ocrx_word' id='word_1_190' title='bbox 852 1599 860 1624; x_wconf 75' lang='grc' dir='ltr'>ε</span> <span class='ocrx_word' id='word_1_191' title='bbox 883 1584 989 1624; x_wconf 79' lang='lat' dir='ltr'>Date</span> <span class='ocrx_word' id='word_1_192' title='bbox 1025 1580 1152 1624; x_wconf 88' lang='lat' dir='ltr'>nobis</span> <span class='ocrx_word' id='word_1_193' title='bbox 1187 1580 1242 1624; x_wconf 89' lang='lat' dir='ltr'>de</span> <span class='ocrx_word' id='word_1_194' title='bbox 1271 1579 1369 1624; x_wconf 85' lang='lat' dir='ltr'>oleo</span> <span class='ocrx_word' id='word_1_195' title='bbox 1399 1588 1567 1635; x_wconf 80' lang='lat' dir='ltr'>vestro,</span> <span class='ocrx_word' id='word_1_196' title='bbox 1606 1581 1708 1640; x_wconf 90' lang='lat' dir='ltr'>quia</span> <span class='ocrx_word' id='word_1_197' title='bbox 1763 1568 1765 1578; x_wconf 59' lang='grc'>’</span> 
     </span>
     <span class='ocr_line' id='line_1_21' title="bbox 319 1650 1765 1712; baseline -0.001 -16"><span class='ocrx_word' id='word_1_198' title='bbox 319 1672 336 1693; x_wconf 85' lang='lat'>»</span> <span class='ocrx_word' id='word_1_199' title='bbox 363 1652 583 1712; x_wconf 85' lang='lat' dir='ltr'>lampades</span> <span class='ocrx_word' id='word_1_200' title='bbox 618 1661 776 1696; x_wconf 84' lang='lat' dir='ltr'>nostrae</span> <span class='ocrx_word' id='word_1_201' title='bbox 799 1651 1130 1709; x_wconf 81' lang='lat' dir='ltr'>extinguuntur.</span> <span class='ocrx_word' id='word_1_202' title='bbox 1166 1669 1186 1691; x_wconf 91' lang='lat'>»</span> <span class='ocrx_word' id='word_1_203' title='bbox 1226 1653 1422 1704; x_wconf 86' lang='lat' dir='ltr'>Quorum</span> <span class='ocrx_word' id='word_1_204' title='bbox 1451 1652 1567 1694; x_wconf 90' lang='lat' dir='ltr'>enim</span> <span class='ocrx_word' id='word_1_205' title='bbox 1594 1650 1708 1696; x_wconf 86' lang='lat' dir='ltr'>faeta</span> <span class='ocrx_word' id='word_1_206' title='bbox 1764 1650 1765 1673; x_wconf 34' lang='grc' dir='ltr'><strong>ἶ</strong></span> 
     </span>
     <span class='ocr_line' id='line_1_22' title="bbox 320 1714 1765 1776; baseline -0.001 -10"><span class='ocrx_word' id='word_1_207' title='bbox 320 1722 456 1766; x_wconf 80' lang='lat' dir='ltr'>aliena</span> <span class='ocrx_word' id='word_1_208' title='bbox 477 1722 606 1765; x_wconf 81' lang='lat' dir='ltr'>laude</span> <span class='ocrx_word' id='word_1_209' title='bbox 642 1721 902 1776; x_wconf 77' lang='lat' dir='ltr'>fulciuntur,</span> <span class='ocrx_word' id='word_1_210' title='bbox 929 1722 1079 1765; x_wconf 85' lang='lat' dir='ltr'>eadem</span> <span class='ocrx_word' id='word_1_211' title='bbox 1095 1721 1315 1765; x_wconf 86' lang='lat' dir='ltr'>subtracta</span> <span class='ocrx_word' id='word_1_212' title='bbox 1330 1719 1563 1775; x_wconf 84' lang='lat' dir='ltr'>deficiunt,</span> <span class='ocrx_word' id='word_1_213' title='bbox 1588 1729 1632 1765; x_wconf 86' lang='lat' dir='ltr'>et</span> <span class='ocrx_word' id='word_1_214' title='bbox 1653 1721 1708 1765; x_wconf 90' lang='lat' dir='ltr'>de</span> <span class='ocrx_word' id='word_1_215' title='bbox 1764 1714 1765 1722; x_wconf 12' lang='grc' dir='ltr'>ἵ</span> 
     </span>
     <span class='ocr_line' id='line_1_23' title="bbox 315 1790 1709 1850; baseline -0.002 -12"><span class='ocrx_word' id='word_1_216' title='bbox 315 1792 635 1838; x_wconf 82' lang='lat' dir='ltr'>consuetudine</span> <span class='ocrx_word' id='word_1_217' title='bbox 668 1792 711 1835; x_wconf 92' lang='lat' dir='ltr'>id</span> <span class='ocrx_word' id='word_1_218' title='bbox 743 1806 912 1850; x_wconf 87' lang='lat' dir='ltr'>semper</span> <span class='ocrx_word' id='word_1_219' title='bbox 930 1791 1137 1850; x_wconf 85' lang='lat' dir='ltr'>inquirit,</span> <span class='ocrx_word' id='word_1_220' title='bbox 1174 1790 1292 1834; x_wconf 90' lang='lat' dir='ltr'>unde</span> <span class='ocrx_word' id='word_1_221' title='bbox 1319 1790 1506 1848; x_wconf 83' lang='lat' dir='ltr'>gaudere</span> <span class='ocrx_word' id='word_1_222' title='bbox 1540 1792 1709 1835; x_wconf 87' lang='lat' dir='ltr'>animus</span> 
     </span>
     <span class='ocr_line' id='line_1_24' title="bbox 315 1861 1766 1923; baseline 0.001 -17"><span class='ocrx_word' id='word_1_223' title='bbox 315 1864 437 1908; x_wconf 80' lang='lat' dir='ltr'>soiet.</span> <span class='ocrx_word' id='word_1_224' title='bbox 464 1867 618 1923; x_wconf 80' lang='lat' dir='ltr'>Itaque</span> <span class='ocrx_word' id='word_1_225' title='bbox 642 1863 872 1906; x_wconf 80' lang='lat' dir='ltr'>hominum</span> <span class='ocrx_word' id='word_1_226' title='bbox 891 1897 901 1917; x_wconf 83' lang='lat'>‚</span> <span class='ocrx_word' id='word_1_227' title='bbox 935 1862 1010 1921; x_wconf 90' lang='lat' dir='ltr'>qui</span> <span class='ocrx_word' id='word_1_228' title='bbox 1038 1861 1170 1906; x_wconf 84' lang='lat' dir='ltr'>corda</span> <span class='ocrx_word' id='word_1_229' title='bbox 1200 1877 1289 1906; x_wconf 92' lang='lat' dir='ltr'>non</span> <span class='ocrx_word' id='word_1_230' title='bbox 1311 1861 1486 1916; x_wconf 89' lang='lat' dir='ltr'>vident,</span> <span class='ocrx_word' id='word_1_231' title='bbox 1507 1862 1706 1907; x_wconf 89' lang='lat' dir='ltr'>testimo·</span> <span class='ocrx_word' id='word_1_232' title='bbox 1764 1884 1766 1918; x_wconf 70' lang='lat' dir='ltr'>ss</span> 
     </span>
     <span class='ocr_line' id='line_1_25' title="bbox 318 1930 1766 1992; baseline -0.003 -14"><span class='ocrx_word' id='word_1_233' title='bbox 318 1937 435 1978; x_wconf 83' lang='lat' dir='ltr'>nium</span> <span class='ocrx_word' id='word_1_234' title='bbox 458 1934 613 1979; x_wconf 81' lang='lat' dir='ltr'>volunt</span> <span class='ocrx_word' id='word_1_235' title='bbox 630 1933 791 1977; x_wconf 81' lang='lat' dir='ltr'>habere</span> <span class='ocrx_word' id='word_1_236' title='bbox 813 1932 929 1991; x_wconf 79' lang='lat' dir='ltr'>apud</span> <span class='ocrx_word' id='word_1_237' title='bbox 943 1935 1099 1987; x_wconf 89' lang='lat' dir='ltr'>Deum,</span> <span class='ocrx_word' id='word_1_238' title='bbox 1123 1933 1198 1992; x_wconf 90' lang='lat' dir='ltr'>qui</span> <span class='ocrx_word' id='word_1_239' title='bbox 1221 1932 1363 1977; x_wconf 87' lang='lat' dir='ltr'>cordis</span> <span class='ocrx_word' id='word_1_240' title='bbox 1386 1933 1603 1992; x_wconf 82' lang='lat' dir='ltr'>inspector</span> <span class='ocrx_word' id='word_1_241' title='bbox 1625 1943 1703 1978; x_wconf 76' lang='lat' dir='ltr'>est.</span> <span class='ocrx_word' id='word_1_242' title='bbox 1764 1930 1766 1973; x_wconf 73' lang='grc' dir='ltr'>ἔ</span> 
     </span>
     <span class='ocr_line' id='line_1_26' title="bbox 321 2001 1708 2064; baseline -0.001 -15"><span class='ocrx_word' id='word_1_243' title='bbox 321 2005 403 2049; x_wconf 85' lang='lat' dir='ltr'>Sed</span> <span class='ocrx_word' id='word_1_244' title='bbox 425 2004 533 2064; x_wconf 82' lang='lat' dir='ltr'>quid</span> <span class='ocrx_word' id='word_1_245' title='bbox 551 2003 868 2063; x_wconf 84' lang='lat' dir='ltr'>responderunt</span> <span class='ocrx_word' id='word_1_246' title='bbox 891 2003 1137 2061; x_wconf 83' lang='lat' dir='ltr'>sapientes?</span> <span class='ocrx_word' id='word_1_247' title='bbox 1158 2021 1177 2044; x_wconf 94' lang='lat'>«</span> <span class='ocrx_word' id='word_1_248' title='bbox 1197 2005 1260 2048; x_wconf 92' lang='lat' dir='ltr'>Ne</span> <span class='ocrx_word' id='word_1_249' title='bbox 1282 2001 1394 2047; x_wconf 86' lang='lat' dir='ltr'>forte</span> <span class='ocrx_word' id='word_1_250' title='bbox 1416 2018 1504 2047; x_wconf 91' lang='lat' dir='ltr'>non</span> <span class='ocrx_word' id='word_1_251' title='bbox 1522 2004 1708 2048; x_wconf 84' lang='lat' dir='ltr'>sufficiat</span> 
     </span>
     <span class='ocr_line' id='line_1_27' title="bbox 321 2073 1767 2133; baseline 0.001 -17"><span class='ocrx_word' id='word_1_252' title='bbox 321 2095 339 2117; x_wconf 90' lang='lat'>»</span> <span class='ocrx_word' id='word_1_253' title='bbox 366 2074 491 2119; x_wconf 86' lang='lat' dir='ltr'>nobis</span> <span class='ocrx_word' id='word_1_254' title='bbox 513 2085 555 2118; x_wconf 87' lang='lat' dir='ltr'>et</span> <span class='ocrx_word' id='word_1_255' title='bbox 591 2073 728 2118; x_wconf 85' lang='lat' dir='ltr'>vobis.</span> <span class='ocrx_word' id='word_1_256' title='bbox 763 2091 783 2114; x_wconf 85' lang='lat'>»</span> <span class='ocrx_word' id='word_1_257' title='bbox 814 2073 1123 2133; x_wconf 83' lang='lat' dir='ltr'>Unusquisque</span> <span class='ocrx_word' id='word_1_258' title='bbox 1157 2075 1271 2116; x_wconf 89' lang='lat' dir='ltr'>enim</span> <span class='ocrx_word' id='word_1_259' title='bbox 1303 2088 1382 2132; x_wconf 88' lang='lat' dir='ltr'>pro</span> <span class='ocrx_word' id='word_1_260' title='bbox 1414 2089 1458 2117; x_wconf 90' lang='lat' dir='ltr'>se</span> <span class='ocrx_word' id='word_1_261' title='bbox 1494 2074 1706 2118; x_wconf 85' lang='lat' dir='ltr'>rationem</span> <span class='ocrx_word' id='word_1_262' title='bbox 1765 2083 1767 2131; x_wconf 49' lang='lat' dir='ltr'>g</span> 
     </span>
     <span class='ocr_line' id='line_1_28' title="bbox 318 2144 1707 2205; baseline -0.001 -15"><span class='ocrx_word' id='word_1_263' title='bbox 318 2146 497 2200; x_wconf 80' lang='lat' dir='ltr'>reddet,</span> <span class='ocrx_word' id='word_1_264' title='bbox 534 2160 613 2189; x_wconf 86' lang='lat' dir='ltr'>nec</span> <span class='ocrx_word' id='word_1_265' title='bbox 644 2144 783 2188; x_wconf 72' lang='lat' dir='ltr'>alieno</span> <span class='ocrx_word' id='word_1_266' title='bbox 814 2144 1063 2188; x_wconf 84' lang='lat' dir='ltr'>testimonio</span> <span class='ocrx_word' id='word_1_267' title='bbox 1086 2145 1316 2205; x_wconf 82' lang='lat' dir='ltr'>quisquam</span> <span class='ocrx_word' id='word_1_268' title='bbox 1341 2144 1570 2205; x_wconf 85' lang='lat' dir='ltr'>adjuvatur</span> <span class='ocrx_word' id='word_1_269' title='bbox 1591 2146 1707 2204; x_wconf 85' lang='lat' dir='ltr'>apud</span> 
     </span>
     <span class='ocr_line' id='line_1_29' title="bbox 320 2213 1767 2276; baseline -0.001 -15"><span class='ocrx_word' id='word_1_270' title='bbox 320 2220 484 2272; x_wconf 85' lang='lat' dir='ltr'>Deum,</span> <span class='ocrx_word' id='word_1_271' title='bbox 510 2217 580 2261; x_wconf 87' lang='lat' dir='ltr'>cui</span> <span class='ocrx_word' id='word_1_272' title='bbox 612 2224 775 2261; x_wconf 83' lang='lat' dir='ltr'>secreta</span> <span class='ocrx_word' id='word_1_273' title='bbox 807 2213 947 2259; x_wconf 86' lang='lat' dir='ltr'>cordis</span> <span class='ocrx_word' id='word_1_274' title='bbox 983 2225 1216 2275; x_wconf 78' lang='lat' dir='ltr'>apparent3</span> <span class='ocrx_word' id='word_1_275' title='bbox 1249 2225 1291 2260; x_wconf 81' lang='lat' dir='ltr'>et</span> <span class='ocrx_word' id='word_1_276' title='bbox 1322 2216 1393 2260; x_wconf 82' lang='lat' dir='ltr'>vix</span> <span class='ocrx_word' id='word_1_277' title='bbox 1421 2216 1502 2260; x_wconf 87' lang='lat' dir='ltr'>sibi</span> <span class='ocrx_word' id='word_1_278' title='bbox 1523 2217 1707 2276; x_wconf 90' lang='lat' dir='ltr'>quisque</span> <span class='ocrx_word' id='word_1_279' title='bbox 1766 2234 1767 2239; x_wconf 53' lang='lat'>¹</span> 
     </span>
     <span class='ocr_line' id='line_1_30' title="bbox 321 2287 1767 2346; baseline 0 -14"><span class='ocrx_word' id='word_1_280' title='bbox 321 2289 509 2343; x_wconf 83' lang='lat' dir='ltr'>sufficit,</span> <span class='ocrx_word' id='word_1_281' title='bbox 545 2297 595 2332; x_wconf 86' lang='lat' dir='ltr'>ut</span> <span class='ocrx_word' id='word_1_282' title='bbox 633 2288 672 2331; x_wconf 91' lang='lat' dir='ltr'>ei</span> <span class='ocrx_word' id='word_1_283' title='bbox 712 2287 1008 2331; x_wconf 78' lang='lat' dir='ltr'>testimonium</span> <span class='ocrx_word' id='word_1_284' title='bbox 1044 2287 1271 2346; x_wconf 85' lang='lat' dir='ltr'>perhibeat</span> <span class='ocrx_word' id='word_1_285' title='bbox 1311 2288 1571 2332; x_wconf 83' lang='lat' dir='ltr'>conscientia</span> <span class='ocrx_word' id='word_1_286' title='bbox 1612 2303 1702 2332; x_wconf 88' lang='lat' dir='ltr'>sua.</span> <span class='ocrx_word' id='word_1_287' title='bbox 1766 2294 1767 2338; x_wconf 67' lang='lat' dir='ltr'>j</span> 
     </span>
     <span class='ocr_line' id='line_1_31' title="bbox 325 2347 1767 2416; baseline 0.002 -16"><span class='ocrx_word' id='word_1_288' title='bbox 325 2379 344 2401; x_wconf 91' lang='lat'>«</span> <span class='ocrx_word' id='word_1_289' title='bbox 369 2360 474 2413; x_wconf 88' lang='lat' dir='ltr'>Quis</span> <span class='ocrx_word' id='word_1_290' title='bbox 496 2359 610 2403; x_wconf 88' lang='lat' dir='ltr'>enim</span> <span class='ocrx_word' id='word_1_291' title='bbox 634 2358 888 2416; x_wconf 79' lang='lat' dir='ltr'>gloriabitur</span> <span class='ocrx_word' id='word_1_292' title='bbox 910 2359 1127 2402; x_wconf 84' lang='lat' dir='ltr'>mundum</span> <span class='ocrx_word' id='word_1_293' title='bbox 1144 2373 1186 2402; x_wconf 89' lang='lat' dir='ltr'>se</span> <span class='ocrx_word' id='word_1_294' title='bbox 1216 2358 1377 2403; x_wconf 83' lang='lat' dir='ltr'>habere</span> <span class='ocrx_word' id='word_1_295' title='bbox 1398 2360 1525 2402; x_wconf 77' lang='lat' dir='ltr'>cor⁶?</span> <span class='ocrx_word' id='word_1_296' title='bbox 1549 2377 1569 2399; x_wconf 84' lang='lat'>»</span> <span class='ocrx_word' id='word_1_297' title='bbox 1597 2359 1707 2403; x_wconf 86' lang='lat' dir='ltr'>Inde</span> <span class='ocrx_word' id='word_1_298' title='bbox 1766 2347 1767 2376; x_wconf 55' lang='lat'><strong>³</strong></span> 
     </span>
     <span class='ocr_line' id='line_1_32' title="bbox 322 2427 1767 2489; baseline -0.001 -15"><span class='ocrx_word' id='word_1_299' title='bbox 322 2438 385 2474; x_wconf 89' lang='lat' dir='ltr'>est</span> <span class='ocrx_word' id='word_1_300' title='bbox 399 2430 520 2489; x_wconf 90' lang='lat' dir='ltr'>quod</span> <span class='ocrx_word' id='word_1_301' title='bbox 543 2427 774 2488; x_wconf 81' lang='lat' dir='ltr'>Apostolus</span> <span class='ocrx_word' id='word_1_302' title='bbox 792 2427 878 2472; x_wconf 85' lang='lat' dir='ltr'>ait:</span> <span class='ocrx_word' id='word_1_303' title='bbox 908 2445 928 2469; x_wconf 93' lang='lat'>«</span> <span class='ocrx_word' id='word_1_304' title='bbox 947 2427 1056 2472; x_wconf 90' lang='lat' dir='ltr'>Mihi</span> <span class='ocrx_word' id='word_1_305' title='bbox 1074 2437 1218 2472; x_wconf 85' lang='lat' dir='ltr'>autem</span> <span class='ocrx_word' id='word_1_306' title='bbox 1241 2429 1470 2472; x_wconf 87' lang='lat' dir='ltr'>minimum</span> <span class='ocrx_word' id='word_1_307' title='bbox 1492 2437 1576 2484; x_wconf 86' lang='lat' dir='ltr'>est,</span> <span class='ocrx_word' id='word_1_308' title='bbox 1606 2436 1655 2472; x_wconf 88' lang='lat' dir='ltr'>ut</span> <span class='ocrx_word' id='word_1_309' title='bbox 1683 2444 1706 2472; x_wconf 88' lang='lat' dir='ltr'>a</span> <span class='ocrx_word' id='word_1_310' title='bbox 1766 2449 1767 2484; x_wconf 78' lang='lat'>3</span> 
     </span>
    </p>
   </div>
   <div class='ocr_carea' id='block_1_3' title="bbox 1760 856 1764 1428">
    <p class='ocr_par' dir='ltr' id='par_1_6' title="bbox 1760 856 1764 1428">
     <span class='ocr_line' id='line_1_33' title="bbox 1760 856 1764 1428; baseline 0 0"><span class='ocrx_word' id='word_1_311' title='bbox 1760 856 1764 1428; x_wconf 95' lang='lat' dir='ltr'> </span> 
     </span>
    </p>
   </div>
   <div class='ocr_carea' id='block_1_4' title="bbox 326 2528 1702 2628">
    <p class='ocr_par' dir='ltr' id='par_1_7' title="bbox 326 2517 1767 2628">
     <span class='ocr_line' id='line_1_34' title="bbox 369 2528 1702 2574; baseline -0.001 -10"><span class='ocrx_word' id='word_1_312' title='bbox 369 2539 377 2555; x_wconf 90' lang='lat'>¹</span> <span class='ocrx_word' id='word_1_313' title='bbox 399 2532 466 2565; x_wconf 76' lang='lat' dir='ltr'>Gai.</span> <span class='ocrx_word' id='word_1_314' title='bbox 485 2543 531 2574; x_wconf 78' lang='lat' dir='ltr'>vr,</span> <span class='ocrx_word' id='word_1_315' title='bbox 554 2531 586 2574; x_wconf 73' lang='grc'>4.</span> <span class='ocrx_word' id='word_1_316' title='bbox 605 2538 662 2554; x_wconf 84' lang='lat'>——2</span> <span class='ocrx_word' id='word_1_317' title='bbox 682 2530 804 2563; x_wconf 74' lang='lat' dir='ltr'>Matth.</span> <span class='ocrx_word' id='word_1_318' title='bbox 826 2540 913 2571; x_wconf 81' lang='lat' dir='ltr'>xxrv,</span> <span class='ocrx_word' id='word_1_319' title='bbox 932 2529 984 2562; x_wconf 88' lang='grc'>36.</span> <span class='ocrx_word' id='word_1_320' title='bbox 1000 2528 1066 2553; x_wconf 85' lang='lat'>...3</span> <span class='ocrx_word' id='word_1_321' title='bbox 1086 2542 1096 2561; x_wconf 85' lang='lat'>1</span> <span class='ocrx_word' id='word_1_322' title='bbox 1119 2530 1227 2563; x_wconf 76' lang='lat' dir='ltr'>Thess.</span> <span class='ocrx_word' id='word_1_323' title='bbox 1246 2542 1281 2573; x_wconf 80' lang='lat' dir='ltr'>v,</span> <span class='ocrx_word' id='word_1_324' title='bbox 1303 2540 1335 2563; x_wconf 80' lang='lat'>⁴2.</span> <span class='ocrx_word' id='word_1_325' title='bbox 1353 2547 1394 2554; x_wconf 89' lang='lat'><em>-</em></span> <span class='ocrx_word' id='word_1_326' title='bbox 1408 2529 1423 2560; x_wconf 74' lang='grc'>4</span> <span class='ocrx_word' id='word_1_327' title='bbox 1445 2541 1457 2562; x_wconf 87' lang='lat'>1</span> <span class='ocrx_word' id='word_1_328' title='bbox 1481 2532 1552 2563; x_wconf 86' lang='lat' dir='ltr'>Cor.</span> <span class='ocrx_word' id='word_1_329' title='bbox 1573 2540 1626 2571; x_wconf 85' lang='lat' dir='ltr'>xv,</span> <span class='ocrx_word' id='word_1_330' title='bbox 1647 2529 1702 2562; x_wconf 68' lang='lat'><strong><em>5¹2.</em></strong></span> 
     </span>
     <span class='ocr_line' id='line_1_35' title="bbox 326 2585 973 2628; baseline -0.002 -8"><span class='ocrx_word' id='word_1_331' title='bbox 326 2605 364 2611; x_wconf 96' lang='lat'><em>-</em></span> <span class='ocrx_word' id='word_1_332' title='bbox 378 2586 392 2611; x_wconf 85' lang='lat'><em>5</em></span> <span class='ocrx_word' id='word_1_333' title='bbox 410 2596 429 2619; x_wconf 75' lang='lat'><strong>2</strong></span> <span class='ocrx_word' id='word_1_334' title='bbox 448 2589 522 2620; x_wconf 85' lang='lat' dir='ltr'>Cor.</span> <span class='ocrx_word' id='word_1_335' title='bbox 542 2598 575 2627; x_wconf 75' lang='lat' dir='ltr'>v,</span> <span class='ocrx_word' id='word_1_336' title='bbox 598 2598 646 2621; x_wconf 83' lang='grc' dir='ltr'>ιο-</span> <span class='ocrx_word' id='word_1_337' title='bbox 667 2604 703 2611; x_wconf 85' lang='lat'>---</span> <span class='ocrx_word' id='word_1_338' title='bbox 719 2585 734 2607; x_wconf 60' lang='grc' dir='ltr'>*ἶ</span> <span class='ocrx_word' id='word_1_339' title='bbox 752 2587 847 2619; x_wconf 87' lang='lat' dir='ltr'>Prov.</span> <span class='ocrx_word' id='word_1_340' title='bbox 866 2596 921 2627; x_wconf 82' lang='lat' dir='ltr'>xx,</span> <span class='ocrx_word' id='word_1_341' title='bbox 941 2597 973 2628; x_wconf 85' lang='lat'>9.</span> 
     </span>
    </p>
   </div>
   <div class='ocr_carea' id='block_1_5' title="bbox 1745 0 1790 2664">
    <p class='ocr_par' dir='ltr' id='par_1_8' title="bbox 1745 0 1790 2664">
     <span class='ocr_line' id='line_1_36' title="bbox 1745 0 1790 2664; baseline 0 0"><span class='ocrx_word' id='word_1_342' title='bbox 1745 0 1790 2664; x_wconf 95' lang='lat' dir='ltr'> </span> 
     </span>
    </p>
   </div>
  </div>
 </body>
</html>
