1790 3187
322 207 403 246 484
748 225 777 247 s.
815 221 1043 249 mensum
1077 222 1253 251 museum

317 294 395 327 ret.
428 285 609 328 Litteras
642 286 770 328 etiam
803 286 992 345 ejusdem
1024 289 1328 347 Imperatoris3
1357 288 1435 331 ubi
1463 288 1682 347 episcopos

316 354 429 397 misit
451 354 505 398 ad
527 356 675 399 urbem
694 359 890 400 Romam.
907 359 1031 402 Gesta
1047 374 1221 419 quoque
1238 358 1281 401 in
1298 358 1405 401 urbe
1428 361 1581 413 Roma,
1606 358 1683 402 ubi

314 424 369 467 ab
382 425 588 484 episcopis
604 441 709 485 quos
723 426 794 470 ille
816 427 1001 482 miserat,
1017 444 1141 473 causa
1163 429 1332 488 cognita
1353 437 1482 487 atque
1496 429 1682 472 discussa

313 504 390 539 est.
414 488 610 555 Itemque
628 496 728 540 alias
745 497 923 552 litteras,
949 500 1025 543 uhi
1047 499 1235 544 declarat
1253 509 1513 544 memoratus
1539 503 1683 558 Impe—

312 575 426 609 rator
443 581 513 610 eos
539 565 655 624 apud
683 582 726 611 se
755 566 808 611 de
838 568 1098 626 collegarum
1128 585 1303 614 suorum
1323 570 1505 629 judicio,
1529 570 1574 613 id
1602 578 1680 624 est,

309 638 631 696 episcoporum,
672 654 781 699 quos
817 641 870 684 ad
909 641 1058 686 urbem
1096 644 1278 685 Romam
1319 642 1518 700 miserat,
1557 639 1683 684 fuisse

309 718 565 768 conquestos
590 729 598 754 :
629 711 705 753 ubi
723 711 851 755 etiam
869 711 971 757 alios
1003 713 1224 772 episcopos
1240 712 1376 757 voluit
1401 711 1516 771 apud
1535 711 1684 756 Arela-

308 779 606 839 tumjudicare
628 800 636 825 :
670 781 747 824 ubi
769 782 837 826 isti
859 793 901 827 et
925 784 979 827 ab
1001 784 1191 843 ipsorum
1209 784 1374 843 judicio
1408 783 1461 827 ad
1482 782 1683 827 eumdem

309 854 617 910 Imperatorem
647 853 973 913 appellaverunt
1000 875 1007 900 :
1039 857 1114 899 ubi
1138 866 1354 915 postremo
1373 870 1545 900 causam
1572 855 1684 898 inter

306 931 447 981 partes
469 923 559 981 ipse
587 925 787 981 cognovit
814 945 822 969 :
847 926 923 969 uhi
945 941 1016 970 eos
1048 926 1421 970 vehementissime
1450 925 1684 969 detestatur

306 995 551 1038 innocentia
583 995 801 1039 Caeciliani
835 995 965 1040 fuisse
997 1008 1227 1056 separatos.
1266 1000 1373 1050 Quae
1410 997 1443 1040 si
1477 996 1679 1049 voluerit,

310 1065 469 1117 audiet,
485 1074 527 1108 et
550 1066 721 1121 tacebit,
746 1076 789 1110 et
809 1066 975 1111 desinet
993 1069 1183 1112 insidiari
1205 1069 1388 1112 veritati.

362 1137 437 1178 vl.
454 1137 712 1196 Quanquam
737 1153 813 1181 nos
833 1148 1024 1181 nontam
1043 1139 1097 1181 de
1118 1139 1206 1181 istis
1228 1138 1498 1181 documentis
1513 1152 1679 1195 praesu-

303 1221 490 1261 mamus,
512 1223 642 1266 quam
665 1207 719 1251 de
741 1208 970 1267 Scripturis
993 1208 1164 1264 sanctis,
1186 1209 1262 1251 ubi
1278 1208 1506 1251 haereditas
1525 1206 1685 1252 Christi

303 1294 440 1338 usque
467 1279 522 1322 ad
550 1279 755 1323 terminos
779 1289 903 1323 terrae
927 1281 1132 1339 promissa
1155 1290 1218 1324 est
1245 1281 1289 1323 in
1310 1279 1511 1323 omnibus
1545 1277 1684 1337 genti-

306 1350 388 1392 bus
413 1370 424 1406 3
445 1348 561 1393 uncle
579 1351 644 1393 isti
663 1350 827 1394 nefario
850 1352 1077 1394 schismate
1102 1352 1299 1409 separati,
1316 1352 1481 1409 jactant
1502 1348 1683 1393 crimina

303 1422 347 1465 in
376 1420 724 1480 palaeam[gmessis
750 1423 983 1467 Dominicae
1010 1444 1020 1479 3
1045 1439 1142 1483 quae
1173 1438 1342 1467 necesse
1371 1431 1434 1466 est
1458 1436 1597 1480 usque
1629 1418 1684 1463 ad

305 1493 437 1536 finem
464 1494 671 1549 permixta
695 1493 918 1548 toleretur,
941 1494 1079 1538 donec
1105 1495 1258 1538 ultimo
1284 1493 1450 1555 judicio
1478 1501 1567 1536 tota
1587 1506 1682 1535 area

304 1564 551 1608 ventiletur.
572 1563 695 1609 Unde
721 1565 992 1608 manifestum
1015 1575 1077 1609 est
1100 1566 1177 1609 ista
1198 1566 1377 1609 crimina
1401 1580 1475 1609 seu
1489 1578 1589 1607 vcra
1609 1576 1685 1605 seu

304 1635 410 1679 falsa
434 1650 520 1679 non
540 1636 753 1694 pertinere
769 1635 822 1679 ad
839 1636 1058 1680 frumenta
1082 1637 1318 1690 Dominica,
1335 1652 1434 1696 quae
1453 1651 1528 1694 per
1543 1643 1684 1678 totum

304 1721 477 1763 agrum,
513 1705 557 1748 id
588 1714 666 1759 est,
695 1707 825 1749 istum
859 1707 1095 1759 mundum,
1135 1722 1271 1766 usque
1305 1708 1350 1749 in
1381 1707 1512 1749 finem
1540 1702 1683 1748 saeculi

306 1785 478 1835 oportet
492 1791 695 1832 cresccre,
716 1777 826 1822 sicut
844 1793 930 1821 non
947 1777 1078 1821 falsus
1096 1777 1288 1836 Angelus
1305 1778 1349 1819 in
1372 1778 1499 1835 hujus
1521 1788 1681 1827 errore,

306 1848 380 1892 sed
404 1848 612 1892 Dominus
628 1848 672 1891 in
694 1847 926 1906 Evangelio
948 1847 1185 1908 loquitur¹.
1209 1847 1402 1906 Ideoque
1419 1846 1463 1889 in
1477 1844 1685 1890 Christia-

307 1935 383 1963 nos
411 1919 678 1973 innocentes,
716 1920 789 1979 qui
829 1934 905 1979 per
939 1928 1080 1963 totum
1106 1919 1256 1963 orbem
1285 1917 1407 1961 malis
1443 1915 1684 1960 christianis

309 1999 513 2049 tanquam
531 1990 676 2049 palaeae
693 2006 782 2034 suae
797 1990 863 2033 vel
881 1991 1048 2034 zizaniis
1068 1989 1265 2049 permixti
1284 1997 1401 2042 sunt,
1426 1986 1562 2031 multa
1579 1985 1682 2030 salsa

306 2060 505 2111 crimina,
521 2070 563 2104 et
592 2076 699 2104 vana
718 2062 984 2120 jactantibus
1008 2062 1072 2103 his
1094 2061 1255 2103 miseris
1280 2059 1509 2102 Donatistis
1530 2058 1683 2101 merito

307 2136 419 2178 Deus
441 2130 646 2184 reddidit,
664 2141 714 2174 ut
730 2132 1060 2175 Maximianistas
1078 2131 1193 2189 apud
1217 2130 1522 2187 Carthaginem
1546 2129 1682 2172 schis-

306 2205 483 2248 maticos
501 2216 600 2246 suos
622 2201 822 2245 Primiani
839 2199 1127 2254 damnatores,
1148 2209 1267 2244 extra
1290 2199 1554 2244 primianum
1574 2200 1681 2258 bap-

306 2276 518 2327 tizatores,
534 2281 631 2332 post
651 2271 912 2315 Primianum
936 2271 1265 2330 rebaptizatores
1283 2270 1510 2314 universali
1533 2270 1680 2314 conci-

305 2345 363 2389 lio
380 2360 458 2388 suo
475 2343 750 2387 damnarent:
768 2351 814 2384 ut
832 2356 881 2385 ex
903 2357 1049 2384 eorum
1077 2356 1256 2384 numero
1276 2350 1370 2400 post
1392 2356 1476 2384 non
1498 2355 1678 2399 parvum

305 2425 475 2475 tempus
498 2414 706 2474 quosdam
741 2413 783 2455 iu
817 2412 1050 2456 honoribus
1083 2413 1352 2471 episcopatus
1384 2412 1464 2464 sui,
1496 2411 1675 2455 Felicia-

303 2502 407 2531 num
438 2486 721 2531 Miistitanum
745 2494 788 2527 et
823 2486 1127 2527 Praetextatum
1162 2484 1458 2527 Assuritanum
1494 2488 1675 2538 cogente

354 2580 362 2594 ¹
384 2573 495 2605 matth.
517 2585 578 2610 1111,
600 2576 650 2606 (io.
