1790 3187
585 301 784 330 tmsrom
817 303 943 330 x1.111.
1371 290 1451 332 441

129 370 292 414 XXIV.
320 366 388 413 Ad
411 383 625 413 summam
647 383 692 413 se
715 369 828 427 ipsos
850 370 1117 427 interrogent
1139 387 1149 414 z
1172 370 1324 413 Nonne
1346 368 1458 414 tole-

71 449 223 484 rantur
260 439 316 483 ab
347 440 406 483 eis
435 439 574 484 caedes
603 448 646 483 et
674 439 873 484 incendia
905 438 1316 485 Circumcellionum
1335 474 1346 494 ‚
1382 441 1459 500 qui

69 519 170 555 sunt
192 519 465 554 veneratores
483 510 850 569 praecipitatorum
869 511 985 556 ultro
1004 510 1261 556 cadaverum
1281 545 1292 565 ‚
1315 518 1357 554 et
1376 510 1458 554 sub

68 580 399 626 incredibilibus
437 579 558 625 malis
601 581 731 626 unius
762 582 911 641 Optati
945 597 1020 641 per
1051 591 1116 626 tot
1149 596 1286 626 annos
1327 580 1461 625 totius

68 650 227 696 Africae
243 652 456 711 gemitus?
475 652 705 712 Parcojam
725 651 869 696 dicere
886 652 1153 711 singularum
1173 666 1248 712 per
1270 650 1457 696 Africam

68 725 294 783 regionum
312 734 354 768 et
376 725 596 768 civitatum
617 735 659 769 et
677 725 918 769 fundorum
938 725 1186 782 tyrannicas
1208 732 1457 784 potestates,

68 804 110 839 et
133 794 308 854 publica
335 794 575 840 latrocinia.
604 795 758 840 Melius
781 796 896 840 enim
925 796 1047 840 vobis
1071 797 1163 840 haec
1186 811 1262 840 vos
1287 795 1366 854 ipsi
1395 794 1462 839 di-

68 865 189 920 citis,
229 868 316 910 sive
352 867 397 910 in
427 882 599 918 aurem,
632 867 717 910 sive
750 866 917 924 palam,
954 867 1066 911 sicut
1099 867 1274 911 libitum
1311 865 1458 910 fuerit.

68 940 360 997 Quocumque
383 938 496 980 enim
523 937 672 982 oculos
701 938 910 981 verteritis
928 972 938 990 ‚
963 947 1162 981 occurret
1190 935 1309 996 quod
1339 936 1459 990 dico,

68 1007 136 1052 vel
161 1009 302 1067 potius
320 1007 438 1067 quod
459 1018 596 1051 taceo.
615 1010 765 1067 Neque
780 1007 883 1051 hinc
901 1008 1025 1062 istos,
1047 1023 1157 1067 quos
1180 1007 1238 1050 ibi
1258 1006 1459 1064 diligitis,

68 1094 334 1122 accusamus.
357 1083 448 1122 Nou
467 1077 582 1120 enim
607 1078 731 1121 nobis
756 1076 1014 1137 displicent,
1041 1079 1143 1138 quia
1164 1077 1352 1122 tolerant
1374 1092 1463 1122 ma-

67 1148 155 1207 los3
178 1150 254 1194 sed
279 1150 382 1210 quia
412 1149 745 1193 intolerabiliter
772 1149 875 1193 mali
906 1159 1008 1194 sunt
1035 1160 1216 1210 propter
1247 1148 1461 1203 schisma,

68 1230 247 1280 propter
281 1220 416 1265 altare
448 1230 598 1265 contra
637 1221 794 1275 altare,
836 1231 1010 1279 propter
1053 1221 1367 1281 separationem
1410 1219 1465 1263 ab

67 1292 323 1335 haereditate
342 1292 503 1336 Christi
526 1301 618 1336 toto
639 1292 746 1336 orbe
767 1291 926 1336 diffusa
940 1327 950 1347 ‚
971 1292 1082 1337 sicut
1105 1301 1226 1337 tanto
1244 1300 1345 1335 ante
1362 1305 1466 1350 pro-

69 1364 193 1408 missa
221 1373 298 1408 est.
328 1363 542 1408 Violatam
568 1379 716 1423 pacem
735 1399 746 1419 ,
771 1364 1028 1409 conscissam
1051 1364 1262 1408 unitatem
1280 1398 1291 1418 ‚
1312 1363 1467 1407 iterata

70 1435 328 1495 baptismata
345 1471 356 1491 ‚
380 1436 585 1480 exufflata
609 1445 874 1480 sacramenta
896 1472 906 1491 ‚
931 1436 1095 1497 quaein
1113 1435 1329 1480 sceleratis
1351 1450 1465 1494 quo·

70 1523 156 1567 que
179 1507 428 1552 horninibus
453 1517 599 1552 sancta
623 1516 744 1562 sunt,
772 1506 1020 1567 plangimus
1042 1517 1085 1552 et
1110 1506 1325 1564 lugemus.
1358 1508 1468 1558 Quae

2 1631 4 1634 Ι
71 1578 103 1623 si
123 1579 241 1638 parvi
262 1578 482 1638 pendunt,
509 1579 765 1622 intueantur
785 1577 980 1636 exempla
998 1577 1158 1637 quibus
1191 1576 1468 1620 demonstra-

2 1651 4 1660 '
72 1659 165 1694 tum
196 1659 258 1694 est
289 1649 443 1710 quanti
468 1651 561 1693 haec
587 1648 788 1709 penderit
815 1652 925 1692 Deus
952 1649 1028 1707 qui
1051 1647 1250 1692 fecerunt
1273 1646 1466 1705 idolumz,

3 1712 7 1732 ³
71 1721 224 1766 usitata
251 1721 383 1780 gladii
408 1731 546 1765 morte
569 1721 785 1780 perempti
807 1730 910 1765 sunt
939 1740 947 1765 :
973 1720 1049 1780 qui
1070 1735 1174 1764 vero
1197 1720 1377 1764 schisma
1400 1718 1468 1764 fa-

5 1783 9 1790 *
72 1807 169 1837 cere
195 1792 459 1847 voluerunt,
484 1792 606 1836 hiatu
629 1801 756 1836 terrae
779 1792 995 1852 principes
1019 1791 1240 1846 devorati,
1267 1801 1310 1836 et
1339 1791 1469 1837 turba

73 1864 348 1909 consentiens
376 1864 476 1922 igne
507 1872 766 1923 consumpta
805 1871 884 1907 est.
923 1863 1177 1908 Diversitate
1206 1877 1468 1922 poenarum,

27 1980 29 1984 ,
73 1935 294 1980 diversitas
325 1934 574 1994 agnoscitur
598 1936 870 1979 meritorum.

132 2009 271 2051 XXV.
311 2006 562 2050 Traduntur
583 2006 626 2049 in
653 2006 954 2064 persecutione
972 2005 1108 2050 sancti
1131 2005 1303 2050 codices
1319 2040 1330 2060 ‚
1364 2020 1471 2049 con·

8 2069 27 2123 'fi
74 2079 254 2123 fitentur
280 2077 506 2122 traditores
526 2112 536 2131 ‚
564 2086 618 2137 et‘
632 2080 721 2121 Deo
752 2075 1052 2121 dimittuntur.
1077 2078 1174 2121 Non
1202 2077 1471 2134 interrogan-

10 2154 25 2194 ἱ·
77 2159 146 2195 tur
174 2151 451 2204 innocentes,
483 2158 526 2192 et
558 2149 612 2193 ab
638 2149 891 2193 hominibus
922 2148 1160 2193 temerariis
1186 2147 1467 2192 damnantur.

10 2223 25 2265 Ε
74 2221 292 2265 Probatur
319 2221 484 2278 integer
505 2220 631 2263 certis
650 2219 824 2279 judiciis
841 2254 851 2272 ,
878 2219 953 2278 qui
981 2219 1094 2262 inter
1116 2218 1314 2261 absentes
1343 2217 1471 2262 dam-

13 2307 21 2338 ι

12 2376 22 2406 t

77 2300 200 2336 natos
239 2289 380 2334 multo
422 2290 721 2334 vehementius
754 2290 919 2334 caeteris
949 2289 1201 2333 criminatus
1234 2297 1313 2333 est.
1352 2287 1473 2333 Judi-

13 2361 26 2404 1
75 2362 191 2406 cium
214 2361 517 2420 episcoporum
541 2361 594 2404 ad
617 2363 926 2420 lmperatorem
948 2359 1209 2419 appellatur.
1236 2359 1377 2404 Judex
1401 2359 1473 2404 eli·

14 2432 25 2474 i*
77 2433 191 2491 gitur
220 2436 476 2491 Imperator.
505 2431 714 2476 Judicans
744 2431 1042 2476 contemnitur
1076 2433 1331 2490 Imperator.
1365 2433 1474 2484 Quae

16 2521 23 2547 ι
78 2512 183 2548 tunc
198 2513 291 2547 acta
310 2505 394 2547 sint
410 2503 593 2562 legistis,
614 2519 713 2563 quae
730 2518 848 2547 nunc
866 2512 1051 2561 agantur
1068 2501 1221 2546 videtis
1242 2521 1251 2547 :
1272 2502 1305 2545 si
1320 2501 1375 2545 de
1391 2501 1474 2545 illis

26 2579 42 2634 l
78 2575 123 2619 in
147 2573 293 2635 aliquo
323 2574 560 2628 dubitatis,
602 2576 680 2619 ista
705 2576 794 2634 jam
826 2574 1004 2618 cernite.
1036 2575 1165 2619 Certe
1193 2588 1282 2618 non
1313 2573 1472 2618 chartis

41 2685 46 2809 s
128 2674 137 2694 ι
162 2662 426 2702 ‘thamugadensis
440 2662 594 2703 episcopi.
618 2662 693 2693 Vide
710 2666 774 2693 not.
795 2662 823 2693 in
843 2661 941 2702 Epist.
962 2671 1027 2693 Lm.
