1790 3187
275 210 277 212 -
319 183 372 219 80
753 192 787 217 5.
823 187 1053 218 neusa-im
1085 188 1265 216 Emscom

315 255 419 300 vivit
452 255 516 299 vir
535 257 562 297 ¹,
588 256 680 298 Hoc
708 262 850 298 autem
885 261 1111 312 peccatum
1145 252 1214 295 hic
1246 249 1579 310 intelligendum
1606 258 1692 305 est,

314 323 433 384 quod
452 323 628 368 accessit
648 339 724 382 per
741 322 893 380 legem.
919 321 1047 375 Quod
1070 329 1296 381 peccatum
1321 320 1427 365 dicit
1451 334 1581 379 supra
1597 334 1698 363 mo-

315 395 423 439 dum
446 409 557 450 esse3
596 393 804 453 quoniam
837 408 936 437 cum
963 393 1051 451 jam
1086 400 1290 451 appareat
1325 406 1415 435 esse
1446 398 1695 450 peccatum,

318 466 368 508 fit
391 474 560 518 tamen,
600 472 642 507 et
671 462 874 521 adjuncta
903 461 1252 520 praevaricatione
1277 459 1542 505 cumulatur.
1570 476 1591 501 «
1615 458 1699 503 Ubi

320 554 339 577 η
366 536 482 580 enim
506 550 595 579 non
617 543 680 578 est
695 533 780 587 lex,
801 548 881 577 nec
903 533 1241 590 praevaricatio&
1273 551 1291 573 »
1322 535 1378 576 Et
1399 532 1482 576 hoc
1500 539 1564 576 est
1580 528 1700 590 quod

318 606 443 659 dicit,
474 625 492 647 «
515 608 570 649 Ut
589 605 664 649 fiat
685 619 813 663 supra
839 604 1017 647 modum
1035 612 1256 663 peccator,
1282 611 1357 646 aut
1384 611 1610 662 peccatum
1625 615 1702 660 per

321 694 341 717 n
369 675 642 720 mandatum.
674 693 693 716 »
723 677 996 734 Quapropter
1024 674 1189 731 legem,
1221 673 1416 733 quamvis
1437 689 1460 716 a
1482 670 1704 732 peccando

322 746 563 805 prohibeat,
587 761 677 790 non
700 755 844 789 tamen
867 745 927 790 sic
949 745 1054 789 dicit
1076 744 1239 802 datam,
1263 753 1312 788 ut
1333 744 1535 788 liberaret
1555 758 1579 787 a
1600 757 1705 802 pec-

320 826 440 874 cato,
461 816 535 860 sed
562 825 611 861 ut
633 816 949 860 demonstraret
975 824 1218 874 peccatum,
1250 814 1322 859 cui
1355 814 1542 858 serviens
1564 812 1707 857 anima

322 887 454 931 debet
476 902 520 931 se
549 886 604 931 ad
628 887 809 945 gratiam
841 885 1081 930 liberatoris
1115 893 1382 938 convertere,
1408 893 1458 928 ut
1480 900 1503 927 a
1529 891 1708 942 peccato

321 958 544 1003 liberetur.
565 977 584 999 «
603 961 681 1001 Per
698 957 835 1016 legem
859 957 973 1001 enim
997 957 1185 1014 cognitio
1207 956 1388 1015 peccati,
1414 976 1431 996 »
1449 964 1492 999 et
1513 954 1597 998 alio
1613 953 1710 998 loco

324 1029 450 1082 dicit,
481 1047 499 1069 «
526 1027 610 1073 Sed
631 1037 874 1087 peccatum,
894 1037 942 1071 ut
957 1036 1160 1086 appareat
1182 1019 1424 1085 peccatum,
1445 1040 1522 1084 per
1545 1024 1711 1069 bonum

329 1118 348 1140 »
369 1108 597 1158 operatum
619 1107 683 1143 est
707 1098 811 1143 mihi
836 1099 1062 1143 mortemss.
1092 1116 1111 1139 »
1138 1097 1221 1141 Ubi
1244 1111 1344 1154 ergo
1369 1111 1458 1140 non
1484 1104 1547 1140 est
1579 1094 1712 1154 gratia

325 1168 584 1222 liberatoris,
608 1178 737 1227 auget
759 1167 967 1227 peccandi
983 1167 1241 1211 desiderium
1262 1165 1501 1224 prohibitio
1518 1172 1714 1224 peccato-

326 1254 438 1282 rum.
465 1239 594 1291 Quod
617 1238 795 1297 quidem
818 1238 873 1281 ad
896 1239 979 1282 hoc
1002 1236 1107 1280 utile
1131 1246 1216 1290 est,
1242 1245 1292 1279 ut
1319 1237 1474 1280 sentiat
1495 1236 1638 1279 anima
1671 1248 1715 1278 se

324 1309 462 1368 ipsam
488 1324 577 1353 non
605 1309 685 1353 sibi
708 1309 906 1353 sufficere
929 1307 983 1352 ad
1013 1305 1326 1351 extrahendum
1361 1321 1405 1350 se
1427 1305 1482 1350 de
1508 1305 1715 1350 servitute

327 1380 507 1439 peccati,
522 1388 652 1439 atque
662 1380 746 1423 hoc
757 1379 889 1424 modo
900 1378 1225 1422 detumescente
1239 1387 1369 1436 atque
1390 1377 1578 1422 extincta
1596 1375 1715 1421 omni

328 1449 556 1509 superbia,
599 1449 814 1493 subdatur
851 1449 1072 1493 liberatori
1103 1463 1206 1502 suo,
1241 1448 1550 1507 sinceriterque
1583 1447 1716 1491 homo

329 1519 466 1574 dicat,
491 1539 511 1561 «
534 1519 727 1564 Adhaesit
744 1520 886 1564 anima
903 1535 996 1563 mea
1014 1528 1111 1578 post
1132 1519 1198 1563 te⁴
1224 1538 1232 1562 :
1257 1537 1275 1559 n
1297 1517 1417 1578 quod
1439 1526 1502 1561 est
1515 1518 1606 1577 jam
1628 1530 1717 1561 non

329 1606 420 1635 esse
440 1590 522 1634 sub
540 1588 636 1649 lege
657 1590 822 1649 peccati
835 1624 845 1643 ,
872 1590 1010 1633 sedin
1029 1588 1325 1649 legejustitiac.
1348 1591 1436 1631 Lex
1452 1596 1598 1632 autem
1620 1600 1718 1645 pec-

329 1661 412 1706 cati
448 1659 628 1714 dicitur,
661 1675 750 1704 non
786 1660 887 1719 quia
914 1659 980 1703 lex
1019 1660 1109 1718 ipsa
1132 1668 1358 1718 peccatum
1393 1667 1473 1713 est,
1509 1657 1586 1702 sed
1617 1655 1719 1716 quia

334 1730 633 1790 peccatoribus
658 1730 915 1789 imponitur.
951 1729 1054 1773 Ideo
1076 1729 1204 1772 etiarn
1228 1728 1296 1772 lex
1322 1728 1494 1782 mortis,
1520 1728 1621 1786 quia
1639 1726 1718 1771 sti-

334 1799 541 1858 pendium
570 1801 737 1859 peccati
770 1815 902 1855 mors,
939 1798 1115 1843 aculeus
1144 1798 1293 1842 mortis
1329 1799 1601 1856 peccatum⁵‚
1632 1796 1720 1841 vir-

334 1879 402 1914 tus
441 1878 586 1914 autem
622 1870 788 1930 peccati
817 1869 901 1914 lex.
938 1868 1164 1914 Peccando
1192 1868 1306 1911 enim
1351 1868 1405 1912 ad
1434 1876 1618 1912 mortem
1652 1865 1720 1910 la·

335 1940 494 1984 bimur.
536 1940 847 1984 Vehementius
889 1940 1002 1982 enim
1043 1953 1268 1997 peccamus
1302 1937 1396 1994 lege
1435 1932 1718 1997 prohiBente,

335 2025 467 2069 quam
492 2010 526 2053 si
554 2008 673 2053 nulla
701 2009 795 2067 lege
818 2008 1162 2068 prohiberemur.
1191 2007 1432 2051 Accedentc
1453 2016 1597 2051 autem
1622 2022 1719 2065 gra-

337 2079 417 2134 tia,
443 2078 632 2137 idipsum
669 2078 789 2138 quod
816 2078 882 2121 lex
917 2093 1097 2122 onerose
1130 2079 1327 2137 jusserat,
1358 2078 1444 2137 jam
1478 2077 1569 2121 sine
1592 2091 1723 2121 onere

339 2166 387 2194 ac
408 2149 688 2194 libentissime
719 2148 963 2208 implemus.
992 2152 1077 2192 Lex
1101 2164 1203 2207 ergo
1224 2148 1388 2207 peccati
1409 2157 1452 2191 et
1480 2147 1652 2202 mortis,
1678 2146 1725 2190 id

339 2229 418 2275 est,
443 2236 541 2280 quae
563 2220 764 2279 imposita
786 2228 849 2264 est
871 2219 1150 2278 peccantibus
1173 2228 1304 2278 atque
1328 2218 1629 2272 morientibus,
1649 2217 1724 2277 ju-

340 2291 416 2335 bet
446 2299 615 2335 tantum
639 2306 694 2334 ne
715 2290 1088 2350 concupiscamus,
1120 2298 1162 2333 et
1188 2298 1332 2333 tamen
1360 2288 1720 2348 concupiscimus.

342 2365 429 2406 Lex
453 2371 596 2406 autem
619 2361 792 2421 spiritus
814 2361 936 2416 vitae,
966 2376 1064 2421 quae
1084 2360 1272 2419 pertinet
1300 2359 1353 2405 ad
1378 2360 1576 2419 gratiam,
1602 2367 1645 2403 et
1668 2356 1724 2401 li-

390 2469 398 2485 ¹
421 2465 510 2495 Rom.
529 2473 575 2503 iv,
599 2462 649 2494 15.
666 2479 707 2485 —
724 2461 954 2503 21d.vn,13.
976 2478 1013 2484 —-
1029 2459 1111 2493 31d.
1136 2472 1183 2503 ιιι,
1202 2470 1257 2503 21,
1275 2465 1308 2494 ct
1325 2461 1379 2502 vn,
1399 2460 1449 2493 13.
1467 2458 1535 2490 -4
1549 2458 1629 2492 psal.
1647 2467 1722 2500 mm,

342 2529 375 2561 9.
391 2532 430 2541 -
445 2515 459 2541 ⁵
481 2520 570 2550 Rom.
591 2528 635 2559 vi,
655 2518 709 2558 23,
734 2522 767 2550 et
791 2529 801 2550 ι
825 2519 896 2550 Cor.
917 2527 971 2558 xv,
997 2516 1050 2549 56.
