<?xml version="1.0" encoding="UTF-8"?>
<!DOCTYPE html PUBLIC "-//W3C//DTD XHTML 1.0 Transitional//EN"
    "http://www.w3.org/TR/xhtml1/DTD/xhtml1-transitional.dtd">
<html xmlns="http://www.w3.org/1999/xhtml" xml:lang="en" lang="en">
 <head>
  <title>
</title>
<meta http-equiv="Content-Type" content="text/html;charset=utf-8" />
  <meta name='ocr-system' content='tesseract 3.04.00' />
  <meta name='ocr-capabilities' content='ocr_page ocr_carea ocr_par ocr_line ocrx_word'/>
</head>
<body>
  <div class='ocr_page' id='page_1' title='image "./operaomniaaccura38auguuoft/operaomniaaccura38auguuoft_0114.png"; bbox 0 0 1790 3187; ppageno 0'>
   <div class='ocr_carea' id='block_1_1' title="bbox 336 136 1763 2439">
    <p class='ocr_par' dir='ltr' id='par_1_1' title="bbox 336 136 1751 890">
     <span class='ocr_line' id='line_1_1' title="bbox 344 136 1735 286; baseline -0.006 -63"><span class='ocrx_word' id='word_1_1' title='bbox 344 184 423 223; x_wconf 85' lang='lat'>104</span> <span class='ocrx_word' id='word_1_2' title='bbox 771 193 893 221; x_wconf 74' lang='lat' dir='ltr'>s.A1</span> <span class='ocrx_word' id='word_1_3' title='bbox 898 195 954 219; x_wconf 72' lang='lat' dir='ltr'>Gr</span> <span class='ocrx_word' id='word_1_4' title='bbox 959 194 1067 218; x_wconf 68' lang='lat' dir='ltr'>s&#39;rmi</span> <span class='ocrx_word' id='word_1_5' title='bbox 1101 192 1280 218; x_wconf 71' lang='lat' dir='ltr'>Errscon</span> <span class='ocrx_word' id='word_1_6' title='bbox 1730 136 1735 286; x_wconf 65' lang='grc' dir='ltr'><strong>ἱ</strong></span> 
     </span>
     <span class='ocr_line' id='line_1_2' title="bbox 398 257 1751 318; baseline -0.005 -13"><span class='ocrx_word' id='word_1_7' title='bbox 398 264 459 305; x_wconf 73' lang='grc'>40.</span> <span class='ocrx_word' id='word_1_8' title='bbox 482 263 648 305; x_wconf 88' lang='lat' dir='ltr'>Genere</span> <span class='ocrx_word' id='word_1_9' title='bbox 675 260 808 318; x_wconf 83' lang='lat' dir='ltr'>1g1tur</span> <span class='ocrx_word' id='word_1_10' title='bbox 824 258 1053 302; x_wconf 82' lang='lat' dir='ltr'>locutionis</span> <span class='ocrx_word' id='word_1_11' title='bbox 1075 257 1254 302; x_wconf 90' lang='lat' dir='ltr'>solvitur</span> <span class='ocrx_word' id='word_1_12' title='bbox 1279 257 1476 317; x_wconf 75' lang='lat' dir='ltr'>quaestio.</span> <span class='ocrx_word' id='word_1_13' title='bbox 1510 257 1577 302; x_wconf 91' lang='lat' dir='ltr'>Sic</span> <span class='ocrx_word' id='word_1_14' title='bbox 1596 258 1709 303; x_wconf 88' lang='lat' dir='ltr'>enim</span> <span class='ocrx_word' id='word_1_15' title='bbox 1750 295 1751 298; x_wconf 75' lang='grc'>,</span> 
     </span>
     <span class='ocr_line' id='line_1_3' title="bbox 336 290 1736 407; baseline -0.003 -30"><span class='ocrx_word' id='word_1_16' title='bbox 336 333 596 394; x_wconf 88' lang='lat' dir='ltr'>plerumque</span> <span class='ocrx_word' id='word_1_17' title='bbox 617 331 835 389; x_wconf 79' lang='lat' dir='ltr'>Scriptura</span> <span class='ocrx_word' id='word_1_18' title='bbox 857 329 1066 388; x_wconf 89' lang='lat' dir='ltr'>loquitur,</span> <span class='ocrx_word' id='word_1_19' title='bbox 1097 337 1145 373; x_wconf 90' lang='lat' dir='ltr'>ut</span> <span class='ocrx_word' id='word_1_20' title='bbox 1166 328 1285 387; x_wconf 88' lang='lat' dir='ltr'>quod</span> <span class='ocrx_word' id='word_1_21' title='bbox 1312 343 1479 407; x_wconf 86' lang='lat' dir='ltr'>semper</span> <span class='ocrx_word' id='word_1_22' title='bbox 1495 336 1580 382; x_wconf 86' lang='lat' dir='ltr'>est,</span> <span class='ocrx_word' id='word_1_23' title='bbox 1605 335 1712 374; x_wconf 88' lang='lat' dir='ltr'>tune</span> <span class='ocrx_word' id='word_1_24' title='bbox 1732 290 1736 394; x_wconf 62' lang='lat' dir='ltr'>i</span> 
     </span>
     <span class='ocr_line' id='line_1_4' title="bbox 337 397 1737 468; baseline -0.003 -20"><span class='ocrx_word' id='word_1_25' title='bbox 337 405 429 448; x_wconf 83' lang='lat' dir='ltr'>fieri</span> <span class='ocrx_word' id='word_1_26' title='bbox 459 404 627 448; x_wconf 85' lang='lat' dir='ltr'>dicatur</span> <span class='ocrx_word' id='word_1_27' title='bbox 652 402 698 445; x_wconf 93' lang='lat' dir='ltr'>in</span> <span class='ocrx_word' id='word_1_28' title='bbox 722 400 891 460; x_wconf 89' lang='lat' dir='ltr'>aliquo,</span> <span class='ocrx_word' id='word_1_29' title='bbox 922 415 1021 445; x_wconf 91' lang='lat' dir='ltr'>cum</span> <span class='ocrx_word' id='word_1_30' title='bbox 1045 399 1090 443; x_wconf 91' lang='lat' dir='ltr'>in</span> <span class='ocrx_word' id='word_1_31' title='bbox 1125 414 1176 443; x_wconf 88' lang='lat' dir='ltr'>eo</span> <span class='ocrx_word' id='word_1_32' title='bbox 1203 400 1400 457; x_wconf 85' lang='lat' dir='ltr'>cognosci</span> <span class='ocrx_word' id='word_1_33' title='bbox 1429 397 1621 458; x_wconf 88' lang='lat' dir='ltr'>coeperit.</span> <span class='ocrx_word' id='word_1_34' title='bbox 1648 401 1711 444; x_wconf 88' lang='lat' dir='ltr'>Ita</span> <span class='ocrx_word' id='word_1_35' title='bbox 1733 397 1737 468; x_wconf 64' lang='grc'>1</span> 
     </span>
     <span class='ocr_line' id='line_1_5' title="bbox 338 470 1738 559; baseline -0.006 -40"><span class='ocrx_word' id='word_1_36' title='bbox 338 476 453 520; x_wconf 91' lang='lat' dir='ltr'>enim</span> <span class='ocrx_word' id='word_1_37' title='bbox 472 474 654 518; x_wconf 89' lang='lat' dir='ltr'>dicimus</span> <span class='ocrx_word' id='word_1_38' title='bbox 670 473 714 516; x_wconf 92' lang='lat' dir='ltr'>in</span> <span class='ocrx_word' id='word_1_39' title='bbox 729 472 938 526; x_wconf 84' lang='lat' dir='ltr'>oratione,</span> <span class='ocrx_word' id='word_1_40' title='bbox 959 490 976 512; x_wconf 92' lang='lat'><strong><em>«</em></strong></span> <span class='ocrx_word' id='word_1_41' title='bbox 1002 470 1299 516; x_wconf 83' lang='lat' dir='ltr'>Sanctificetur</span> <span class='ocrx_word' id='word_1_42' title='bbox 1314 485 1472 514; x_wconf 89' lang='lat' dir='ltr'>nomen</span> <span class='ocrx_word' id='word_1_43' title='bbox 1493 478 1618 513; x_wconf 88' lang='lat' dir='ltr'>tuum</span> <span class='ocrx_word' id='word_1_44' title='bbox 1632 470 1669 513; x_wconf 89' lang='lat'>¹:</span> <span class='ocrx_word' id='word_1_45' title='bbox 1688 487 1708 511; x_wconf 72' lang='lat' dir='ltr'>n</span> <span class='ocrx_word' id='word_1_46' title='bbox 1734 470 1738 559; x_wconf 70' lang='grc'>1</span> 
     </span>
     <span class='ocr_line' id='line_1_6' title="bbox 337 540 1710 607; baseline -0.004 -17"><span class='ocrx_word' id='word_1_47' title='bbox 337 546 460 607; x_wconf 82' lang='lat' dir='ltr'>quasi</span> <span class='ocrx_word' id='word_1_48' title='bbox 483 544 718 605; x_wconf 87' lang='lat' dir='ltr'>aliquando</span> <span class='ocrx_word' id='word_1_49' title='bbox 737 551 932 587; x_wconf 88' lang='lat' dir='ltr'>sanctum</span> <span class='ocrx_word' id='word_1_50' title='bbox 953 558 1041 586; x_wconf 91' lang='lat' dir='ltr'>non</span> <span class='ocrx_word' id='word_1_51' title='bbox 1058 542 1125 586; x_wconf 87' lang='lat' dir='ltr'>sit.</span> <span class='ocrx_word' id='word_1_52' title='bbox 1149 544 1263 599; x_wconf 84' lang='lat' dir='ltr'>Ergo</span> <span class='ocrx_word' id='word_1_53' title='bbox 1277 541 1386 585; x_wconf 88' lang='lat' dir='ltr'>sicut</span> <span class='ocrx_word' id='word_1_54' title='bbox 1406 540 1710 596; x_wconf 85' lang='lat' dir='ltr'>sanctificetur,</span> 
     </span>
     <span class='ocr_line' id='line_1_7' title="bbox 339 610 1739 672; baseline -0.003 -13"><span class='ocrx_word' id='word_1_55' title='bbox 339 627 401 661; x_wconf 86' lang='lat' dir='ltr'>est</span> <span class='ocrx_word' id='word_1_56' title='bbox 423 625 619 660; x_wconf 85' lang='lat' dir='ltr'>sanctum</span> <span class='ocrx_word' id='word_1_57' title='bbox 638 629 726 658; x_wconf 89' lang='lat' dir='ltr'>esse</span> <span class='ocrx_word' id='word_1_58' title='bbox 743 613 982 657; x_wconf 87' lang='lat' dir='ltr'>innotescat</span> <span class='ocrx_word' id='word_1_59' title='bbox 1001 632 1010 657; x_wconf 75' lang='lat' dir='ltr'>z</span> <span class='ocrx_word' id='word_1_60' title='bbox 1028 613 1086 656; x_wconf 87' lang='lat' dir='ltr'>ita</span> <span class='ocrx_word' id='word_1_61' title='bbox 1110 626 1301 672; x_wconf 79' lang='lat' dir='ltr'>quoque,</span> <span class='ocrx_word' id='word_1_62' title='bbox 1323 630 1342 653; x_wconf 89' lang='lat'>«</span> <span class='ocrx_word' id='word_1_63' title='bbox 1362 613 1473 656; x_wconf 90' lang='lat' dir='ltr'>Cum</span> <span class='ocrx_word' id='word_1_64' title='bbox 1491 610 1716 655; x_wconf 86' lang='lat' dir='ltr'>tradiderit</span> <span class='ocrx_word' id='word_1_65' title='bbox 1736 631 1739 644; x_wconf 50' lang='grc' dir='ltr'><strong><em>τ</em></strong></span> 
     </span>
     <span class='ocr_line' id='line_1_8' title="bbox 341 685 1716 746; baseline -0.001 -17"><span class='ocrx_word' id='word_1_66' title='bbox 341 707 360 729; x_wconf 84' lang='lat'>»</span> <span class='ocrx_word' id='word_1_67' title='bbox 380 702 561 746; x_wconf 81' lang='lat' dir='ltr'>regnum</span> <span class='ocrx_word' id='word_1_68' title='bbox 581 690 670 730; x_wconf 90' lang='lat' dir='ltr'>Deo</span> <span class='ocrx_word' id='word_1_69' title='bbox 683 695 725 729; x_wconf 91' lang='lat' dir='ltr'>et</span> <span class='ocrx_word' id='word_1_70' title='bbox 738 685 870 739; x_wconf 86' lang='lat' dir='ltr'>Patri,</span> <span class='ocrx_word' id='word_1_71' title='bbox 891 702 910 725; x_wconf 69' lang='lat' dir='ltr'>&gt;i</span> <span class='ocrx_word' id='word_1_72' title='bbox 924 685 969 728; x_wconf 95' lang='lat' dir='ltr'>id</span> <span class='ocrx_word' id='word_1_73' title='bbox 984 693 1062 740; x_wconf 86' lang='lat' dir='ltr'>est,</span> <span class='ocrx_word' id='word_1_74' title='bbox 1081 699 1179 728; x_wconf 92' lang='lat' dir='ltr'>cum</span> <span class='ocrx_word' id='word_1_75' title='bbox 1196 687 1365 727; x_wconf 89' lang='lat' dir='ltr'>Patrem</span> <span class='ocrx_word' id='word_1_76' title='bbox 1380 697 1559 742; x_wconf 85' lang='lat' dir='ltr'>regnare</span> <span class='ocrx_word' id='word_1_77' title='bbox 1572 697 1716 727; x_wconf 91' lang='lat' dir='ltr'>mons-</span> 
     </span>
     <span class='ocr_line' id='line_1_9' title="bbox 339 752 1736 816; baseline -0.004 -14"><span class='ocrx_word' id='word_1_78' title='bbox 339 759 536 812; x_wconf 83' lang='lat' dir='ltr'>traverit,</span> <span class='ocrx_word' id='word_1_79' title='bbox 567 766 616 800; x_wconf 89' lang='lat' dir='ltr'>ut</span> <span class='ocrx_word' id='word_1_80' title='bbox 653 772 730 816; x_wconf 92' lang='lat' dir='ltr'>per</span> <span class='ocrx_word' id='word_1_81' title='bbox 762 755 947 816; x_wconf 91' lang='lat' dir='ltr'>speciem</span> <span class='ocrx_word' id='word_1_82' title='bbox 983 754 1460 813; x_wconf 71' lang='lat' dir='ltr'>manifestationemque</span> <span class='ocrx_word' id='word_1_83' title='bbox 1493 752 1736 809; x_wconf 85' lang='lat' dir='ltr'>clarescat,.</span> 
     </span>
     <span class='ocr_line' id='line_1_10' title="bbox 337 825 1714 890; baseline -0.005 -16"><span class='ocrx_word' id='word_1_84' title='bbox 337 830 457 890; x_wconf 88' lang='lat' dir='ltr'>quod</span> <span class='ocrx_word' id='word_1_85' title='bbox 475 844 592 872; x_wconf 91' lang='lat' dir='ltr'>nunc</span> <span class='ocrx_word' id='word_1_86' title='bbox 608 844 630 872; x_wconf 90' lang='lat' dir='ltr'>a</span> <span class='ocrx_word' id='word_1_87' title='bbox 647 827 848 871; x_wconf 87' lang='lat' dir='ltr'>fidelibus</span> <span class='ocrx_word' id='word_1_88' title='bbox 870 826 1061 871; x_wconf 88' lang='lat' dir='ltr'>creditur</span> <span class='ocrx_word' id='word_1_89' title='bbox 1077 840 1120 870; x_wconf 80' lang='lat' dir='ltr'>et</span> <span class='ocrx_word' id='word_1_90' title='bbox 1142 827 1195 869; x_wconf 89' lang='lat' dir='ltr'>ab</span> <span class='ocrx_word' id='word_1_91' title='bbox 1210 825 1458 869; x_wconf 85' lang='lat' dir='ltr'>infidelibus</span> <span class='ocrx_word' id='word_1_92' title='bbox 1484 840 1572 868; x_wconf 89' lang='lat' dir='ltr'>non</span> <span class='ocrx_word' id='word_1_93' title='bbox 1587 833 1714 883; x_wconf 88' lang='lat' dir='ltr'>puta·</span> 
     </span>
    </p>

    <p class='ocr_par' dir='ltr' id='par_1_2' title="bbox 336 897 1716 956">
     <span class='ocr_line' id='line_1_11' title="bbox 336 897 1716 956; baseline -0.005 -11"><span class='ocrx_word' id='word_1_94' title='bbox 336 911 422 946; x_wconf 88' lang='lat' dir='ltr'>tur.</span> <span class='ocrx_word' id='word_1_95' title='bbox 449 899 689 944; x_wconf 87' lang='lat' dir='ltr'>Evacuabit</span> <span class='ocrx_word' id='word_1_96' title='bbox 706 908 851 942; x_wconf 90' lang='lat' dir='ltr'>autem</span> <span class='ocrx_word' id='word_1_97' title='bbox 875 913 1046 942; x_wconf 87' lang='lat' dir='ltr'>omnem</span> <span class='ocrx_word' id='word_1_98' title='bbox 1072 897 1362 956; x_wconf 82' lang='lat' dir='ltr'>principatum</span> <span class='ocrx_word' id='word_1_99' title='bbox 1381 905 1423 939; x_wconf 90' lang='lat' dir='ltr'>et</span> <span class='ocrx_word' id='word_1_100' title='bbox 1444 904 1716 954; x_wconf 85' lang='lat' dir='ltr'>potestatem,</span> 
     </span>
    </p>

    <p class='ocr_par' dir='ltr' id='par_1_3' title="bbox 339 967 1763 1452">
     <span class='ocr_line' id='line_1_12' title="bbox 339 967 1742 1029; baseline -0.005 -13"><span class='ocrx_word' id='word_1_101' title='bbox 339 969 654 1016; x_wconf 88' lang='lat' dir='ltr'>manifestando</span> <span class='ocrx_word' id='word_1_102' title='bbox 686 971 837 1029; x_wconf 87' lang='lat' dir='ltr'>utique</span> <span class='ocrx_word' id='word_1_103' title='bbox 859 984 1040 1028; x_wconf 79' lang='lat' dir='ltr'>regnum</span> <span class='ocrx_word' id='word_1_104' title='bbox 1074 969 1230 1021; x_wconf 90' lang='lat' dir='ltr'>Patris,</span> <span class='ocrx_word' id='word_1_105' title='bbox 1256 977 1306 1012; x_wconf 87' lang='lat' dir='ltr'>ut</span> <span class='ocrx_word' id='word_1_106' title='bbox 1337 967 1538 1012; x_wconf 86' lang='lat' dir='ltr'>omnibus</span> <span class='ocrx_word' id='word_1_107' title='bbox 1566 975 1718 1010; x_wconf 90' lang='lat' dir='ltr'>notum</span> <span class='ocrx_word' id='word_1_108' title='bbox 1737 971 1742 1008; x_wconf 48' lang='grc' dir='ltr'><em>ζ</em></span> 
     </span>
     <span class='ocr_line' id='line_1_13' title="bbox 339 1037 1739 1100; baseline -0.002 -15"><span class='ocrx_word' id='word_1_109' title='bbox 339 1043 414 1097; x_wconf 87' lang='lat' dir='ltr'>sit,</span> <span class='ocrx_word' id='word_1_110' title='bbox 452 1041 623 1085; x_wconf 82' lang='lat' dir='ltr'>nullum</span> <span class='ocrx_word' id='word_1_111' title='bbox 655 1041 899 1100; x_wconf 85' lang='lat' dir='ltr'>principum</span> <span class='ocrx_word' id='word_1_112' title='bbox 932 1049 974 1083; x_wconf 91' lang='lat' dir='ltr'>et</span> <span class='ocrx_word' id='word_1_113' title='bbox 1002 1048 1286 1098; x_wconf 87' lang='lat' dir='ltr'>potestatum,</span> <span class='ocrx_word' id='word_1_114' title='bbox 1327 1037 1414 1082; x_wconf 91' lang='lat' dir='ltr'>sive</span> <span class='ocrx_word' id='word_1_115' title='bbox 1447 1037 1739 1093; x_wconf 79' lang='lat' dir='ltr'>coelestium„</span> 
     </span>
     <span class='ocr_line' id='line_1_14' title="bbox 339 1107 1763 1168; baseline -0.004 -13"><span class='ocrx_word' id='word_1_116' title='bbox 339 1113 427 1155; x_wconf 81' lang='lat' dir='ltr'>sive</span> <span class='ocrx_word' id='word_1_117' title='bbox 449 1112 730 1165; x_wconf 80' lang='lat' dir='ltr'>terrestrium,</span> <span class='ocrx_word' id='word_1_118' title='bbox 750 1127 825 1168; x_wconf 88' lang='lat' dir='ltr'>per</span> <span class='ocrx_word' id='word_1_119' title='bbox 839 1126 882 1154; x_wconf 92' lang='lat' dir='ltr'>se</span> <span class='ocrx_word' id='word_1_120' title='bbox 899 1110 1100 1154; x_wconf 86' lang='lat' dir='ltr'>habuisse</span> <span class='ocrx_word' id='word_1_121' title='bbox 1123 1109 1285 1168; x_wconf 85' lang='lat' dir='ltr'>aliquid</span> <span class='ocrx_word' id='word_1_122' title='bbox 1300 1107 1565 1168; x_wconf 83' lang='lat' dir='ltr'>principatus</span> <span class='ocrx_word' id='word_1_123' title='bbox 1588 1117 1631 1151; x_wconf 90' lang='lat' dir='ltr'>et</span> <span class='ocrx_word' id='word_1_124' title='bbox 1648 1122 1720 1166; x_wconf 92' lang='lat' dir='ltr'>po·</span> <span class='ocrx_word' id='word_1_125' title='bbox 1742 1160 1763 1168; x_wconf 22' lang='grc' dir='ltr'>Γ</span> 
     </span>
     <span class='ocr_line' id='line_1_15' title="bbox 341 1177 1719 1240; baseline -0.004 -15"><span class='ocrx_word' id='word_1_126' title='bbox 341 1183 525 1236; x_wconf 83' lang='lat' dir='ltr'>testatis,</span> <span class='ocrx_word' id='word_1_127' title='bbox 552 1181 624 1225; x_wconf 86' lang='lat' dir='ltr'>sed</span> <span class='ocrx_word' id='word_1_128' title='bbox 646 1182 700 1224; x_wconf 86' lang='lat' dir='ltr'>ab</span> <span class='ocrx_word' id='word_1_129' title='bbox 717 1181 792 1224; x_wconf 94' lang='lat' dir='ltr'>illo</span> <span class='ocrx_word' id='word_1_130' title='bbox 810 1196 859 1224; x_wconf 84' lang='lat' dir='ltr'>ex</span> <span class='ocrx_word' id='word_1_131' title='bbox 881 1196 969 1240; x_wconf 84' lang='lat' dir='ltr'>quo</span> <span class='ocrx_word' id='word_1_132' title='bbox 991 1189 1093 1223; x_wconf 91' lang='lat' dir='ltr'>sunt</span> <span class='ocrx_word' id='word_1_133' title='bbox 1109 1180 1268 1234; x_wconf 81' lang='lat' dir='ltr'>omnia,</span> <span class='ocrx_word' id='word_1_134' title='bbox 1289 1194 1377 1222; x_wconf 89' lang='lat' dir='ltr'>non</span> <span class='ocrx_word' id='word_1_135' title='bbox 1395 1177 1536 1222; x_wconf 89' lang='lat' dir='ltr'>solum</span> <span class='ocrx_word' id='word_1_136' title='bbox 1553 1186 1603 1221; x_wconf 93' lang='lat' dir='ltr'>ut</span> <span class='ocrx_word' id='word_1_137' title='bbox 1619 1178 1719 1232; x_wconf 90' lang='lat' dir='ltr'>sint,</span> 
     </span>
     <span class='ocr_line' id='line_1_16' title="bbox 342 1248 1747 1303; baseline -0.004 -7"><span class='ocrx_word' id='word_1_138' title='bbox 342 1268 490 1296; x_wconf 89' lang='lat' dir='ltr'>verum</span> <span class='ocrx_word' id='word_1_139' title='bbox 507 1253 635 1296; x_wconf 86' lang='lat' dir='ltr'>etiam</span> <span class='ocrx_word' id='word_1_140' title='bbox 653 1260 702 1295; x_wconf 88' lang='lat' dir='ltr'>ut</span> <span class='ocrx_word' id='word_1_141' title='bbox 725 1251 921 1296; x_wconf 87' lang='lat' dir='ltr'>ordinata</span> <span class='ocrx_word' id='word_1_142' title='bbox 944 1251 1042 1294; x_wconf 89' lang='lat' dir='ltr'>sint.</span> <span class='ocrx_word' id='word_1_143' title='bbox 1062 1253 1114 1293; x_wconf 85' lang='lat' dir='ltr'>In</span> <span class='ocrx_word' id='word_1_144' title='bbox 1132 1250 1205 1294; x_wconf 87' lang='lat' dir='ltr'>illa</span> <span class='ocrx_word' id='word_1_145' title='bbox 1222 1250 1338 1293; x_wconf 90' lang='lat' dir='ltr'>enim</span> <span class='ocrx_word' id='word_1_146' title='bbox 1356 1248 1722 1292; x_wconf 80' lang='lat' dir='ltr'>manisfestatione</span> <span class='ocrx_word' id='word_1_147' title='bbox 1744 1294 1747 1303; x_wconf 55' lang='lat'>‚</span> 
     </span>
     <span class='ocr_line' id='line_1_17' title="bbox 342 1317 1724 1382; baseline -0.003 -16"><span class='ocrx_word' id='word_1_148' title='bbox 342 1321 450 1366; x_wconf 87' lang='lat' dir='ltr'>nulli</span> <span class='ocrx_word' id='word_1_149' title='bbox 474 1338 569 1382; x_wconf 86' lang='lat' dir='ltr'>spes</span> <span class='ocrx_word' id='word_1_150' title='bbox 592 1322 735 1381; x_wconf 88' lang='lat' dir='ltr'>aliqua</span> <span class='ocrx_word' id='word_1_151' title='bbox 766 1321 1006 1364; x_wconf 84' lang='lat' dir='ltr'>remanebit</span> <span class='ocrx_word' id='word_1_152' title='bbox 1027 1321 1071 1364; x_wconf 91' lang='lat' dir='ltr'>in</span> <span class='ocrx_word' id='word_1_153' title='bbox 1093 1335 1317 1379; x_wconf 82' lang='lat' dir='ltr'>quoquam</span> <span class='ocrx_word' id='word_1_154' title='bbox 1342 1319 1559 1379; x_wconf 86' lang='lat' dir='ltr'>principe,</span> <span class='ocrx_word' id='word_1_155' title='bbox 1584 1327 1659 1362; x_wconf 91' lang='lat' dir='ltr'>aut</span> <span class='ocrx_word' id='word_1_156' title='bbox 1679 1317 1724 1362; x_wconf 90' lang='lat' dir='ltr'>in</span> 
     </span>
     <span class='ocr_line' id='line_1_18' title="bbox 341 1389 1720 1467; baseline -0.003 -31"><span class='ocrx_word' id='word_1_157' title='bbox 341 1408 562 1452; x_wconf 81' lang='lat' dir='ltr'>quoquam</span> <span class='ocrx_word' id='word_1_158' title='bbox 590 1392 780 1436; x_wconf 85' lang='lat' dir='ltr'>homine.</span> <span class='ocrx_word' id='word_1_159' title='bbox 807 1390 934 1444; x_wconf 85' lang='lat' dir='ltr'>Quod</span> <span class='ocrx_word' id='word_1_160' title='bbox 961 1391 1090 1434; x_wconf 91' lang='lat' dir='ltr'>etiam</span> <span class='ocrx_word' id='word_1_161' title='bbox 1112 1406 1228 1433; x_wconf 90' lang='lat' dir='ltr'>nunc</span> <span class='ocrx_word' id='word_1_162' title='bbox 1251 1389 1503 1467; x_wconf 83' lang='lat' dir='ltr'>prophetice</span> <span class='ocrx_word' id='word_1_163' title='bbox 1525 1389 1720 1434; x_wconf 83' lang='lat' dir='ltr'>canitur:</span> 
     </span>
    </p>

    <p class='ocr_par' dir='ltr' id='par_1_4' title="bbox 344 1459 1757 2439">
     <span class='ocr_line' id='line_1_19' title="bbox 344 1459 1749 1522; baseline -0.002 -17"><span class='ocrx_word' id='word_1_164' title='bbox 344 1483 364 1505; x_wconf 92' lang='lat'>«</span> <span class='ocrx_word' id='word_1_165' title='bbox 388 1466 558 1507; x_wconf 89' lang='lat' dir='ltr'>Bonum</span> <span class='ocrx_word' id='word_1_166' title='bbox 578 1472 822 1522; x_wconf 86' lang='lat' dir='ltr'>estsperare</span> <span class='ocrx_word' id='word_1_167' title='bbox 838 1462 881 1505; x_wconf 90' lang='lat' dir='ltr'>in</span> <span class='ocrx_word' id='word_1_168' title='bbox 907 1461 1105 1516; x_wconf 81' lang='lat' dir='ltr'>Domino,</span> <span class='ocrx_word' id='word_1_169' title='bbox 1124 1476 1253 1519; x_wconf 88' lang='lat' dir='ltr'>quam</span> <span class='ocrx_word' id='word_1_170' title='bbox 1272 1475 1441 1518; x_wconf 86' lang='lat' dir='ltr'>sperare</span> <span class='ocrx_word' id='word_1_171' title='bbox 1460 1461 1503 1502; x_wconf 93' lang='lat' dir='ltr'>in</span> <span class='ocrx_word' id='word_1_172' title='bbox 1521 1459 1748 1517; x_wconf 80' lang='lat' dir='ltr'>homine3&#39;</span> <span class='ocrx_word' id='word_1_173' title='bbox 1746 1477 1749 1508; x_wconf 83' lang='grc' dir='ltr'><strong>ι</strong></span> 
     </span>
     <span class='ocr_line' id='line_1_20' title="bbox 344 1529 1749 1610; baseline -0.001 -35"><span class='ocrx_word' id='word_1_174' title='bbox 344 1553 364 1575; x_wconf 85' lang='lat'>»</span> <span class='ocrx_word' id='word_1_175' title='bbox 388 1535 553 1578; x_wconf 88' lang='lat' dir='ltr'>bonum</span> <span class='ocrx_word' id='word_1_176' title='bbox 577 1543 639 1577; x_wconf 87' lang='lat' dir='ltr'>est</span> <span class='ocrx_word' id='word_1_177' title='bbox 654 1548 823 1592; x_wconf 85' lang='lat' dir='ltr'>sperare</span> <span class='ocrx_word' id='word_1_178' title='bbox 845 1533 889 1575; x_wconf 93' lang='lat' dir='ltr'>in</span> <span class='ocrx_word' id='word_1_179' title='bbox 910 1533 1092 1576; x_wconf 84' lang='lat' dir='ltr'>Domino</span> <span class='ocrx_word' id='word_1_180' title='bbox 1116 1546 1246 1591; x_wconf 87' lang='lat' dir='ltr'>quam</span> <span class='ocrx_word' id='word_1_181' title='bbox 1269 1546 1439 1610; x_wconf 83' lang='lat' dir='ltr'>sperare</span> <span class='ocrx_word' id='word_1_182' title='bbox 1454 1531 1498 1574; x_wconf 92' lang='lat' dir='ltr'>in</span> <span class='ocrx_word' id='word_1_183' title='bbox 1518 1529 1724 1589; x_wconf 88' lang='lat' dir='ltr'>principi·-</span> <span class='ocrx_word' id='word_1_184' title='bbox 1747 1537 1749 1554; x_wconf 69' lang='lat'>³</span> 
     </span>
     <span class='ocr_line' id='line_1_21' title="bbox 346 1603 1750 1667; baseline -0.001 -20"><span class='ocrx_word' id='word_1_185' title='bbox 346 1625 365 1647; x_wconf 88' lang='lat'>»</span> <span class='ocrx_word' id='word_1_186' title='bbox 391 1607 500 1649; x_wconf 68' lang='lat' dir='ltr'>bus²</span> <span class='ocrx_word' id='word_1_187' title='bbox 523 1624 530 1649; x_wconf 91' lang='lat'>:</span> <span class='ocrx_word' id='word_1_188' title='bbox 556 1624 574 1646; x_wconf 82' lang='lat'>&gt;›</span> <span class='ocrx_word' id='word_1_189' title='bbox 596 1614 646 1649; x_wconf 91' lang='lat' dir='ltr'>ut</span> <span class='ocrx_word' id='word_1_190' title='bbox 676 1605 754 1648; x_wconf 88' lang='lat' dir='ltr'>ista</span> <span class='ocrx_word' id='word_1_191' title='bbox 791 1605 1072 1648; x_wconf 76' lang='lat' dir='ltr'>meditatione</span> <span class='ocrx_word' id='word_1_192' title='bbox 1099 1604 1241 1647; x_wconf 90' lang='lat' dir='ltr'>anima</span> <span class='ocrx_word' id='word_1_193' title='bbox 1259 1604 1348 1663; x_wconf 86' lang='lat' dir='ltr'>jam</span> <span class='ocrx_word' id='word_1_194' title='bbox 1372 1603 1412 1646; x_wconf 89' lang='lat' dir='ltr'>in</span> <span class='ocrx_word' id='word_1_195' title='bbox 1438 1617 1619 1661; x_wconf 84' lang='lat' dir='ltr'>regnum</span> <span class='ocrx_word' id='word_1_196' title='bbox 1646 1605 1726 1645; x_wconf 86' lang='lat' dir='ltr'>Pa·</span> <span class='ocrx_word' id='word_1_197' title='bbox 1748 1656 1750 1667; x_wconf 27' lang='grc' dir='ltr'>Α</span> 
     </span>
     <span class='ocr_line' id='line_1_22' title="bbox 346 1668 1751 1735; baseline -0.004 -16"><span class='ocrx_word' id='word_1_198' title='bbox 346 1676 418 1719; x_wconf 85' lang='lat' dir='ltr'>tris</span> <span class='ocrx_word' id='word_1_199' title='bbox 446 1668 665 1734; x_wconf 78' lang='lat' dir='ltr'>assurgat,</span> <span class='ocrx_word' id='word_1_200' title='bbox 703 1690 782 1719; x_wconf 89' lang='lat' dir='ltr'>nec</span> <span class='ocrx_word' id='word_1_201' title='bbox 818 1675 1072 1735; x_wconf 83' lang='lat' dir='ltr'>cujusquam</span> <span class='ocrx_word' id='word_1_202' title='bbox 1113 1683 1369 1733; x_wconf 84' lang='lat' dir='ltr'>potestatem</span> <span class='ocrx_word' id='word_1_203' title='bbox 1407 1681 1563 1732; x_wconf 85' lang='lat' dir='ltr'>praeter</span> <span class='ocrx_word' id='word_1_204' title='bbox 1600 1670 1726 1715; x_wconf 90' lang='lat' dir='ltr'>illum</span> <span class='ocrx_word' id='word_1_205' title='bbox 1749 1706 1751 1714; x_wconf 35' lang='lat' dir='ltr'><strong><em>s</em></strong></span> 
     </span>
     <span class='ocr_line' id='line_1_23' title="bbox 344 1740 1722 1804; baseline -0.003 -15"><span class='ocrx_word' id='word_1_206' title='bbox 344 1745 680 1804; x_wconf 74' lang='lat' dir='ltr'>magnifaciens,</span> <span class='ocrx_word' id='word_1_207' title='bbox 707 1761 786 1789; x_wconf 89' lang='lat' dir='ltr'>nec</span> <span class='ocrx_word' id='word_1_208' title='bbox 807 1761 881 1788; x_wconf 87' lang='lat' dir='ltr'>sua</span> <span class='ocrx_word' id='word_1_209' title='bbox 900 1744 980 1788; x_wconf 87' lang='lat' dir='ltr'>sibi</span> <span class='ocrx_word' id='word_1_210' title='bbox 1004 1744 1082 1803; x_wconf 90' lang='lat' dir='ltr'>ipsi</span> <span class='ocrx_word' id='word_1_211' title='bbox 1105 1743 1460 1803; x_wconf 87' lang='lat' dir='ltr'>perniciosissime</span> <span class='ocrx_word' id='word_1_212' title='bbox 1479 1740 1722 1785; x_wconf 85' lang='lat' dir='ltr'>blandiens.</span> 
     </span>
     <span class='ocr_line' id='line_1_24' title="bbox 346 1812 1726 1874; baseline -0.003 -15"><span class='ocrx_word' id='word_1_213' title='bbox 346 1815 505 1860; x_wconf 85' lang='lat' dir='ltr'>Tradet</span> <span class='ocrx_word' id='word_1_214' title='bbox 522 1831 624 1874; x_wconf 86' lang='lat' dir='ltr'>ergo</span> <span class='ocrx_word' id='word_1_215' title='bbox 642 1830 822 1874; x_wconf 81' lang='lat' dir='ltr'>regnum</span> <span class='ocrx_word' id='word_1_216' title='bbox 844 1818 932 1859; x_wconf 88' lang='lat' dir='ltr'>Deo</span> <span class='ocrx_word' id='word_1_217' title='bbox 950 1824 992 1858; x_wconf 90' lang='lat' dir='ltr'>et</span> <span class='ocrx_word' id='word_1_218' title='bbox 1009 1815 1145 1869; x_wconf 87' lang='lat' dir='ltr'>Patri,</span> <span class='ocrx_word' id='word_1_219' title='bbox 1170 1829 1269 1858; x_wconf 89' lang='lat' dir='ltr'>cum</span> <span class='ocrx_word' id='word_1_220' title='bbox 1292 1812 1510 1873; x_wconf 91' lang='lat' dir='ltr'>perillum</span> <span class='ocrx_word' id='word_1_221' title='bbox 1536 1827 1611 1871; x_wconf 90' lang='lat' dir='ltr'>per</span> <span class='ocrx_word' id='word_1_222' title='bbox 1630 1827 1726 1871; x_wconf 84' lang='lat' dir='ltr'>spe-</span> 
     </span>
     <span class='ocr_line' id='line_1_25' title="bbox 345 1883 1753 1945; baseline -0.003 -15"><span class='ocrx_word' id='word_1_223' title='bbox 345 1887 455 1931; x_wconf 91' lang='lat' dir='ltr'>ciem</span> <span class='ocrx_word' id='word_1_224' title='bbox 473 1899 788 1945; x_wconf 82' lang='lat' dir='ltr'>congnoscetur</span> <span class='ocrx_word' id='word_1_225' title='bbox 806 1889 945 1929; x_wconf 85' lang='lat' dir='ltr'>Pater.</span> <span class='ocrx_word' id='word_1_226' title='bbox 969 1889 1167 1943; x_wconf 82' lang='lat' dir='ltr'>Regnum</span> <span class='ocrx_word' id='word_1_227' title='bbox 1187 1885 1300 1928; x_wconf 90' lang='lat' dir='ltr'>enim</span> <span class='ocrx_word' id='word_1_228' title='bbox 1330 1885 1420 1944; x_wconf 89' lang='lat' dir='ltr'>ejus</span> <span class='ocrx_word' id='word_1_229' title='bbox 1441 1892 1542 1928; x_wconf 89' lang='lat' dir='ltr'>sunt</span> <span class='ocrx_word' id='word_1_230' title='bbox 1557 1883 1601 1927; x_wconf 92' lang='lat' dir='ltr'>in</span> <span class='ocrx_word' id='word_1_231' title='bbox 1627 1883 1727 1942; x_wconf 85' lang='lat' dir='ltr'>qui·</span> <span class='ocrx_word' id='word_1_232' title='bbox 1751 1885 1753 1931; x_wconf 69' lang='grc' dir='ltr'>ζ</span> 
     </span>
     <span class='ocr_line' id='line_1_26' title="bbox 351 1954 1726 2015; baseline -0.003 -15"><span class='ocrx_word' id='word_1_233' title='bbox 351 1959 428 2000; x_wconf 88' lang='lat' dir='ltr'>bus</span> <span class='ocrx_word' id='word_1_234' title='bbox 445 1972 563 2000; x_wconf 84' lang='lat' dir='ltr'>nunc</span> <span class='ocrx_word' id='word_1_235' title='bbox 582 1965 732 2015; x_wconf 84' lang='lat' dir='ltr'>regnat</span> <span class='ocrx_word' id='word_1_236' title='bbox 761 1971 836 2015; x_wconf 86' lang='lat' dir='ltr'>per</span> <span class='ocrx_word' id='word_1_237' title='bbox 868 1955 1012 1999; x_wconf 85' lang='lat' dir='ltr'>fidem.</span> <span class='ocrx_word' id='word_1_238' title='bbox 1048 1954 1183 1999; x_wconf 85' lang='lat' dir='ltr'>Aliter</span> <span class='ocrx_word' id='word_1_239' title='bbox 1222 1955 1337 1998; x_wconf 89' lang='lat' dir='ltr'>enim</span> <span class='ocrx_word' id='word_1_240' title='bbox 1362 1954 1520 1998; x_wconf 78' lang='lat' dir='ltr'>dicitur</span> <span class='ocrx_word' id='word_1_241' title='bbox 1545 1967 1726 2011; x_wconf 86' lang='lat' dir='ltr'>regnum</span> 
     </span>
     <span class='ocr_line' id='line_1_27' title="bbox 348 2011 1753 2087; baseline -0.004 -13"><span class='ocrx_word' id='word_1_242' title='bbox 348 2028 507 2074; x_wconf 86' lang='lat' dir='ltr'>Christi</span> <span class='ocrx_word' id='word_1_243' title='bbox 529 2028 766 2072; x_wconf 86' lang='lat' dir='ltr'>secundum</span> <span class='ocrx_word' id='word_1_244' title='bbox 791 2035 1048 2087; x_wconf 84' lang='lat' dir='ltr'>potestatem</span> <span class='ocrx_word' id='word_1_245' title='bbox 1071 2025 1326 2080; x_wconf 84' lang='lat' dir='ltr'>divinitatis,</span> <span class='ocrx_word' id='word_1_246' title='bbox 1347 2023 1586 2069; x_wconf 89' lang='lat' dir='ltr'>secundum</span> <span class='ocrx_word' id='word_1_247' title='bbox 1611 2023 1728 2084; x_wconf 90' lang='lat' dir='ltr'>quod</span> <span class='ocrx_word' id='word_1_248' title='bbox 1752 2011 1753 2021; x_wconf 14' lang='grc' dir='ltr'>ἵ</span> 
     </span>
     <span class='ocr_line' id='line_1_28' title="bbox 350 2095 1729 2157; baseline -0.003 -15"><span class='ocrx_word' id='word_1_249' title='bbox 350 2100 387 2142; x_wconf 84' lang='lat' dir='ltr'>ei</span> <span class='ocrx_word' id='word_1_250' title='bbox 410 2107 565 2143; x_wconf 87' lang='lat' dir='ltr'>cuncta</span> <span class='ocrx_word' id='word_1_251' title='bbox 583 2107 777 2142; x_wconf 86' lang='lat' dir='ltr'>creatura</span> <span class='ocrx_word' id='word_1_252' title='bbox 795 2097 987 2157; x_wconf 83' lang='lat' dir='ltr'>subjecta</span> <span class='ocrx_word' id='word_1_253' title='bbox 1007 2106 1084 2149; x_wconf 86' lang='lat' dir='ltr'>est,</span> <span class='ocrx_word' id='word_1_254' title='bbox 1101 2105 1144 2140; x_wconf 88' lang='lat' dir='ltr'>et</span> <span class='ocrx_word' id='word_1_255' title='bbox 1165 2096 1289 2139; x_wconf 87' lang='lat' dir='ltr'>aliter</span> <span class='ocrx_word' id='word_1_256' title='bbox 1311 2111 1490 2154; x_wconf 85' lang='lat' dir='ltr'>regnum</span> <span class='ocrx_word' id='word_1_257' title='bbox 1514 2096 1606 2155; x_wconf 87' lang='lat' dir='ltr'>ejus</span> <span class='ocrx_word' id='word_1_258' title='bbox 1623 2095 1729 2139; x_wconf 89' lang='lat' dir='ltr'>dici-</span> 
     </span>
     <span class='ocr_line' id='line_1_29' title="bbox 352 2163 1725 2227; baseline -0.004 -14"><span class='ocrx_word' id='word_1_259' title='bbox 352 2180 420 2213; x_wconf 90' lang='lat' dir='ltr'>tur</span> <span class='ocrx_word' id='word_1_260' title='bbox 433 2168 642 2226; x_wconf 73' lang='lat' dir='ltr'>Ecclesia,</span> <span class='ocrx_word' id='word_1_261' title='bbox 667 2168 908 2212; x_wconf 89' lang='lat' dir='ltr'>secundum</span> <span class='ocrx_word' id='word_1_262' title='bbox 927 2167 1233 2227; x_wconf 85' lang='lat' dir='ltr'>proprietatem</span> <span class='ocrx_word' id='word_1_263' title='bbox 1251 2165 1352 2209; x_wconf 81' lang='lat' dir='ltr'>fidei</span> <span class='ocrx_word' id='word_1_264' title='bbox 1370 2181 1468 2226; x_wconf 85' lang='lat' dir='ltr'>quae</span> <span class='ocrx_word' id='word_1_265' title='bbox 1485 2165 1530 2208; x_wconf 89' lang='lat' dir='ltr'>in</span> <span class='ocrx_word' id='word_1_266' title='bbox 1546 2163 1621 2209; x_wconf 90' lang='lat' dir='ltr'>illo</span> <span class='ocrx_word' id='word_1_267' title='bbox 1641 2173 1725 2220; x_wconf 90' lang='lat' dir='ltr'>est,</span> 
     </span>
     <span class='ocr_line' id='line_1_30' title="bbox 351 2226 1756 2298; baseline -0.005 -14"><span class='ocrx_word' id='word_1_268' title='bbox 351 2239 591 2285; x_wconf 88' lang='lat' dir='ltr'>secundum</span> <span class='ocrx_word' id='word_1_269' title='bbox 609 2237 729 2298; x_wconf 90' lang='lat' dir='ltr'>quod</span> <span class='ocrx_word' id='word_1_270' title='bbox 740 2247 832 2282; x_wconf 91' lang='lat' dir='ltr'>orat</span> <span class='ocrx_word' id='word_1_271' title='bbox 847 2238 920 2298; x_wconf 90' lang='lat' dir='ltr'>qui</span> <span class='ocrx_word' id='word_1_272' title='bbox 935 2237 1055 2291; x_wconf 83' lang='lat' dir='ltr'>dicit,</span> <span class='ocrx_word' id='word_1_273' title='bbox 1071 2255 1090 2278; x_wconf 88' lang='lat'>«</span> <span class='ocrx_word' id='word_1_274' title='bbox 1104 2236 1276 2281; x_wconf 86' lang='lat' dir='ltr'>Posside</span> <span class='ocrx_word' id='word_1_275' title='bbox 1288 2238 1398 2280; x_wconf 76' lang='lat' dir='ltr'>nos3.</span> <span class='ocrx_word' id='word_1_276' title='bbox 1417 2237 1600 2295; x_wconf 88' lang='lat' dir='ltr'>»Neque</span> <span class='ocrx_word' id='word_1_277' title='bbox 1614 2235 1726 2278; x_wconf 90' lang='lat' dir='ltr'>enim</span> <span class='ocrx_word' id='word_1_278' title='bbox 1754 2226 1756 2236; x_wconf 67' lang='grc'>’</span> 
     </span>
     <span class='ocr_line' id='line_1_31' title="bbox 353 2306 1757 2369; baseline -0.004 -15"><span class='ocrx_word' id='word_1_279' title='bbox 353 2327 440 2355; x_wconf 91' lang='lat' dir='ltr'>non</span> <span class='ocrx_word' id='word_1_280' title='bbox 466 2311 556 2369; x_wconf 89' lang='lat' dir='ltr'>ipse</span> <span class='ocrx_word' id='word_1_281' title='bbox 584 2309 772 2369; x_wconf 89' lang='lat' dir='ltr'>possidet</span> <span class='ocrx_word' id='word_1_282' title='bbox 798 2310 954 2353; x_wconf 87' lang='lat' dir='ltr'>omnia.</span> <span class='ocrx_word' id='word_1_283' title='bbox 984 2308 1233 2353; x_wconf 88' lang='lat' dir='ltr'>Secundum</span> <span class='ocrx_word' id='word_1_284' title='bbox 1263 2306 1382 2367; x_wconf 89' lang='lat' dir='ltr'>quod</span> <span class='ocrx_word' id='word_1_285' title='bbox 1414 2308 1572 2351; x_wconf 88' lang='lat' dir='ltr'>dicitur</span> <span class='ocrx_word' id='word_1_286' title='bbox 1603 2306 1728 2350; x_wconf 85' lang='lat' dir='ltr'>etiam</span> <span class='ocrx_word' id='word_1_287' title='bbox 1750 2323 1757 2366; x_wconf 28' lang='grc' dir='ltr'>Ἰ</span> 
     </span>
     <span class='ocr_line' id='line_1_32' title="bbox 352 2377 1724 2439; baseline -0.005 -15"><span class='ocrx_word' id='word_1_288' title='bbox 352 2380 482 2435; x_wconf 78' lang='lat' dir='ltr'>illud,</span> <span class='ocrx_word' id='word_1_289' title='bbox 506 2399 524 2421; x_wconf 94' lang='lat'>«</span> <span class='ocrx_word' id='word_1_290' title='bbox 549 2382 658 2425; x_wconf 91' lang='lat' dir='ltr'>Cum</span> <span class='ocrx_word' id='word_1_291' title='bbox 677 2380 785 2424; x_wconf 90' lang='lat' dir='ltr'>servi</span> <span class='ocrx_word' id='word_1_292' title='bbox 804 2380 946 2424; x_wconf 88' lang='lat' dir='ltr'>essetis</span> <span class='ocrx_word' id='word_1_293' title='bbox 968 2379 1154 2439; x_wconf 76' lang='lat' dir='ltr'>peceati,</span> <span class='ocrx_word' id='word_1_294' title='bbox 1173 2378 1299 2422; x_wconf 89' lang='lat' dir='ltr'>liberi</span> <span class='ocrx_word' id='word_1_295' title='bbox 1321 2378 1445 2422; x_wconf 89' lang='lat' dir='ltr'>eratis</span> <span class='ocrx_word' id='word_1_296' title='bbox 1460 2377 1681 2437; x_wconf 76' lang='lat' dir='ltr'>justitiae4.</span> <span class='ocrx_word' id='word_1_297' title='bbox 1705 2393 1724 2417; x_wconf 84' lang='lat'>»</span> 
     </span>
    </p>
   </div>
   <div class='ocr_carea' id='block_1_2' title="bbox 1735 0 1790 1553">
    <p class='ocr_par' dir='ltr' id='par_1_5' title="bbox 1735 0 1790 1553">
     <span class='ocr_line' id='line_1_33' title="bbox 1735 0 1790 1553; baseline 0 0"><span class='ocrx_word' id='word_1_298' title='bbox 1735 0 1790 1553; x_wconf 95' lang='lat' dir='ltr'> </span> 
     </span>
    </p>
   </div>
   <div class='ocr_carea' id='block_1_3' title="bbox 358 2477 1790 2577">
    <p class='ocr_par' dir='ltr' id='par_1_6' title="bbox 358 2477 1790 2577">
     <span class='ocr_line' id='line_1_34' title="bbox 404 2477 1790 2527; baseline -0.002 -15"><span class='ocrx_word' id='word_1_299' title='bbox 404 2490 410 2505; x_wconf 91' lang='lat'>¹</span> <span class='ocrx_word' id='word_1_300' title='bbox 446 2482 564 2515; x_wconf 81' lang='lat' dir='ltr'>Matth.</span> <span class='ocrx_word' id='word_1_301' title='bbox 584 2493 640 2523; x_wconf 83' lang='lat' dir='ltr'>vn,</span> <span class='ocrx_word' id='word_1_302' title='bbox 664 2482 685 2513; x_wconf 89' lang='grc'>6</span> <span class='ocrx_word' id='word_1_303' title='bbox 704 2488 736 2514; x_wconf 84' lang='lat' dir='ltr'>et</span> <span class='ocrx_word' id='word_1_304' title='bbox 756 2491 865 2514; x_wconf 79' lang='lat'>12.—-</span> <span class='ocrx_word' id='word_1_305' title='bbox 879 2489 891 2504; x_wconf 81' lang='lat'>2</span> <span class='ocrx_word' id='word_1_306' title='bbox 911 2482 992 2514; x_wconf 85' lang='lat' dir='ltr'>Psal.</span> <span class='ocrx_word' id='word_1_307' title='bbox 1010 2492 1105 2523; x_wconf 79' lang='lat' dir='ltr'>cxvii,</span> <span class='ocrx_word' id='word_1_308' title='bbox 1126 2482 1146 2513; x_wconf 82' lang='lat'>8</span> <span class='ocrx_word' id='word_1_309' title='bbox 1173 2486 1204 2514; x_wconf 88' lang='lat' dir='ltr'>et</span> <span class='ocrx_word' id='word_1_310' title='bbox 1222 2492 1304 2522; x_wconf 83' lang='lat'>9.-</span> <span class='ocrx_word' id='word_1_311' title='bbox 1318 2478 1331 2504; x_wconf 84' lang='lat'>3</span> <span class='ocrx_word' id='word_1_312' title='bbox 1351 2480 1421 2512; x_wconf 83' lang='lat' dir='ltr'>lsai.</span> <span class='ocrx_word' id='word_1_313' title='bbox 1451 2489 1534 2519; x_wconf 84' lang='lat' dir='ltr'>xxvi,</span> <span class='ocrx_word' id='word_1_314' title='bbox 1569 2478 1620 2519; x_wconf 76' lang='lat'>13,</span> <span class='ocrx_word' id='word_1_315' title='bbox 1636 2477 1728 2518; x_wconf 84' lang='lat' dir='ltr'>juxta</span> <span class='ocrx_word' id='word_1_316' title='bbox 1756 2508 1758 2523; x_wconf 61' lang='lat'>‚</span> <span class='ocrx_word' id='word_1_317' title='bbox 1788 2516 1790 2527; x_wconf 32' lang='lat' dir='ltr'><em>A</em></span> 
     </span>
     <span class='ocr_line' id='line_1_35' title="bbox 358 2536 800 2577; baseline -0.005 -7"><span class='ocrx_word' id='word_1_318' title='bbox 358 2539 452 2571; x_wconf 84' lang='lat' dir='ltr'>Lxx.</span> <span class='ocrx_word' id='word_1_319' title='bbox 469 2556 508 2562; x_wconf 90' lang='lat'>—</span> <span class='ocrx_word' id='word_1_320' title='bbox 524 2536 540 2567; x_wconf 73' lang='grc'>4</span> <span class='ocrx_word' id='word_1_321' title='bbox 559 2540 650 2571; x_wconf 85' lang='lat' dir='ltr'>Rom.</span> <span class='ocrx_word' id='word_1_322' title='bbox 675 2548 720 2577; x_wconf 85' lang='lat' dir='ltr'>vi,</span> <span class='ocrx_word' id='word_1_323' title='bbox 749 2548 800 2571; x_wconf 81' lang='lat'>20.</span> 
     </span>
    </p>
   </div>
   <div class='ocr_carea' id='block_1_4' title="bbox 1738 583 1762 2785">
    <p class='ocr_par' dir='ltr' id='par_1_7' title="bbox 1738 583 1762 2785">
     <span class='ocr_line' id='line_1_36' title="bbox 1738 583 1762 2785; baseline 0 0"><span class='ocrx_word' id='word_1_324' title='bbox 1738 583 1762 2785; x_wconf 95' lang='lat' dir='ltr'> </span> 
     </span>
    </p>
   </div>
  </div>
 </body>
</html>
