1790 3187
0 2148 5 2193 l

613 294 809 326 Ems'roLA
841 298 928 326 mv.
1372 286 1453 328 «191

91 365 207 413 aliud
230 365 323 420 ille,
340 365 419 409 nisi
438 364 794 409 consuetudinem
821 378 940 407 suam
961 362 1263 408 consuetudini
1286 363 1460 410 alterius

89 452 340 499 praeponere
357 438 566 481 conatur?
582 437 676 479 Non
695 434 806 478 enim
831 436 933 479 mihi
954 436 1008 479 de
1026 435 1136 479 libro
1156 434 1230 479 Dei
1252 435 1334 478 hoc
1353 436 1460 479 reci-

89 519 256 555 taturus
279 517 365 562 est,
398 516 471 551 aut
499 506 708 550 universae
730 521 1004 566 quacumque
1026 505 1232 550 dilatatur
1258 504 1461 550 Ecclesiae

87 580 213 642 plena
225 595 328 624 voce
340 579 536 632 certabit,
553 587 628 621 aut
641 578 836 622 ostendet
851 578 978 622 istum
996 587 1144 622 contra
1161 577 1288 621 fidem
1300 577 1458 634 faeere,

85 667 130 698 se
146 662 289 696 autem
312 650 550 696 secundum
568 648 695 693 fldem
710 683 720 703 ,
745 664 972 709 moresque
991 650 1090 694 hinc
1106 649 1290 709 optimos
1314 658 1389 693 aut
1411 648 1462 692 il-

86 723 178 770 lum
195 723 353 768 violare
364 759 374 778 ,
397 732 470 768 aut
487 738 530 766 se
545 721 758 767 custodire
771 721 1011 766 convincet.
1028 721 1204 766 Violant
1217 736 1318 765 sane
1336 721 1462 781 quie-

85 805 172 841 tem
195 804 400 854 etpacem
424 810 542 838 suam
561 794 616 838 de
632 793 849 852 superflua
871 794 1111 853 quaestione
1128 791 1324 836 rixando.
1348 791 1461 837 Mal-

83 866 169 911 lem
193 866 398 911 tamenin
420 866 548 909 rebus
568 864 875 924 hujusmondi,
899 872 948 908 ut
967 873 1010 908 et
1031 863 1104 907 ille
1125 864 1169 907 in
1184 864 1312 923 hujus
1334 872 1377 907 et
1394 863 1464 908 hic

84 938 130 982 in
152 936 265 982 illius
289 937 425 996 patria
447 936 502 980 ab
522 951 573 980 eo
592 935 712 996 quod
729 935 872 979 caeteri
890 932 1056 978 faciunt
1079 949 1168 977 non
1190 934 1459 978 abhorreret.

86 1009 129 1054 Si
145 1024 248 1053 vero
268 1008 396 1051 ctiam
412 1007 456 1050 in
475 1006 611 1050 aliena
629 1006 765 1065 patria
782 1020 881 1049 cum
897 1005 1259 1063 peregrinaretur,
1277 1004 1353 1047 ubi
1370 1019 1466 1048 ma-

78 1080 148 1140 jor
179 1089 222 1124 et
254 1078 524 1138 frequentior
554 1086 596 1121 et
626 1076 861 1122 ferventior
889 1085 952 1120 est
974 1075 1161 1136 populus
1189 1075 1288 1130 Dei,
1324 1074 1462 1131 vidit,

82 1150 203 1197 verbi
219 1150 353 1209 gratia
368 1184 379 1205 ‚
405 1149 470 1193 bis
485 1148 630 1193 offerri
646 1148 796 1208 quinta
811 1147 975 1192 sabbati
992 1145 1278 1191 hebdomadae
1297 1145 1464 1190 ultimae

83 1222 449 1283 quadragesimae,
485 1229 530 1264 et
554 1235 680 1264 manc
704 1229 746 1263 et
778 1220 832 1264 ad
860 1234 1078 1278 vesperam
1100 1239 1110 1276 3
1134 1218 1400 1278 veniensque
1421 1218 1466 1261 in

83 1293 266 1354 patriam
288 1307 408 1336 suam
425 1326 435 1345 ‚
462 1290 538 1334 ubi
563 1291 607 1335 in
630 1291 716 1334 fine
737 1289 822 1333 diei
841 1305 932 1334 mos
954 1299 1020 1333 est
1037 1289 1184 1333 offerri
1200 1288 1312 1333 male
1336 1298 1467 1349 atque

83 1364 232 1409 illicite
255 1363 346 1406 fieri
372 1361 633 1417 contendat,
657 1362 863 1422 quoniam
884 1361 987 1406 alibi
1017 1360 1140 1405 aliter
1164 1361 1256 1419 ipse
1281 1360 1463 1415 viderit,

85 1434 258 1495 puerilis
280 1442 342 1477 est
366 1433 444 1477 iste
461 1448 630 1486 sensus,
661 1433 879 1477 cavendus
900 1432 946 1476 in
967 1432 1116 1489 nobis,
1142 1430 1396 1476 tolerandus
1420 1430 1467 1474 in

85 1507 198 1559 aliis,
221 1506 479 1565 corigendus
502 1506 546 1549 in
567 1505 737 1549 nostris.

144 1581 221 1622 VI.
250 1579 390 1622 Prima
408 1593 510 1636 ergo
530 1577 751 1636 inquisitio
773 1585 868 1631 tua,
899 1590 1032 1636 quam
1054 1576 1101 1619 in
1134 1572 1469 1619 commonitorio

84 1650 285 1709 posuisti,
305 1665 354 1693 ex
371 1665 459 1708 quo
475 1649 605 1692 trium
623 1649 801 1692 istorum
818 1663 1024 1706 generum
1041 1647 1116 1702 sit,
1134 1644 1325 1690 attende.
1345 1647 1469 1697 Quae-

84 1722 140 1764 ris
175 1721 290 1764 enim
322 1721 386 1764 his
410 1720 575 1774 verbis,
603 1738 623 1761 «
655 1718 762 1778 quid
786 1734 862 1776 per
893 1717 1089 1777 quintam
1119 1716 1268 1760 feriam
1302 1715 1470 1759 ultimae

84 1791 370 1836 hebdomadis
394 1791 743 1849 Quadragesimae
779 1789 871 1833 fleri
902 1789 1081 1842 debeat,
1113 1804 1169 1832 an
1193 1786 1469 1833 offerendum

85 1864 139 1909 sit
156 1880 303 1918 mane,
327 1873 369 1907 et
391 1879 536 1907 rursus
558 1872 656 1922 post
683 1877 851 1907 coenam
871 1897 882 1916 ‚
907 1870 1084 1921 propter
1100 1860 1209 1904 illud
1231 1859 1349 1920 quod
1374 1858 1469 1903 dic-

86 1945 180 1980 tum
194 1945 279 1990 est,
305 1954 324 1976 «
348 1935 552 1980 Similiter
566 1943 795 1994 postquam
815 1943 1037 1978 coenatum
1056 1941 1118 1977 est
1137 1953 1146 1977 ;
1166 1952 1185 1974 »
1202 1948 1256 1976 an
1269 1932 1471 1992 jejunan-

85 2006 216 2061 dum,
237 2015 278 2049 et
297 2015 394 2066 post
411 2021 582 2051 coenam
602 2004 909 2050 tantummodo
927 2004 1202 2049 offerendum
1227 2023 1236 2047 ι
1263 2019 1318 2046 an
1342 2003 1472 2046 etiam

80 2077 390 2138 jejunandum,
423 2087 466 2122 et
500 2087 598 2137 post
625 2077 889 2122 oblationem
907 2112 917 2131 ‚
954 2077 1063 2120 sicut
1091 2076 1234 2120 facere
1256 2074 1469 2128 solemus,

86 2148 369 2193 coenandum.
392 2167 412 2191 »
431 2149 499 2193 Ad
513 2150 606 2193 haec
622 2149 770 2209 itaque
784 2149 841 2191 ita
858 2147 1114 2207 respondeo,
1133 2145 1299 2206 utquid
1314 2146 1472 2188 horum

88 2221 142 2265 sit
159 2219 430 2271 faciendum,
455 2220 488 2263 si
516 2220 673 2264 divinae
695 2220 926 2279 Scripturae
944 2217 1185 2278 praescribit
1209 2217 1441 2261 auctoritas
1458 2250 1469 2271 ,

88 2308 178 2338 non
199 2294 252 2337 sit
274 2291 567 2337 dubitandum
586 2293 692 2352 quin
714 2293 773 2336 ita
795 2292 934 2336 facere
948 2290 1183 2335 debeamus
1207 2298 1255 2332 ut
1271 2288 1470 2346 legimus,

88 2366 233 2426 utjam
250 2381 337 2410 non
357 2365 578 2426 quomodo
598 2365 844 2409 faciendum
859 2399 869 2418 ‚
889 2361 962 2406 sed
983 2360 1205 2422 quomodo
1226 2374 1474 2404 sacramen-

89 2445 183 2480 tum
202 2435 535 2495 intelligendum
554 2437 629 2491 sit,
649 2436 934 2496 disputemus.
954 2432 1157 2478 Similiter
1172 2432 1299 2476 ctiam
1318 2429 1349 2474 si
1368 2430 1475 2490 quid

90 2507 246 2551 horum
274 2516 364 2551 tota
394 2523 472 2567 per
504 2508 653 2551 orbem
677 2506 924 2567 frequentat
946 2503 1152 2549 Ecclesia.
1178 2505 1285 2547 Nam
1309 2510 1351 2545 et
1372 2501 1474 2544 hinc

91 2578 198 2637 quin
224 2578 283 2623 ita
304 2577 555 2623 faciendum
584 2578 656 2634 sit,
688 2577 907 2637 disputare
936 2570 1474 2620 insolentissimaeinsaniae

94 2658 172 2694 est.
193 2649 277 2695 Sed
290 2666 434 2711 neque
450 2651 534 2696 hoc
546 2685 558 2707 ‚
576 2665 720 2711 neque
735 2648 847 2695 illud
863 2649 975 2694 inest
991 2648 1036 2692 in
1053 2662 1105 2693 eo
1118 2682 1130 2703 ‚
1151 2644 1271 2707 quod
1288 2654 1337 2690 tu
1352 2658 1475 2704 quae-
