1790 3187
329 195 382 221 DE
415 195 601 222 DIVERSIS
634 196 790 231 Qwsssr.
827 198 974 225 ocmG.
1011 198 1174 225 TRIBUS.
1365 191 1448 227 109

68 269 116 304 ut
137 259 296 304 diceret
317 258 483 302 homini
505 278 512 303 :
543 278 561 299 «
583 261 679 304 Non
703 260 883 304 haberes
900 262 945 304 in
974 276 1042 305 me
1064 271 1318 321 potestatem
1335 297 1345 317 ,
1372 264 1451 307 nisi

69 349 90 372 »
115 332 213 374 data
240 329 315 373 tibi
338 339 447 373 esset
475 328 710 388 desuper¹P
736 349 755 371 »
784 333 892 384 Quae
912 334 1048 376 virtus
1073 348 1159 376 non
1185 343 1446 387 evacuetur,

64 416 161 446 cum
182 402 271 460 ipse
286 416 362 460 per
384 416 514 460 quem
533 400 634 445 coeli
652 401 823 446 solidati
846 412 968 457 sunt,
991 403 1090 448 ideo
1112 413 1263 462 regnat
1285 404 1329 447 in
1353 420 1448 449 cre-

20 459 21 471 *
63 471 286 525 dentibus,
311 472 413 532 quia
444 487 582 532 usque
614 472 668 516 ad
701 489 875 518 crucem
906 484 1180 536 mortemque
1202 476 1446 520 infirmatus

63 545 153 588 est?
170 546 262 588 Hoc
279 553 423 587 autem
438 542 570 587 modo
592 542 725 588 Filius
744 546 917 604 proprie
936 555 1086 605 regnat
1101 546 1146 590 in
1161 546 1248 590 fide
1262 545 1445 590 creden-

63 613 184 658 tium.
209 616 305 658 Non
328 613 443 656 enim
462 616 589 657 Pater
606 614 690 658 dici
708 625 783 659 aut
798 615 915 660 credi
932 626 1073 675 potest
1090 615 1159 661 vel
1177 616 1441 671 incarnatus,

61 683 129 728 vel
157 682 396 743 judicatus,
432 683 499 728 vel
533 685 777 728 crucifixus.
817 689 897 730 Per
931 687 1114 746 speciem
1149 696 1294 731 autem
1313 722 1323 742 ‚
1358 703 1445 748 qua

61 754 236 815 aequalis
257 764 320 799 est
349 756 486 809 Patri,
517 771 619 799 cum
643 759 768 800 Patre
801 766 952 814 regnat
972 758 1016 800 in
1045 757 1445 817 contemplantibus

60 825 294 871 veritatem.
331 825 459 879 Quod
487 836 631 871 autem
661 827 803 871 tradet
833 843 1014 886 regnum
1052 832 1140 873 Deo
1174 838 1217 872 et
1243 829 1386 883 Patri,
1421 846 1443 873 a

61 897 144 941 fide
171 897 475 941 incarnationis
504 914 592 942 suae
620 899 675 942 ad
693 899 880 958 speciem
908 898 1078 943 deitatis
1100 900 1343 959 perducens
1371 916 1443 944 eos

59 970 132 1031 qui
163 971 242 1014 sibi
264 986 382 1014 nunc
405 969 589 1014 credunt
610 1006 621 1025 ,
654 987 741 1015 non
764 971 854 1030 ipse
885 971 1065 1025 amittit,
1091 970 1166 1015 sed
1189 980 1375 1031 uterque
1401 986 1444 1014 se

59 1057 192 1086 unum
211 1042 264 1086 ad
280 1041 517 1086 fruendum
539 1042 938 1101 contemplantibus
954 1044 1136 1102 praebet.
1172 1042 1341 1087 Tandiu
1363 1058 1444 1086 au—

61 1122 145 1158 tem
168 1129 276 1173 opus
298 1123 361 1158 est
377 1149 387 1168 ‚
412 1123 461 1158 ut
479 1114 524 1157 in
546 1114 795 1158 hominihus
817 1114 1014 1158 nondum
1037 1114 1282 1158 valentibus
1303 1129 1444 1174 aequa-

58 1183 221 1229 litatem
238 1185 374 1229 Patris
384 1195 426 1229 et
438 1185 530 1229 Filii
542 1186 765 1244 perspicua
776 1187 931 1229 mentis
941 1185 1038 1230 luce
1047 1186 1261 1239 contueri,
1274 1202 1350 1245 per
1360 1186 1444 1229 hoc

59 1267 208 1316 regnet
226 1258 437 1309 Christus,
463 1256 586 1317 quod
611 1256 717 1301 tales
740 1272 892 1316 capere
913 1267 1111 1317 possunt,
1137 1267 1180 1301 et
1208 1258 1327 1317 quod
1346 1273 1444 1316 pro·

58 1327 148 1386 prie
164 1327 254 1386 ipse
267 1328 471 1387 suscepit,
489 1327 532 1371 id
552 1336 630 1380 est,
648 1328 955 1372 incarnationis
969 1326 1262 1371 humilitatem
1278 1363 1288 1380 ,
1304 1327 1444 1371 donec

58 1408 190 1457 ponat
202 1414 350 1443 omnes
368 1399 564 1443 inimicos
577 1399 657 1442 sub
669 1398 855 1458 pedibus
868 1400 953 1443 suis
973 1418 981 1443 :
999 1398 1042 1442 id
1057 1408 1135 1453 est,
1152 1398 1292 1443 donec
1305 1398 1444 1442 omnis

56 1470 255 1529 superbia
280 1470 494 1514 saecularis
515 1470 823 1515 incarnationis
842 1472 933 1530 ejus
950 1469 1187 1514 humilitati
1209 1469 1437 1513 subdatur.

117 1544 203 1584 10⁰.
239 1546 349 1585 Sane
371 1540 491 1600 quod
512 1540 677 1585 dictum
696 1550 758 1584 est
779 1560 787 1584 ;
819 1560 834 1580 «
864 1543 986 1584 Tunc
1007 1549 1050 1584 et
1068 1541 1157 1600 ipse
1177 1539 1312 1584 Filius
1334 1541 1442 1584 sub-

58 1628 79 1652 »
97 1612 235 1671 jectus
263 1613 343 1657 erit
371 1613 409 1656 ei
427 1647 437 1666 ,
473 1614 547 1672 qui
580 1612 641 1656 illi
664 1613 847 1673 subjecit
875 1613 1020 1657 omnia
1038 1616 1077 1670 '³3
1106 1632 1125 1653 »
1152 1613 1349 1673 quamvis
1378 1628 1443 1656 se-

55 1683 247 1726 cundum
283 1684 602 1743 susceptionem
633 1684 819 1727 hominis
858 1682 1049 1738 dicatur,
1093 1684 1194 1742 quia
1236 1683 1338 1726 inde
1380 1691 1444 1727 est

54 1755 235 1814 quaestio
252 1763 352 1799 nata
368 1790 379 1810 ,
405 1770 503 1799 cum
523 1765 669 1814 ageret
690 1754 744 1798 de
762 1756 1079 1799 resurrectione
1100 1756 1402 1798 mortuorum³
1431 1773 1439 1798 ε

52 1834 198 1869 tamen
238 1837 353 1871 recte
387 1827 600 1887 quaeritur
635 1836 781 1870 utrum
816 1830 1058 1871 secundum
1094 1827 1236 1885 ipsum
1270 1836 1443 1871 tantum

2 1924 3 1928 =
53 1894 218 1940 dictum
243 1898 316 1951 sit,
343 1898 463 1956 quod
485 1906 549 1941 est
579 1906 710 1956 caput
734 1896 938 1941 Ecclesiae
954 1932 968 1952 ,
994 1913 1048 1940 an
1071 1896 1313 1941 secundum
1339 1897 1441 1940 uni-

52 1981 223 2010 versum
245 1968 466 2012 Christum
485 2002 495 2021 ,
522 1977 807 2012 annumerato
830 1983 1010 2026 corpore
1032 1977 1075 2012 et
1098 1967 1304 2012 membris
1330 1969 1436 2027 ejus.

24 2027 26 2035 Α
53 2039 164 2082 Cum
195 2039 309 2082 enim
344 2039 402 2082 ait
434 2039 486 2082 ad
511 2037 683 2083 Galatas
712 2058 719 2082 :
753 2058 771 2079 «
800 2041 897 2084 Non
927 2038 1056 2092 dicit,
1089 2042 1144 2083 Et
1173 2039 1438 2091 seminibus,

55 2125 75 2148 »
100 2117 309 2169 tanquam
325 2110 370 2153 in
388 2108 556 2163 multis,
578 2108 652 2153 sed
674 2118 878 2169 tanquam
898 2110 943 2152 in
965 2125 1075 2164 uno,
1098 2112 1153 2153 Et
1171 2109 1323 2153 semini
1345 2119 1437 2162 tuo,

55 2196 74 2220 n
100 2178 219 2239 quod
241 2189 304 2224 est
322 2180 517 2225 Christus
535 2181 548 2204 4
573 2199 581 2224 ;
606 2198 625 2220 »
655 2195 708 2222 ne
729 2182 869 2238 ipsum
895 2180 1090 2224 hocloco
1110 2179 1249 2223 solum
1274 2179 1438 2222 intelli-

55 2265 247 2308 geremus
265 2251 508 2304 Christum,
534 2251 610 2311 qui
629 2250 684 2294 de
702 2251 836 2295 Maria
851 2251 1015 2308 virgine
1033 2261 1095 2294 cst
1120 2261 1245 2294 natus
1261 2272 1271 2306 ·,
1292 2260 1440 2309 postea

53 2321 155 2365 dicit
181 2341 188 2366 :
219 2341 239 2365 «
264 2324 424 2367 Omnes
453 2323 568 2366 enim
591 2339 665 2366 vos
688 2338 825 2366 unum
850 2324 947 2366 estis
976 2323 1019 2365 in
1053 2323 1226 2367 Christo
1249 2325 1366 2366 Jesu.
1398 2322 1439 2367 Si

57 2409 76 2432 n
100 2402 242 2437 autem
265 2409 339 2438 vos
362 2394 543 2449 Christi,
572 2408 673 2452 ergo
698 2395 883 2438 Abrahae
911 2409 1057 2438 semen
1089 2394 1229 2437 estis⁵.
1259 2412 1278 2434 »
1305 2396 1361 2437 Et
1385 2392 1439 2436 ad

101 2500 111 2518 ¹
134 2497 223 2528 Joan.
243 2507 308 2536 xit,
331 2508 439 2528 11.--
455 2504 468 2519 ²
491 2508 501 2529 1
529 2498 602 2529 Cor.
626 2509 677 2538 xv,
699 2498 806 2529 281-
824 2496 837 2519 3
858 2497 972 2540 [phos.
998 2508 1030 2538 v,
1061 2498 1113 2528 23.
1136 2512 1171 2517 —
1189 2496 1202 2526 4
1223 2498 1290 2529 Gal.
1310 2507 1356 2535 ιιι,
1386 2498 1435 2527 ιύ.

57 2566 96 2574 -
111 2549 124 2574 ⁵
151 2553 231 2585 [bid.
249 2553 290 2586 28
308 2558 341 2586 ct
359 2562 414 2595 ας).
