1790 3187
360 204 445 245 3⁷0
782 213 816 242 s.
852 212 1083 244 Atreus-nm
1113 216 1295 246 Emscom

416 284 479 326 Ac
496 289 571 326 tua
592 290 636 326 te
652 281 896 337 retrahunt,
921 298 1023 326 nam
1041 299 1158 328 nunc
1180 283 1315 328 aliena
1339 286 1537 343 petescis,

476 353 579 395 Haec
602 367 740 410 mage,
772 368 871 412 quae
891 354 1079 398 retinent
1100 370 1230 412 regna
1257 355 1337 409 tui,
1363 365 1437 400 tua
1459 363 1576 399 sunt.

415 423 519 466 Haec
542 431 702 480 repete,
720 422 786 466 his
800 423 934 478 inhia,
956 425 1141 468 externis
1163 441 1220 468 ne
1241 434 1418 469 contere
1432 435 1620 488 tempus,

477 494 519 537 Si
537 502 609 535 tua
628 491 834 548 nolueris,
861 495 1090 555 quisquam
1113 495 1252 539 aliena
1276 496 1433 540 dabit?

413 565 510 607 Non
531 563 612 606 eris
633 563 722 622 ipse
739 573 857 619 tuus,
874 566 1113 625 missusque
1129 581 1207 625 per
1226 577 1367 611 extera
1383 567 1515 627 longe

475 634 678 678 Sensibus
695 636 781 679 heu
804 638 967 696 proprii
991 638 1178 697 pectoris
1201 638 1300 682 exul
1316 654 1431 697 ages.

416 703 658 748 Sollicitum
675 707 775 750 satis
797 708 889 751 haec
907 717 1008 752 nato
1026 708 1231 752 cecinisse
1249 718 1491 767 parentem,

473 778 583 818 Dum
604 776 683 820 tibi
706 793 804 837 quae
827 778 1038 833 mihimet,
1056 777 1126 822 vel
1149 777 1264 833 volo,
1292 778 1358 822 vel
1383 788 1547 823 metuo.

411 846 514 888 Haec
534 845 628 899 tibi,
653 846 686 890 si
706 847 874 907 recipis,
900 847 1010 891 feret
1030 848 1134 892 olim
1155 849 1311 908 pagina
1329 849 1464 893 vitam
1487 867 1498 893 ι

473 916 515 959 Si
539 916 698 971 renuis,
719 918 869 961 eadem
889 919 982 964 haec
1007 921 1166 979 pagina
1192 921 1308 964 testis
1331 921 1428 964 erit.

410 986 686 1031 Incolumem
710 988 816 1032 mihi
840 990 971 1044 te,fili
987 991 1251 1047 charissime,
1278 992 1476 1036 Christus

473 1060 668 1113 Annuat,
684 1067 728 1103 et
743 1075 917 1105 servum⁴
932 1060 1008 1105 det
1023 1061 1106 1106 sibi
1129 1071 1358 1121 perpetuo.

415 1125 522 1171 Vive
537 1143 705 1185 precor,
721 1130 797 1173 sed
813 1131 910 1174 vive
928 1134 1018 1175 Deo
1035 1151 1046 1188 3
1071 1146 1172 1175 nam
1193 1132 1341 1176 vivere
1357 1130 1528 1176 mundo

475 1199 628 1243 Mortis
641 1215 750 1259 opus
767 1218 776 1246 ι
792 1200 891 1247 viva
904 1210 969 1248 est
988 1202 1134 1247 vivere
1149 1201 1238 1247 vita
1254 1205 1359 1247 Deo.

742 1482 1067 1531 EPISTULA
1103 1486 1321 1531 XXXffl
1334 1482 1369 1530 ¹.

409 1624 544 1660 Domino
561 1626 739 1660 honorabili
755 1631 790 1661 ct
808 1627 1013 1663 diiectissimo
1031 1628 1361 1664 PROCULEIANO
1384 1626 1692 1663 AUGUSTINUS.
1759 1609 1761 1612 Α

357 1756 656 1819 Augustinus
704 1755 1031 1802 Proculec'ano
1077 1759 1235 1817 partis
1272 1756 1571 1803 Donatianae
1613 1753 1756 1816 apud.

421 1827 715 1888 Hypponem
736 1830 978 1889 episcopo,
1003 1831 1212 1875 invitans
1233 1828 1366 1875 illum
1394 1837 1444 1873 uc
1467 1836 1635 1874 mutua
1655 1825 1749 1873 col-

426 1896 605 1944 lutz‘one
627 1898 838 1945 schisma
857 1909 1189 1960 componatur.

423 2041 459 2083 I.
496 2042 709 2085 Pnomna‘*
733 2041 1036 2100 imperitorum
1071 2041 1300 2085 hominum
1337 2040 1546 2085 vanitates
1586 2037 1746 2083 diutiu„

365 2110 484 2169 apud
500 2120 542 2155 te
560 2112 614 2156 de
635 2112 762 2157 titulo
783 2113 976 2172 epistolae
993 2127 1101 2157 meae
1112 2112 1334 2170 disputare
1351 2126 1441 2156 non
1462 2110 1617 2155 debeo.
1637 2112 1703 2155 Cu
1744 2136 1747 2147 ι-

365 2180 481 2225 enim
501 2197 580 2227 nos
601 2198 803 2228 revocare
830 2184 1017 2229 invicem
1049 2183 1104 2227 ab
1128 2197 1272 2226 errore
1292 2196 1527 2238 conamur,
1552 2180 1753 2241 quamvic

363 2261 463 2297 ante
494 2253 788 2312 plenissimam
821 2254 1131 2299 discussionem
1153 2269 1295 2298 causae
1325 2251 1590 2314 quibusdam
1613 2250 1755 2297 vider'

363 2325 518 2383 possit,
556 2325 659 2385 quis
687 2334 886 2370 nostrum
914 2333 1051 2379 erret,
1083 2326 1327 2369 incertum:
1363 2324 1570 2369 servimus
1602 2331 1717 2367 tame
1740 2322 1754 2364 *J

364 2394 551 2440 invicem
569 2397 711 2453 nobis,
737 2397 772 2441 si
792 2397 910 2442 bono
922 2396 1066 2441 animo
1089 2396 1318 2441 nobiscum
1332 2396 1512 2454 agimus,
1534 2401 1585 2437 ut
1604 2408 1628 2437 a
1648 2364 1754 2452 per-

1745 2429 1790 2514 V*

1774 2463 1777 2473 A

415 2510 424 2527 ¹
454 2503 537 2537 Alias
554 2515 668 2538 cuvn.
693 2517 761 2549 quae
779 2511 887 2540 autern
903 2516 998 2540 xxxin
1016 2510 1099 2546 crat,
1116 2515 1202 2538 nunc
1225 2514 1298 2538 xxx.
1311 2520 1352 2529 -=-
1364 2502 1489 2546 Scripta
1507 2500 1597 2535 initio
1621 2497 1726 2543 episco
1772 2499 1790 2543 με

369 2564 462 2601 patus
485 2561 662 2604 Augustini.
