1790 3187
1782 95 1787 261 ἒ

355 206 439 243 272
797 218 828 242 s.
867 216 1097 244 Auets‘rim
1129 217 1312 246 EPISCOPI

355 282 632 326 rectissimam
656 279 879 339 epistolam
897 289 1015 324 tuam
1031 315 1041 335 ‚
1067 281 1112 324 in
1131 297 1217 340 qua
1235 281 1289 325 de
1305 281 1537 326 solitudine
1558 293 1735 343 questus

353 367 396 396 es
411 388 421 407 ‚
447 361 490 396 et
512 351 699 411 quadam
720 350 961 395 desertione
978 367 1001 395 a
1026 350 1309 396 familiaribus
1328 353 1434 406 tuis,
1455 369 1554 398 cum
1576 355 1736 414 quibus

352 423 438 467 vita
466 422 711 467 dulcissima
735 431 812 465 est.
848 421 930 466 Sed
959 423 1067 482 quid
1095 422 1216 466 aliud
1243 423 1311 467 hic
1342 423 1419 467 tibi
1448 424 1616 480 «licam,
1654 425 1736 470 nisi

329 493 472 556 ,quod
496 502 537 537 te
561 508 649 535 non
671 491 826 535 dubito
849 490 1004 536 facere.
1031 492 1193 537 Confer
1217 501 1260 536 te
1277 493 1332 536 ad
1354 503 1478 537 tuum
1508 495 1701 540 animum
1722 530 1734 551 ,

351 573 395 608 et
418 564 541 607 illurn
569 563 615 607 in
633 566 771 607 Deum
794 561 911 617 leva,
937 572 1151 622 quantum
1181 573 1319 622 potes.
1345 563 1410 608 Ibi
1439 565 1554 608 enim
1580 566 1738 610 certius

351 633 485 677 habes
502 642 544 677 et
566 648 644 678 nos
661 668 672 687 ,
698 648 786 677 non
810 648 887 692 per
911 648 1138 692 corporeas
1162 633 1370 692 imagines
1386 669 1396 688 ‚
1429 633 1589 694 quibus
1619 651 1736 680 nunc

349 706 394 750 in
427 716 572 750 nostra
601 706 900 751 recordatione
928 705 992 749 uti
1016 721 1188 750 necesse
1209 715 1300 764 est,
1323 706 1398 751 sed
1421 722 1497 766 per
1517 707 1635 752 illam
1663 724 1738 753 co·
1772 700 1776 767 Ι

350 777 601 835 gitationem
620 812 630 832 ‚
655 793 742 837 qua
764 776 968 835 intelligis
991 792 1079 821 non
1101 776 1198 821 loco
1220 793 1310 821 esse
1329 793 1407 822 nos
1428 778 1570 822 simul.
1591 787 1601 802 ³·

409 851 468 892 II.
496 847 708 907 Epistolas
737 857 833 892 tuas
855 863 953 892 cum
978 846 1295 892 considerarem
1311 883 1322 902 ,
1359 848 1520 907 quibus
1542 864 1630 893 non
1653 848 1738 893 du·
1770 887 1772 891 ,

351 919 471 964 bium
497 920 576 964 tibi
598 919 812 980 quaerenti
835 935 988 978 magna
1012 919 1241 978 respondi,
1262 921 1542 964 vehementer
1566 935 1635 964 me
1663 920 1737 965 illa

351 991 530 1045 terruit,
565 1006 649 1050 qua
673 990 938 1050 percontaris
970 990 1193 1050 quomodo
1214 990 1311 1045 fiat,
1343 998 1392 1034 ut
1414 991 1539 1034 nobis
1561 1007 1582 1035 a
1605 1006 1737 1051 supe·-

348 1062 533 1106 rioribus
572 1062 856 1121 potestatibus
892 1061 961 1106 vel
999 1077 1022 1105 a
1062 1060 1337 1105 daemonibus
1378 1070 1417 1105 et
1457 1062 1738 1119 cogitationes
1766 1077 1775 1128 ξ.

348 1133 551 1192 quaedam
583 1132 830 1176 inserantur
852 1141 894 1175 et
921 1132 1100 1176 somnia.
1132 1134 1290 1190 Magna.
1312 1132 1427 1176 enim
1451 1147 1516 1176 res
1537 1142 1629 1187 est,
1666 1134 1737 1177 cui
1765 1129 1770 1194 ξ

348 1211 397 1247 tu
421 1217 599 1262 quoque
620 1218 700 1261 pro
725 1210 796 1246 tua
819 1201 1049 1261 prudentia
1068 1201 1272 1260 perspicis
1288 1236 1298 1255 ,
1320 1217 1410 1246 non
1433 1202 1611 1261 epistola
1630 1238 1641 1258 ,
1661 1203 1737 1248 sed

348 1282 423 1317 aut
444 1273 646 1333 praesenti
675 1271 987 1326 collocutione,
1014 1281 1089 1315 aut
1121 1270 1268 1331 aliquo
1298 1271 1447 1316 libello
1470 1274 1737 1331 responden·

346 1343 451 1387 dum
471 1359 575 1387 esse.
604 1342 796 1386 Tentabo
814 1352 984 1396 tamen,
1010 1341 1170 1386 callens
1192 1342 1414 1400 ingenium
1438 1353 1563 1386 tuum
1581 1378 1591 1397 ,
1615 1360 1733 1403 quae·

346 1413 444 1458 dam
469 1414 717 1473 quaestionis
734 1414 859 1473 hujus
882 1412 1046 1456 lumina
1068 1414 1386 1472 praeseminare,
1412 1422 1460 1457 ut
1482 1423 1557 1458 aut
1579 1423 1734 1458 caetera
1760 1463 1762 1471 ἔ

347 1494 489 1528 tecum
514 1485 604 1543 ipse
625 1493 855 1538 contexas,
887 1493 961 1527 aut
989 1499 1112 1542 posse
1135 1483 1187 1527 ad
1220 1484 1279 1527 rei
1305 1493 1435 1528 tantae
1462 1483 1734 1543 probabilem
1759 1477 1762 1508 ¹

345 1555 717 1612 investigationem
740 1554 955 1614 perveniri
973 1554 1151 1598 minime
1173 1554 1387 1614 desperes.
1757 1510 1762 1632 f

404 1628 484 1669 111.
515 1625 709 1670 Arbitror
731 1625 845 1668 enim
867 1639 1039 1668 ornnem
1064 1633 1230 1668 motum
1255 1625 1386 1668 animi
1411 1625 1576 1685 aliquid
1595 1624 1734 1670 facere

344 1695 388 1739 in
405 1710 599 1755 corpore.
630 1695 680 1739 Id
702 1705 847 1739 autem
870 1710 1007 1754 usque
1037 1696 1090 1738 ad
1115 1705 1283 1739 nostros
1306 1696 1420 1739 exire
1442 1711 1590 1740 sensus
1608 1731 1619 1750 ,
1647 1705 1733 1740 tam
1778 1681 1789 1816 ἲ

344 1765 544 1819 hebetes,
567 1775 742 1826 tamque
760 1764 927 1819 tardos,
953 1780 1052 1809 cum
1075 1774 1176 1808 sunt
1200 1765 1381 1824 majores
1403 1765 1536 1808 animi
1559 1774 1701 1809 motus
1721 1786 1731 1823 3

344 1836 465 1880 velut
495 1853 594 1880 cum
626 1837 876 1890 irascimur,
910 1845 985 1880 aut
1016 1836 1175 1890 tristes,
1199 1845 1275 1879 aut
1301 1836 1537 1894 gaudentes
1565 1852 1728 1881 sumus.
1752 1802 1757 1875 i
1784 1831 1788 1878 i

347 1909 409 1951 Ex
444 1923 532 1967 quo
559 1907 659 1952 licet
695 1909 908 1967 conjicere
930 1941 941 1961 ,
974 1922 1075 1951 curn
1104 1906 1232 1950 etiam
1259 1907 1496 1964 cogitamus
1535 1906 1728 1967 aliquid,
1785 1896 1788 1953 Ῑ

345 1993 488 2038 neque
506 1978 550 2022 id
575 1978 699 2022 nobis
721 1978 764 2021 in
784 1987 931 2022 nostro
946 1992 1127 2036 corpore
1146 1985 1345 2035 apparet,
1367 1992 1572 2035 apparere
1587 1987 1732 2022 tamen
1782 1993 1787 2021 τ

345 2064 468 2109 posse
494 2049 615 2093 aeriis
644 2049 895 2093 aethereisve
927 2048 1269 2102 animantibus1,
1302 2062 1491 2107 quorum
1513 2056 1556 2092 et
1583 2063 1732 2092 sensus
1782 2066 1785 2073 s

345 2120 600 2174 acerrimus,
626 2129 669 2164 et
686 2120 730 2163 in
748 2119 870 2179 cujus
890 2117 1212 2176 comparatione
1230 2127 1375 2162 noster
1398 2133 1453 2161 ne
1474 2133 1622 2162 sensus
1639 2119 1732 2179 qui-

344 2191 444 2234 dem
469 2190 687 2250 putandus
719 2199 795 2234 est.
822 2191 960 2248 Igitur
984 2205 1032 2232 ea
1054 2205 1179 2248 quae,
1214 2198 1262 2232 ut
1284 2188 1343 2232 ita
1366 2188 1506 2233 dicam
1523 2224 1533 2244 ‚
1555 2190 1730 2247 vestigia
1782 2190 1786 2232 ι’

344 2262 411 2305 sui
429 2271 574 2306 motus
597 2262 765 2305 animus
782 2261 876 2319 figit
897 2261 943 2304 in
965 2275 1170 2319 corpore,
1198 2269 1378 2319 possunt
1399 2269 1442 2303 et
1463 2275 1637 2304 manere
1654 2295 1664 2315 ,
1688 2270 1731 2304 et
1783 2279 1785 2291 Α

344 2331 578 2391 quemdam
612 2331 735 2392 quasi
767 2332 964 2375 habitum
987 2331 1151 2381 facere,
1177 2346 1276 2389 quae
1305 2330 1490 2374 latenter
1515 2346 1615 2375 eum
1638 2331 1744 2396 agi-¹

344 2411 432 2446 tata
462 2400 623 2445 suerint
653 2410 696 2445 et
722 2410 985 2445 contrectata
1005 2436 1015 2454 ‚
1046 2399 1287 2444 secundum
1315 2401 1516 2459 agitantis
1547 2410 1590 2444 et
1622 2417 1729 2445 con-

346 2475 569 2516 trectantis
590 2472 881 2526 voluntatem,
901 2473 1104 2530 ingerunt
1121 2470 1245 2514 nobis
1262 2471 1542 2528 cogitationes
1563 2480 1606 2515 et
1619 2466 1743 2516 som-¹

394 2564 400 2580 ¹
426 2557 637 2591 Daemouibus.
658 2557 736 2590 Vide
757 2557 811 2589 lib.
830 2569 839 2589 ι
859 2561 970 2590 contra
989 2556 1140 2589 Academ.
1160 2565 1232 2598 cap.
1255 2565 1287 2596 7,
1306 2565 1392 2588 num.
1409 2564 1460 2588 20.

1776 478 1780 543 Ι
