1790 3187
373 192 456 231 292
810 201 841 227 s.
878 199 1108 228 mausum
1142 200 1320 226 muscum

372 282 496 319 nem,
523 264 564 308 id
597 272 687 317 est,
712 264 832 322 cujus
867 264 1078 307 adventus
1116 263 1268 307 afferat
1301 261 1465 322 aliquid
1504 261 1760 307 felicitatis:

368 337 479 380 sicut
500 335 687 378 solemus
709 332 868 386 dicere,
889 333 1080 377 secundo
1102 334 1213 392 pede
1229 332 1438 385 introisse,
1458 333 1580 392 cujus
1598 332 1749 376 introi-

371 414 464 450 tum
490 404 748 463 prosperitas
770 401 912 461 aliqua
937 412 1165 446 consecuta
1188 402 1275 445 sit?
1306 404 1413 454 Quae
1442 401 1589 460 lingua
1611 402 1642 445 si
1666 401 1751 445 im·

370 475 581 535 probatur
606 474 682 518 abs
704 482 763 527 te,
788 488 896 530 nega
916 474 1085 518 Punicis
1107 472 1242 525 libris,
1268 481 1317 516 ut
1339 488 1361 515 a
1383 472 1482 515 viris
1497 471 1751 518 doctissimis

369 544 586 605 proditur,
609 544 743 587 multa
772 543 986 602 sapienter
1009 558 1099 587 esse
1127 543 1329 586 mandata
1348 543 1584 586 memoriae.
1610 543 1751 587 Poeni-

367 625 456 661 teat
478 626 520 660 te
541 625 656 661 certe
681 615 742 658 ibi
761 624 934 668 natum,
955 615 1031 658 ubi
1053 615 1182 674 hujus
1210 614 1370 672 lingum
1394 613 1610 658 cunabula
1634 629 1751 659 reca-

366 686 473 731 lent.
503 688 545 731 Si
568 702 670 730 vero
684 695 873 730 etsonus
892 686 1017 729 nobis
1036 701 1123 729 non
1146 685 1683 744 rationabiliterdisplicet,
1708 694 1751 731 et

367 773 437 801 me
472 757 585 801 bene
627 758 957 816 interpretatum
1000 756 1111 800 illud
1148 755 1414 801 vocabulum
1463 756 1747 815 recognoscis,

368 828 500 872 habes
520 827 640 888 quod
657 843 907 872 succenseas
917 826 1095 884 Virgilio
1111 835 1202 879 tuo,
1223 827 1297 886 qui
1317 826 1544 871 Herculem
1561 838 1751 871 vestrum
1770 855 1771 869 i

366 897 421 942 ad
445 914 580 953 sacra,
605 915 704 959 quae
731 898 794 942 illi
828 900 883 943 ab
912 896 1116 944 Evandro
1144 897 1443 953 celebrantur,
1480 897 1636 942 invitat
1671 898 1751 944 hoc

369 968 525 1014 modo:
890 968 894 972 ’

586 1102 626 1132 Et
641 1109 698 1132 nos
725 1103 759 1132 et
776 1103 832 1132 tua
859 1100 973 1133 dexter
991 1099 1043 1132 adi
1065 1099 1148 1141 pede
1162 1109 1252 1132 sacra
1274 1099 1415 1132 secundo
1429 1105 1453 1130 ¹.

369 1218 571 1264 Secundo
585 1217 697 1277 pede
715 1226 837 1277 optat
852 1226 901 1261 ut
911 1217 1071 1261 veniat.
1097 1219 1213 1274 Ergo
1226 1217 1370 1260 venire
1388 1214 1618 1260 Herculem
1634 1225 1754 1276 optat

366 1287 827 1346 Namphanionem,de
844 1303 932 1346 quo
955 1296 1001 1331 tu
1026 1286 1215 1330 multum
1241 1286 1585 1330 nobisinsultare
1602 1286 1756 1346 digna-

367 1359 437 1404 ris.
460 1361 772 1403 Verumtamen
794 1359 825 1402 si
851 1357 990 1402 ridere
1012 1357 1215 1410 delectat,
1237 1358 1372 1401 habes
1393 1357 1509 1416 apud
1537 1373 1611 1402 vos
1635 1372 1753 1417 mag-

366 1445 468 1473 nam
482 1430 704 1473 materiam
725 1428 1007 1473 facetiarum:
1034 1429 1165 1473 deum
1187 1418 1466 1481 Stercutium‚
1483 1428 1606 1472 deam
1629 1428 1768 1474 Cion-i

364 1500 523 1552 cinam,
538 1502 748 1543 Venerem
771 1499 952 1552 calvam,
968 1500 1096 1542 deum
1118 1500 1351 1551 Timorem,
1373 1499 1502 1542 deum
1525 1498 1752 1554 pallorem,

370 1569 496 1613 dcam
525 1570 707 1613 Febrem
731 1603 742 1623 ‚
781 1578 824 1613 et
865 1579 1021 1613 caetera
1056 1568 1390 1611 innumerabilia
1426 1568 1754 1628 hujuscemodi,

366 1642 527 1701 quibus
548 1641 732 1684 Romani
753 1640 918 1700 antiqui
938 1639 1269 1684 simulacrorum
1297 1639 1486 1683 cultores
1510 1639 1667 1699 templa
1692 1638 1757 1684 fe-

369 1721 540 1766 cerunt,
567 1721 607 1755 et
628 1710 812 1756 colenda
845 1721 1133 1769 censuerunt3
1154 1712 1288 1770 quaesi
1319 1710 1515 1769 negligis,
1540 1714 1756 1756 Romanos

371 1784 484 1827 Deos
513 1782 692 1841 negligis
715 1801 724 1827 ε
746 1797 797 1825 ex
826 1797 915 1842 quo
947 1781 1200 1840 intelligeris
1227 1798 1313 1826 non
1339 1781 1545 1825 Romanis
1568 1781 1754 1826 initiatus

371 1854 516 1907 sacris,
543 1863 745 1896 ettamen
779 1854 939 1897 Punica
962 1855 1156 1906 nomina,
1187 1863 1394 1913 tanquam
1427 1853 1658 1896 numinum
1675 1855 1772 1899 Ro·-

374 1938 606 1967 manorum
629 1923 836 1967 altaribus
859 1923 1052 1977 deditus,
1076 1924 1319 1967 contemnis
1337 1938 1385 1966 ac
1407 1922 1604 1982 despicis.

434 2006 517 2048 Ill.
559 2003 641 2048 Sed
668 2004 770 2047 mihi
801 2003 959 2047 videris
991 2004 1171 2048 omnino
1200 2004 1296 2063 plus
1331 2021 1462 2064 quam
1487 2021 1565 2049 nos
1586 2004 1751 2049 fortasse

375 2072 446 2118 illa
476 2089 594 2118 saera
614 2074 734 2116 nihili
759 2073 970 2132 pendere,
1001 2073 1074 2118 sed
1099 2089 1149 2117 ex
1180 2074 1239 2117 eis
1263 2075 1408 2119 nescio
1430 2091 1561 2136 quam
1589 2085 1749 2134 captam

376 2143 432 2187 ad
464 2144 591 2203 hujus
622 2143 723 2187 vitae
745 2143 973 2187 transitum
1010 2143 1280 2203 voluptatem
1307 2164 1316 2190 :
1349 2148 1512 2206 quippe
1534 2145 1610 2205 qui
1632 2145 1755 2189 etiarr'

375 2228 465 2258 non
484 2214 750 2257 dubitaveris
772 2213 827 2257 ad
841 2216 1065 2258 Maronem
1086 2214 1338 2273 confugere,
1357 2226 1405 2260 ut
1424 2216 1589 2272 scribis,
1613 2225 1657 2261 et
1672 2217 1747 2276 eju=

374 2299 502 2328 versu
525 2294 566 2329 te
590 2284 719 2339 tueri,
746 2300 836 2344 quo
867 2285 925 2329 ait
950 2304 960 2329 ;
1750 2299 1751 2303 ’

884 2415 993 2448 Trahit
1009 2427 1065 2449 sua
1079 2428 1237 2461 quemque
1256 2418 1399 2461 voluptas
1414 2424 1439 2448 ².

424 2538 428 2548 ’
452 2531 558 2571 vii-git.
575 2531 696 2562 AEneid.
714 2530 758 2561 lib
797 2541 861 2570 νιιι,
879 2541 908 2562 v.
932 2531 983 2562 32.
1003 2548 1038 2553 v-‡
1056 2531 1101 2562 Μ.
1124 2531 1226 2572 Eglog.
1246 2542 1276 2570 zi,
1301 2543 1332 2564 v.
1350 2532 1403 2563 (35.
