1790 3187
500 242 699 272 ErlsTOLA
733 243 892 270 xxxin.
1310 230 1390 271 371

10 316 211 363 versitate
247 310 474 357 discordiae
509 309 762 354 liberemur.
800 307 930 361 Quod
967 321 1037 352 me
1074 307 1240 352 sincero
1264 308 1396 353 corde

13 402 165 446 agere,
199 394 243 429 et
278 399 377 429 cum
406 392 593 426 tremore
625 380 872 425 christianas
912 377 1193 433 humilitatis,
1235 380 1400 424 etiamsi

13 459 231 519 plerisque
265 456 515 500 hominibus
538 462 734 512 apertum
760 468 849 495 non
882 460 960 505 cst,
986 450 1104 495 videt
1134 461 1280 495 tamen
1309 451 1398 508 ille,

14 531 84 575 eui
117 527 238 572 nulla
270 527 400 572 corda
423 525 703 570 clauduntur.
732 523 847 577 Quid
872 533 1016 568 autem
1041 523 1086 568 in
1113 530 1156 568 te
1190 525 1404 568 honorare

16 616 105 648 non
118 599 334 653 dubitem,
356 598 482 642 facile
505 597 723 655 intelligis.
744 598 839 639 Non
859 597 971 639 enim
997 610 1185 640 errorem
1202 596 1407 639 schisma-

17 673 89 724 tis,
121 673 240 714 unde
268 686 417 715 omnes
440 670 653 724 homines,
683 677 896 727 quantum
922 669 974 711 ad
995 683 1063 711 mc
1087 668 1257 721 attinet,
1280 667 1410 725 cupio

21 743 178 795 sanari,
194 742 375 800 dignum
387 743 552 786 honore
566 740 745 800 aliquod
760 740 956 783 existimo
970 740 1064 784 :sed
1079 749 1122 783 te
1134 749 1233 783 ante
1246 739 1408 794 omnia,

23 814 143 874 quod
170 814 302 873 ipsius
324 814 451 857 nobis
478 814 680 856 humanae
707 812 922 856 societatis
943 810 1120 855 vinculo
1144 812 1408 869 astringeriS,

23 894 67 930 et
89 884 209 945 quod
231 883 443 929 nonnulla
460 884 505 927 in
528 893 570 927 te
592 883 877 942 praeeminent
900 882 1146 941 placidioris
1169 883 1323 925 mentis
1342 882 1414 924 in-

25 956 153 1009 dicia,
171 955 329 1016 quibus
347 954 472 999 nullo
494 953 625 997 modo
645 953 967 1012 desperandum
990 962 1054 997 est
1077 952 1204 996 facile
1228 962 1268 997 te
1291 965 1416 1012 posse

24 1026 251 1072 veritatem
268 1061 281 1078 ,
316 1040 415 1070 cum
447 1024 579 1068 fuerit
602 1024 913 1078 demonstrata,
936 1024 1183 1083 complecti,
1217 1024 1308 1068 sine
1326 1021 1419 1066 ullo

27 1106 135 1142 aestu
167 1096 452 1141 dubitationis
483 1096 790 1140 honorandum
828 1107 952 1155 puto.
981 1096 1235 1140 Dilectionis
1271 1103 1420 1139 autem

27 1178 202 1214 tantum
223 1168 305 1213 tibi
327 1167 491 1224 debeo,
517 1177 734 1228 quantum
764 1168 891 1213 nobis
917 1169 1102 1228 imperat
1123 1168 1214 1227 ipse
1243 1166 1320 1227 qui
1342 1172 1422 1210 nos‘

30 1239 181 1286 dilexit
202 1255 341 1300 usque
363 1239 418 1284 ad
440 1240 579 1285 crucis
601 1239 904 1300 opprobrium.

90 1313 148 1355 II.
186 1311 272 1356 Sed
308 1326 364 1355 ne
398 1311 587 1367 mireris,
616 1312 737 1372 quod
770 1310 889 1372 apud
920 1310 1274 1356 benevolentiam
1303 1317 1426 1353 tuam

33 1381 188 1426 tandiu
206 1382 323 1426 tacui
341 1403 352 1440 3
369 1397 459 1427 non
474 1382 685 1443 putabam
703 1383 749 1426 in
768 1383 850 1427 hac
872 1392 915 1426 te
937 1396 1027 1427 esse
1043 1382 1273 1436 sententia,
1294 1393 1428 1440 quam

33 1453 141 1498 mihi
162 1453 295 1498 frater
316 1454 528 1510 Evoenus,
555 1454 627 1499 cui
648 1454 782 1498 fidem
801 1469 891 1499 non
923 1454 1086 1498 habere
1117 1469 1208 1498 non
1231 1466 1425 1513 possum,

36 1525 230 1584 gaudens
255 1526 479 1571 indicavit.
501 1529 611 1573 Nam
629 1541 731 1571 cum
745 1525 860 1571 forte
880 1526 1146 1585 contigisset,
1161 1533 1211 1570 ut
1227 1526 1274 1568 in
1295 1536 1430 1568 unam

37 1597 219 1642 domum
246 1598 563 1654 conveniretis,
599 1607 642 1642 et
664 1613 807 1643 sermo
827 1599 941 1642 inter
969 1613 1045 1643 vos
1075 1597 1131 1642 de
1161 1611 1237 1657 spe
1264 1604 1429 1650 nostra,

38 1667 122 1713 hoc
152 1677 217 1712 est
246 1668 302 1712 de
323 1668 484 1715 Christi
505 1668 763 1713 haereditate
785 1678 906 1714 ortus
939 1677 1071 1723 esset,
1096 1668 1155 1712 ait
1176 1667 1330 1711 dixisse
1353 1667 1434 1710 be-

39 1739 297 1799 nignitatem
318 1750 456 1797 tuam,
481 1741 594 1786 velle
616 1750 658 1785 te
680 1741 807 1786 bonis
830 1742 928 1785 viris
960 1739 1211 1785 sedentibus
1234 1738 1434 1784 conferre

40 1811 286 1856 nobiscum.
311 1812 442 1864 Quod
477 1821 521 1856 te
554 1812 747 1857 multum
790 1811 959 1872 gaudeo
1000 1821 1161 1857 nostrae
1195 1809 1437 1856 humilitati

42 1883 200 1927 offerre
221 1883 471 1940 dignatum:
496 1898 640 1944 neque
660 1884 754 1929 ullo
775 1883 909 1929 modo
927 1898 1103 1943 possum
1124 1891 1294 1928 tantam
1315 1897 1438 1927 occa-

42 1952 209 1997 sionem
226 1952 404 2011 benigni
425 1955 557 1997 animi
578 1955 642 1998 tui
656 1954 876 2010 deserere,
901 1964 952 1998 ut
975 1963 1191 2014 quantum
1214 1954 1326 1998 vires
1347 1955 1438 1996 Do-

43 2023 188 2067 minus
217 2023 414 2082 praebere
435 2023 710 2082 dignabitur,
734 2040 931 2085 quaeram
953 2034 1099 2070 tecum
1135 2033 1266 2084 atque
1290 2023 1437 2067 discu-

46 2094 168 2149 tiam,
183 2111 283 2154 quae
304 2111 449 2151 causa,
465 2112 565 2156 quae
585 2097 723 2156 origo,
744 2113 844 2156 quae
862 2098 970 2141 ratio
987 2098 1032 2140 in
1050 2095 1242 2141 Ecclesia
1261 2094 1437 2150 Christi,

0 2167 16 2228 Ι,
47 2166 117 2211 oui
137 2166 262 2222 dixit,
292 2184 313 2209 «
332 2170 489 2211 Pacem
511 2182 652 2212 meam
666 2167 724 2212 do
745 2167 1053 2227 vobis,pace1n
1074 2173 1216 2211 meam
1238 2165 1441 2224 relinquo

52 2253 77 2282 a*
101 2236 226 2281 vobis
250 2239 265 2263 ¹
284 2272 296 2293 ,
324 2255 345 2280 »
379 2247 468 2283 tam
492 2237 698 2298 lugendae
729 2247 862 2299 atque
892 2238 1154 2299 plangendae
1180 2234 1441 2282 discissionis

0 2334 1 2338 =
51 2308 252 2353 extiterit.

0 2381 6 2409 ¹
58 2391 81 2424 J·
107 2381 189 2424 III.
235 2380 395 2425 Audivi
412 2380 592 2441 quidem
614 2381 669 2426 de
691 2389 933 2426 memorato
955 2381 1090 2425 fratre
1113 2389 1156 2424 te
1178 2378 1311 2423 fuisse
1328 2393 1438 2424 con-

0 2448 23 2480 sss
53 2458 272 2508 questum,
290 2451 411 2511 quod
428 2453 571 2497 nescio
594 2452 701 2512 quid
722 2454 799 2497 tibi
816 2451 1128 2497 contumeliose
1144 2450 1439 2511 responderit:

0 2545 2 2553 ν
53 2518 195 2578 quod,
229 2536 380 2580 quaeso
404 2530 472 2577 te,
511 2538 565 2567 ne
589 2521 708 2568 illam
738 2522 1052 2568 contumeliam
1084 2523 1288 2582 deputes,
1308 2537 1441 2582 quam

105 2609 115 2627 ¹
135 2605 311 2648 Joan.x1v‚
331 2615 385 2648 27.

1192 2663 1261 2702 22.
