1790 3187
1 227 5 295 1

309 231 361 257 1)ss
396 210 585 257 mvnnsts'
615 230 772 265 QUAEST.
810 231 958 257 oc'roc..
993 231 1156 256 Turnus.
1344 218 1419 255 121

49 309 268 357 tempore,
305 310 393 354 quo
431 294 682 353 praecedunt
715 303 928 353 parentes.
964 295 1031 339 Sic
1065 294 1179 338 enim
1214 293 1428 354 aequalem

47 368 252 428 syllabam
287 364 465 422 syllabae
502 364 688 408 dicimus
721 385 731 420 3
770 365 968 423 quamvis
1007 363 1139 408 altera
1174 364 1425 423 praecedat,

47 439 176 484 altera
194 437 498 496 subsequatur.
529 438 577 479 In
599 439 686 479 Deo
705 445 845 480 autem
867 437 994 495 ,quia
1009 435 1202 481 conditio
1225 435 1430 494 temporis

45 518 165 556 vacat
200 530 210 566 3
247 523 335 552 non
363 508 477 551 enim
512 515 652 566 potest
682 516 797 551 recte
824 508 961 551 videri
996 511 1108 551 Deus
1151 507 1196 550 in
1234 515 1430 565 tempore

47 594 267 641 generasse
282 577 456 631 Filium,
470 593 543 637 per
557 593 688 638 quem
705 577 902 622 condidit
918 588 1134 638 tempora:
1161 593 1431 637 consequens

46 660 132 707 est,
154 659 302 694 utnon
327 648 464 692 solum
487 649 540 692 sit
563 649 704 707 imago
728 650 840 708 ejus,
858 650 958 709 quia
981 650 1035 693 de
1053 648 1127 693 illo
1149 658 1227 703 est,
1249 658 1291 693 et
1308 648 1428 692 simi-

46 721 212 776 litudo,
239 720 338 780 quia
362 721 504 779 imago
531 740 541 777 3
569 719 642 763 sed
667 720 798 764 etiam
828 719 1050 779 aequalitas
1081 728 1199 764 tanta
1224 755 1236 775 ,
1268 729 1316 764 ut
1349 734 1429 763 ncc

49 792 248 852 temporis
271 789 447 851 quidem
471 791 748 835 intervallum
772 791 1086 850 impedimento
1103 791 1171 835 sit.

106 866 300 917 Quffisno
332 863 506 905 LXXV.
546 889 599 895 --
634 866 691 906 1⁰.
735 862 853 907 Sicut
884 859 1117 921 Apostolus
1142 861 1196 905 ad
1226 861 1432 905 Hebraeos

48 934 149 979 dicit
181 952 188 977 :
223 952 240 973 «
276 935 601 976 Testamentum
628 933 842 976 testatoris
866 941 1005 976 morte
1023 933 1264 976 sumaim-¹.
1281 950 1300 973 »
1322 934 1432 976 Pro-

47 1014 191 1065 pterea
221 1012 392 1048 mortuo
417 1018 494 1063 pro
520 1003 645 1048 nobis
683 1003 877 1057 Christo,
903 1006 1071 1048 Novum
1107 1005 1432 1047 Testamentum

47 1076 263 1119 firmatum
287 1090 375 1118 esse
398 1074 543 1117 asserit
571 1093 579 1118 ε
607 1074 728 1133 cujus
756 1072 995 1117 similitudo
1020 1075 1155 1117 Vetus
1179 1076 1433 1118 Testamen-

48 1156 140 1191 tum
163 1155 268 1201 erat,
287 1149 331 1188 in
351 1161 438 1205 quo
466 1161 580 1189 mors
602 1146 814 1190 testatoris
837 1161 914 1205 per
936 1145 1154 1189 victimam
1177 1145 1434 1204 praefigura-

50 1217 188 1261 batur.
209 1217 251 1262 Si
273 1232 374 1275 ergo
397 1226 619 1278 quaeratur
636 1216 860 1277 quomodo
877 1217 1009 1260 simus
1027 1251 1036 1270 ,
1055 1216 1298 1261 secundum
1322 1218 1432 1276 ejus*

49 1287 147 1333 dem
177 1288 370 1348 Apostoli
397 1291 553 1342 verba,
584 1308 603 1330 «
629 1289 876 1333 cohaeredes
903 1288 1090 1343 Christi,
1126 1298 1168 1331 et
1199 1287 1275 1331 filii
1303 1297 1435 1348 atque

49 1359 242 1403 haeredes
277 1360 350 1403 Dei
373 1363 426 1416 23
461 1375 559 1403 cum
597 1361 726 1404 etiam
760 1359 988 1403 haereditas
1026 1367 1164 1403 morte
1205 1360 1436 1403 decessoris

50 1430 170 1473 firma
194 1438 393 1473 teneatur
407 1465 416 1483 ,
439 1445 519 1474 nec
535 1429 627 1474 ullo
647 1430 732 1475 alio
754 1430 886 1474 modo
908 1430 1040 1488 possit
1059 1428 1287 1474 haereditas
1309 1430 1438 1474 intel-

50 1499 122 1558 ligi
149 1519 157 1544 z
185 1501 497 1559 respondetur,
530 1501 622 1558 ipso
655 1499 831 1560 quidem
867 1509 1040 1544 mortuo
1074 1499 1210 1545 factos
1241 1516 1320 1545 nos
1349 1516 1438 1545 esse

51 1570 241 1614 haeredes
259 1606 269 1625 ,
295 1571 501 1630 quoniam
527 1570 604 1614 filii
627 1572 717 1630 ejus
753 1571 880 1615 etiam
905 1570 1009 1615 dicti
1031 1587 1196 1616 sumus.
1218 1590 1237 1612 ‹<
1262 1574 1357 1616 Non
1377 1572 1438 1631 je-

55 1660 73 1682 »
90 1642 248 1701 junant
264 1676 275 1695 ,
300 1642 470 1701 inquit,
494 1641 572 1684 filii
594 1642 754 1701 sponsi,
778 1643 974 1702 quandiu
997 1642 1195 1687 cumillis
1220 1651 1283 1686 est
1305 1658 1439 1702 spon-

55 1731 74 1753 »
95 1728 164 1756 sus
184 1714 216 1756 3.
251 1731 271 1753 ι)
300 1713 502 1756 Haeredes
525 1728 627 1770 ergo
650 1714 740 1773 ejus
757 1713 968 1769 dicimur,
989 1714 1091 1774 quia
1116 1714 1291 1774 reliquit
1314 1715 1440 1758 nobis

53 1785 168 1843 pacis
207 1782 516 1827 Ecclesiasticae
550 1784 862 1842 possessionem
907 1800 982 1844 per
1023 1785 1153 1829 fidem
1189 1785 1440 1844 temporalis

52 1855 396 1914 dispensationis,
408 1870 539 1915 quam
558 1855 604 1898 in
622 1856 701 1899 hac
719 1856 803 1899 vita
822 1856 1108 1915 possidemuS,
1123 1856 1243 1916 quod
1261 1865 1441 1901 testatus

53 1934 115 1969 est
148 1925 296 1968 dicens
326 1944 333 1968 ς
372 1944 391 1965 «
417 1928 571 1969 Pacem
608 1940 749 1969 meam
773 1925 830 1969 do
863 1926 986 1970 vobis
1012 1962 1023 1982 ,
1055 1942 1205 1985 pacem
1241 1925 1441 1986 relinquo

57 2015 77 2038 »
103 1996 226 2041 vobis
257 1997 287 2039 4.
318 2014 337 2036 »
363 1996 621 2040 Cohaeredes
654 2006 797 2041 autem
835 1999 926 2058 ejus
954 1999 1194 2042 efficiemur
1214 2034 1225 2052 ,
1263 2014 1364 2043 cum
1396 2000 1440 2043 in

56 2068 144 2111 fine
174 2068 321 2111 saeculi
351 2083 466 2111 mors
488 2068 794 2113 absorbebitur
815 2069 859 2112 in
883 2069 1108 2114 victoriam
1128 2072 1158 2113 ⁵.
1188 2073 1309 2114 Tunc
1327 2070 1440 2114 enim

57 2138 212 2182 similes
246 2139 281 2181 ei
312 2139 470 2182 erimus
491 2174 501 2192 ,
537 2139 715 2198 quando
744 2139 992 2184 videbimus
1030 2156 1129 2184 eum
1164 2141 1291 2186 sicuti
1314 2150 1376 2184 est
1406 2143 1438 2184 ⁶.

58 2211 193 2262 Quam
234 2208 529 2254 haereditatem
556 2225 644 2253 non
673 2211 763 2270 ejus
794 2211 930 2254 Patris
963 2220 1102 2255 morte
1129 2211 1439 2271 adipiscimur,

58 2281 131 2340 qui
162 2282 266 2324 mori
305 2296 392 2325 non
417 2290 559 2340 potest
582 2303 593 2339 3
621 2282 984 2342 quandoquidem
1022 2284 1111 2342 ipse
1138 2284 1188 2327 fit
1210 2283 1442 2328 haereditas

60 2363 199 2394 nostra
219 2387 229 2405 ‚
262 2352 502 2396 secundum
530 2352 640 2396 illud
670 2353 790 2412 quod
822 2354 1029 2412 scriptum
1050 2363 1111 2397 est
1139 2373 1146 2397 :
1180 2373 1198 2395 «
1231 2354 1443 2400 Dominus

65 2439 83 2462 »
107 2436 202 2480 pars
235 2422 493 2466 haereditatis
522 2438 630 2467 meae
664 2426 679 2449 ⁷
714 2441 721 2464 :
764 2442 783 2464 »
811 2423 885 2467 sed
908 2425 1113 2484 quoniam
1135 2460 1145 2480 ,
1174 2440 1276 2470 cum
1299 2426 1443 2470 vocati

111 2524 299 2566 ¹}1ebr.1x,
321 2536 370 2566 ¹7·
385 2543 425 2548 ——
441 2533 452 2548 ²
473 2528 562 2558 Rom.
582 2537 655 2568 vui,
679 2537 729 2568 ¹7-
747 2524 812 2549 —3
832 2527 952 2558 Matth.
974 2538 1017 2565 ix,
1041 2527 1091 2559 15.
1110 2545 1146 2550 —
1161 2526 1176 2557 4
1191 2530 1281 2560 Joan.
1298 2539 1362 2568 xiv,
1387 2537 1440 2569 27.

63 2576 129 2603 -5
150 2591 162 2612 1
184 2581 255 2613 Cor.
282 2591 337 2621 xv,
364 2579 417 2622 54.
438 2598 478 2604 -
493 2579 509 2603 6
532 2592 543 2613 1
565 2583 658 2614 Joan.
679 2592 725 2621 111,
746 2590 778 2613 2.
798 2589 865 2615 —7
887 2581 967 2614 Psal.
988 2593 1057 2624 xiii,
1080 2582 1110 2614 5.
