1790 3187
343 187 426 228 384
777 198 807 224 s.
845 199 1076 226 AUGUSTINI
1108 199 1287 226 muscom

343 265 434 319 Dei,
464 263 531 307 vel
568 264 763 307 inssituta
800 264 1010 323 majorum
1046 280 1124 324 pro
1157 264 1252 322 lege
1294 264 1478 307 tenenda
1509 272 1625 307 sunt.
1659 266 1720 306 De

341 334 502 394 quibus
523 335 557 377 si
579 333 799 393 disputare
821 332 1102 390 voluerimus,
1136 343 1179 378 et
1201 350 1251 378 ex
1276 334 1458 378 aliorum
1487 341 1720 378 consuetu—

341 405 442 448 dine
468 405 573 449 alios
594 404 853 462 improbare,
885 405 1046 449 orietur
1075 405 1351 449 interminata
1385 404 1580 458 luctatio,
1621 418 1720 463 quae
1785 436 1790 463 Ξ

342 475 491 520 labore
518 474 887 519 sermocinationis
909 491 1008 520 cum
1034 484 1150 520 certa
1178 475 1439 519 documenta
1469 474 1589 518 nulla
1604 474 1721 519 veri-
1775 492 1779 499 ·

343 546 441 590 tatis
461 545 666 599 insinuet,
691 545 843 604 utique
875 546 1119 590 cavendum
1149 554 1228 600 est,
1251 561 1305 589 ne
1337 553 1590 605 tempestate
1616 560 1721 589 con-

342 617 546 661 tentionis
559 616 834 660 serenitatem
847 617 1063 662 charitatis
1079 615 1325 661 obnubilet.
1338 615 1466 670 Quod
1481 615 1721 675 periculum

343 687 478 732 vitare
500 686 704 744 neglexit,
731 688 854 747 cujus
877 688 983 731 mihi
1005 687 1217 747 prolixam
1240 686 1593 746 disputationem,
1616 695 1666 729 ut
1686 685 1726 728 ei

343 757 651 818 responderem
685 773 783 804 cum
821 759 906 802 tuis
930 759 1148 818 prioribus
1175 757 1328 803 litteris
1361 757 1608 802 existimasti
1637 771 1727 801 esse

347 829 619 873 mittendam.

404 902 487 944 III.
503 902 599 945 Non
617 908 764 944 autem
785 914 924 960 usque
943 900 1051 945 adeo
1073 900 1178 945 mihi
1193 901 1329 960 spatia
1346 909 1593 960 temporum
1611 897 1728 956 larga

347 979 466 1026 sunt,
490 980 539 1015 ut
563 986 612 1014 ea
632 969 880 1014 refellendis
909 971 1088 1029 singulis
1111 972 1333 1016 sententiis
1351 973 1443 1031 ejus
1460 968 1727 1030 impendam,
1789 1000 1790 1003 η

347 1056 446 1099 quae
479 1039 572 1084 aliis
604 1041 809 1100 operibus
841 1041 975 1099 magis
1009 1042 1265 1100 urgentibus
1303 1040 1565 1100 explicandis
1590 1039 1732 1083 habeo

348 1111 599 1155 necessaria.
629 1111 714 1155 Sed
737 1125 787 1155 eo
809 1127 897 1170 quo
921 1120 963 1154 te
993 1112 1099 1155 mihi
1135 1113 1180 1155 in
1212 1112 1297 1156 tuis
1331 1112 1523 1170 epistolis
1544 1108 1734 1155 ostendis
1783 1125 1786 1130 ’

348 1181 541 1241 ingenio,
562 1182 683 1241 quod
703 1181 748 1225 in
770 1191 813 1226 te
830 1180 996 1226 donum
1018 1182 1094 1226 Dei
1112 1181 1348 1227 admodum
1365 1181 1513 1240 diligo,
1532 1180 1736 1225 eumdem

349 1267 592 1296 sermonem
630 1253 873 1312 cujusdam,
905 1262 955 1297 ut
987 1252 1157 1308 scribis,
1189 1252 1443 1311 Urbici(20)
1474 1251 1607 1311 paulo
1643 1249 1737 1294 dili-

350 1323 520 1380 gentius
547 1323 636 1380 ipse
668 1322 918 1377 considera,
943 1331 987 1366 et
1019 1321 1187 1367 videbis
1217 1337 1317 1366 eum
1340 1338 1451 1381 pene
1488 1322 1733 1366 universam

349 1392 587 1436 Ecclesiam
601 1393 779 1448 Christi,
800 1393 854 1437 ab
877 1403 976 1438 ortu
999 1393 1100 1438 solis
1123 1408 1261 1454 usque
1283 1393 1337 1437 ad
1360 1408 1575 1446 occasum,
1592 1389 1736 1436 verbis

350 1462 683 1522 injuriosissimis
705 1480 981 1524 nequaquam
1003 1464 1192 1509 lacerare
1219 1464 1427 1509 timuisse.
1449 1467 1536 1509 Nec
1558 1461 1737 1506 dixerim
1781 1505 1790 1517 ἢ

350 1547 460 1590 pene
481 1535 742 1590 universam,
768 1535 841 1577 sed
878 1535 1005 1593 plane
1042 1536 1304 1580 universam.
1330 1537 1438 1580 Nam
1475 1547 1618 1593 neque
1640 1530 1741 1590 ipsis

351 1618 537 1662 quorum
555 1604 915 1649 consuetudinem
937 1606 1016 1649 sibi
1033 1605 1236 1649 videntur
1249 1604 1501 1656 defendere,
1519 1601 1739 1645 invenitur
1789 1653 1790 1656 Ἴ

351 1674 588 1733 pepercisse
609 1676 812 1719 Romanis
830 1696 841 1732 3
873 1676 948 1719 sed
970 1675 1194 1735 quomodo
1216 1675 1260 1717 in
1284 1689 1356 1718 eos
1378 1687 1554 1732 quoque
1577 1670 1740 1715 redun-
1785 1668 1790 1690 ²

352 1744 427 1788 det
459 1745 753 1789 conviciorum
784 1747 876 1805 ejus
898 1746 1087 1805 impetus
1114 1744 1266 1799 nescit,
1301 1744 1506 1803 quoniam
1530 1758 1617 1787 non
1661 1741 1740 1785 ad-
1783 1771 1785 1775 Α

354 1815 496 1859 vertit.
533 1818 640 1860 Nam
660 1831 761 1860 cum
792 1817 830 1859 ei
853 1825 1109 1875 argumenta
1143 1815 1379 1869 deficiunt,
1405 1813 1564 1873 quibus
1588 1812 1743 1872 probet

355 1885 536 1930 sabbato
556 1886 849 1946 jejunandum
869 1922 880 1942 ,
905 1887 950 1931 in
972 1886 1164 1931 luxurias
1188 1885 1415 1946 epularum
1439 1894 1481 1929 et
1505 1883 1742 1928 temulenta

355 1957 552 2000 convivia
565 1966 607 2000 et
619 1958 901 2016 nequissimas
915 1958 1141 2002 ebrietates
1156 1955 1495 2001 insultabundus
1505 1954 1739 2008 invehitur,
1766 2003 1768 2006 .
1787 2003 1789 2007 ¹

356 2027 478 2084 quasi
496 2042 584 2070 non
600 2028 811 2086 jejunare,
832 2029 915 2073 hoc
933 2029 986 2072 sit
1001 2028 1220 2071 inebriari.
1244 2026 1369 2079 Quod
1387 2027 1420 2070 si
1440 2027 1522 2070 hoc
1541 2034 1618 2079 est,
1635 2023 1744 2084 quid

357 2109 458 2152 ergo
482 2095 660 2154 prodest
690 2099 896 2141 Romanis
918 2098 1100 2141 sabbato
1123 2098 1355 2157 jejunare?
1385 2095 1742 2156 quandoquidem

360 2163 451 2209 aliis
474 2165 644 2222 diebus,
671 2168 832 2226 quibus
855 2183 944 2212 non
965 2169 1180 2228 jejunant,
1204 2182 1377 2212 necesse
1396 2176 1459 2211 est
1479 2183 1566 2221 eos,
1590 2181 1745 2211 secun-

359 2233 466 2279 dum
481 2235 823 2296 disputationem
840 2239 986 2298 hujus,
1003 2239 1193 2283 ebriosos
1208 2247 1252 2283 et
1265 2237 1522 2283 ventricolas
1538 2236 1739 2298 judicari.

362 2307 495 2350 Porro
517 2307 549 2351 si
572 2308 691 2352 aliud
722 2318 785 2353 est
818 2324 994 2368 gravare
1025 2309 1154 2354 corda
1179 2311 1224 2354 in
1256 2309 1431 2370 crapula
1455 2320 1497 2353 et
1517 2309 1741 2361 ebrietate,

362 2377 482 2434 quod
524 2394 693 2438 semper
720 2389 783 2423 est
810 2380 973 2424 malum
1000 2401 1011 2437 3
1035 2379 1152 2424 aliud
1187 2390 1250 2425 est
1281 2390 1425 2424 autem
1464 2379 1672 2424 modestia
1703 2385 1746 2421 et

363 2450 647 2506 temperantia
671 2450 885 2495 custodita
912 2450 1101 2495 relaxare
1114 2451 1345 2510 jejunium,
1366 2450 1486 2510 quod
1508 2459 1623 2494 certe
1645 2434 1762 2530 cum·

364 2516 414 2561 fit
440 2517 510 2562 die
528 2520 769 2574 Dominico,
791 2521 1168 2580 reprehensionem
1185 2521 1415 2566 nonhabet
1433 2519 1741 2574 Christianum,
1759 2535 1763 2561 ι
