1790 3187
318 220 370 246 DE
404 220 591 248 mvmxsm
623 222 780 258 QLAEST·
816 223 965 251 oeToG.
1002 226 1165 254 TRmcs.
1382 221 1433 256 17

51 283 197 327 innata
214 283 276 327 vis
301 283 506 340 inseruit,
542 293 592 329 ut
618 284 872 344 religionem
894 322 904 341 ‚
942 289 1144 347 pietatem
1169 325 1180 345 ,
1225 292 1429 350 gratiam,

51 352 400 409 vindicationem,
427 355 743 399 observantiam
760 391 770 411 ,
791 357 1031 403 veritatem.
1058 360 1227 420 Religio
1245 372 1307 406 est
1334 380 1436 423 quae

50 424 277 482 superioris
293 424 516 485 cujusdam
536 434 721 481 naturae,
737 442 868 485 quam
887 428 1081 473 divinam
1096 441 1268 487 vocant,
1288 449 1437 479 curam

48 496 437 556 caeremoniamque
456 496 597 540 affert.
639 497 779 541 Pietas
798 533 808 551 ,
835 514 913 558 per
935 515 1066 559 quam
1099 504 1308 560 sanguine
1339 521 1441 550 con-

42 565 203 623 junctis
217 567 455 627 patriaeque
470 566 732 612 benevolens
747 569 959 625 osticium,
974 579 1017 614 et
1030 570 1217 630 diligens
1234 574 1442 618 tribuitur

47 635 203 679 cultuS.
230 638 398 693 Gratia,
426 639 472 682 in
488 653 574 698 qua
598 638 883 683 amicitiarum
909 650 952 685 et
982 642 1243 699 officiorum,
1266 644 1442 690 alterius

46 706 253 750 memoria
275 741 285 760 ‚
321 716 364 752 et
394 707 569 752 alterius
603 708 915 754 remunerandi
949 711 1146 757 voluntas
1175 715 1439 759 continetur.

47 775 314 834 Vindicatio,
352 794 428 838 per
460 794 592 839 quam
615 779 677 823 vis
705 789 780 824 aut
811 780 970 839 injuria
995 817 1005 836 ‚
1032 792 1075 826 et
1105 786 1285 829 omnino
1314 801 1443 830 omne

44 846 163 906 quod
175 847 434 894 obfuturum
449 858 528 904 est,
543 848 824 894 defendendo
847 860 922 894 aut
945 851 1200 898 ulciscendo
1215 855 1446 914 propulsa-

43 925 129 961 tur.
143 918 442 975 Observantia‚
456 936 531 980 per
552 934 685 980 quam
710 921 906 964 homines
929 921 1073 981 aliqua
1092 923 1305 982 dignitate
1327 935 1445 970 ante-

43 987 265 1044 cellentes,
287 990 411 1035 cultu
433 989 626 1050 quodam
646 999 688 1034 et
713 991 879 1035 honore
901 990 1146 1049 dignamur.
1166 995 1350 1051 Veritas,
1369 1010 1446 1055 per

45 1074 176 1118 quam
199 1060 429 1106 immutata
447 1077 495 1106 ea
517 1077 617 1122 quae
640 1071 742 1106 sunt
766 1071 840 1106 aut
865 1062 1046 1108 fuerunt
1069 1073 1146 1108 aut
1168 1065 1316 1110 futura
1344 1076 1445 1110 sunt

42 1129 266 1176 dicuntur.
305 1132 638 1177 Consuetudine
669 1141 815 1176 autem
835 1133 906 1192 jus
942 1143 1006 1177 est
1035 1133 1156 1194 quod
1189 1145 1264 1179 aut
1293 1136 1447 1181 leviter

41 1210 233 1246 anatura
253 1211 440 1247 tractum
464 1202 644 1257 aluit‚et
666 1203 806 1262 majus
822 1201 927 1247 fecit
951 1219 1071 1258 usus,
1097 1213 1147 1248 ut
1169 1205 1440 1264 religionem,

41 1280 83 1315 et
100 1272 132 1315 si
150 1272 257 1331 quid
272 1288 426 1318 eorum
443 1289 544 1333 quae
566 1281 668 1316 ante
694 1271 882 1316 diximus
899 1306 910 1328 ,
944 1289 968 1316 a
992 1283 1147 1317 natura
1170 1274 1435 1333 profectum,

38 1344 174 1402 majus
197 1341 360 1388 factum
390 1353 568 1403 propter
591 1343 952 1388 consuetudinem
970 1343 1192 1388 videmus:
1221 1354 1296 1389 aut
1317 1346 1438 1405 quod

34 1414 80 1457 in
121 1429 285 1458 morem
309 1423 498 1459 vetustas
535 1414 656 1472 vulgi
689 1413 1004 1472 approbatione
1038 1415 1259 1474 perduxit.
1303 1416 1434 1469 Quod

36 1498 170 1542 genus
195 1493 372 1543 pactum
394 1494 458 1529 est
475 1519 486 1540 ,
507 1499 585 1544 par
604 1482 674 1527 lex
690 1518 701 1538 ‚
723 1483 988 1542 judicatum.
1011 1487 1193 1529 Pactum
1219 1495 1282 1530 est
1310 1486 1432 1547 quod

36 1554 146 1598 inter
174 1554 341 1614 aliquos
377 1555 605 1613 convenit3
627 1570 720 1613 par,
746 1555 870 1614 quod
890 1555 937 1599 in
959 1570 1109 1600 omnes
1139 1556 1308 1616 aequale
1331 1566 1395 1603 est
1416 1578 1428 1615 3

30 1624 297 1684 judicatum,
320 1626 375 1670 de
394 1642 484 1686 quo
507 1625 691 1685 alicujus
713 1633 789 1669 aut
811 1624 1061 1684 aliquorum
1079 1627 1171 1686 jam
1203 1628 1429 1672 sententiis

33 1697 318 1740 constitutum
342 1705 420 1741 est.
447 1699 562 1755 Lege
585 1696 658 1755 jus
679 1703 768 1749 est,
794 1693 916 1754 quod
947 1695 993 1738 in
1021 1710 1072 1739 eo
1101 1696 1285 1756 scripto,
1305 1698 1427 1757 quod

33 1766 196 1825 populo
218 1767 459 1826 expositum
482 1774 545 1810 est
567 1773 618 1809 ut
638 1765 839 1809 observet
854 1798 866 1819 ‚
892 1765 1156 1809 continetur.
1192 1768 1426 1811 Fortitudo

32 1846 96 1882 est
133 1837 400 1882 considerata
432 1835 727 1896 periculorum
753 1836 999 1893 susceptio,
1026 1845 1070 1879 et
1089 1835 1293 1880 laborum
1326 1853 1424 1896 per-

33 1908 185 1967 pessio.
209 1909 314 1967 Ejus
344 1916 488 1967 partes
508 1942 520 1962 ,
555 1905 881 1964 magnificentia
902 1940 912 1959 ‚
944 1905 1124 1950 fidentia
1141 1941 1152 1961 ‚
1179 1908 1391 1965 patientia
1410 1943 1420 1962 ‚

31 1978 357 2036 perseverantia.
382 1975 706 2035 Magnificentia
728 1985 792 2019 est
823 1989 968 2018 rerum
999 1990 1258 2033 magnarum
1282 1986 1325 2021 et
1347 1993 1422 2021 ex-

30 2048 239 2094 celsarum
263 2063 363 2092 cum
384 2047 517 2092 animi
538 2045 683 2105 ampla
705 2045 896 2105 quadam
917 2054 960 2088 et
976 2044 1205 2103 splendida
1226 2049 1422 2106 proposi-

30 2119 147 2164 tione
175 2119 352 2177 agitatio
368 2127 500 2178 atque
522 2116 854 2162 administratio.
877 2116 1079 2160 Fidentia
1107 2126 1171 2161 est
1189 2132 1266 2176 per
1287 2132 1420 2176 quam

30 2189 196 2247 magnis
233 2198 276 2232 et
303 2188 496 2233 honestis
519 2188 565 2231 in
592 2187 722 2230 rebus
754 2184 943 2228 multum
977 2185 1068 2243 ipse
1098 2186 1267 2230 animus
1298 2187 1344 2229 in
1377 2203 1422 2231 se

29 2258 200 2303 fiduciae
221 2268 338 2304 certa
358 2273 459 2303 cum
486 2273 565 2316 spe
587 2255 832 2301 collocavit.
860 2255 1073 2299 Patientia
1097 2264 1161 2299 est
1182 2256 1421 2300 honestatis

30 2339 104 2374 aut
123 2330 322 2374 utilitatis
343 2344 470 2374 causa
492 2342 637 2372 rerum
660 2325 896 2370 arduarum
919 2340 968 2369 ac
991 2324 1236 2369 difficilium
1262 2327 1420 2371 volun-

29 2400 134 2445 taria
156 2416 205 2444 ac
234 2400 442 2444 diuturna
474 2397 704 2457 perpessio.
735 2396 1059 2439 Perseverantia
1090 2404 1154 2439 est
1176 2396 1220 2439 in
1255 2397 1422 2441 ratione

29 2473 140 2516 bene
163 2473 435 2518 considerata
465 2470 630 2516 stabilis
660 2479 703 2513 et
725 2477 935 2527 perpetua
958 2469 1218 2526 permansio.
1239 2472 1424 2528 Tempe-

30 2543 167 2588 rantia
198 2553 262 2587 est
293 2542 470 2587 rationis
490 2541 536 2585 in
557 2538 784 2584 libidinem
812 2547 944 2596 atque
968 2537 1013 2581 in
1044 2538 1149 2582 alios
1174 2553 1264 2582 non
1288 2549 1426 2583 rectos

217 2623 348 2653 chv.
1213 2609 1239 2647 2
