1790 3187
1767 0 1790 147 -—··—-j

361 228 438 264 102
792 236 821 262 S·
864 238 1087 263 AUGFSTml
1122 238 1299 263 Evlscom

359 322 378 346 «
401 303 557 346 Omnia
579 303 808 361 peripsum
829 299 941 345 facta
963 303 1105 356 sunt¹,
1134 320 1154 342 »
1180 303 1332 361 utique
1353 318 1429 362 per
1453 303 1628 359 Filium,
1647 305 1729 352 hoc

357 381 419 416 est
438 387 513 431 per
537 372 728 415 Verbum
755 371 830 414 Dei
853 390 862 415 ε
887 387 910 414 a
933 387 1045 430 quo,
1077 371 1155 415 nisi
1184 387 1204 414 a
1239 375 1388 416 Patre?
1407 376 1628 434 Nusquam
1651 388 1747 419 au-·

353 452 438 487 tem
465 443 672 501 scriptum
694 451 771 496 est,
797 441 916 501 quod
948 442 1083 485 Filius
1106 457 1181 501 per
1204 446 1371 486 Patrem
1402 444 1589 504 aliquam
1614 460 1731 490 crea-

352 523 494 558 turam
519 524 720 572 operatus
750 513 817 556 sit.
847 515 953 556 Item
984 514 1186 572 scriptum
1211 523 1297 568 est,
1331 514 1450 574 quod
1484 515 1625 573 imago
1648 518 1733 560 Pa«

355 585 431 628 tris
473 585 526 628 sit
558 583 727 627 Filius²
761 602 770 628 z
803 599 1016 643 nusquam
1056 593 1200 627 autem
1236 585 1443 644 scripturn
1485 594 1570 640 est,
1614 585 1732 645 quod

356 656 498 713 imago
522 654 621 698 Filii
655 655 708 698 sit
736 657 876 698 Pater.
916 655 1078 698 Deinde
1107 654 1225 714 quod
1250 653 1321 698 ille
1355 656 1538 714 genitor,
1563 653 1637 698 ille
1659 672 1734 715 ge·

356 725 495 776 nitusg
530 733 573 768 et
608 733 762 768 caetera
798 724 1119 785 hujuscemodi,
1163 740 1261 783 quae
1294 741 1381 769 non
1421 726 1475 769 ad
1512 725 1735 785 aequalita-
1787 746 1790 771 ;

356 802 443 838 tem
473 795 750 848 substantiae,
777 795 850 838 sed
873 795 926 838 ad
950 794 1256 854 proprietatem
1290 797 1508 854 pertinent
1535 811 1737 854 persona·
1787 815 1790 834 τ

357 882 453 909 rum
492 885 500 911 :
537 867 581 909 in
619 866 778 925 quibus
809 865 871 909 illi
900 865 1191 926 aequalitatem
1215 881 1315 910 cum
1343 866 1495 910 dicunt
1527 882 1614 910 esse
1650 883 1738 913 non
1788 894 1790 907 ι

359 951 506 995 posse,
531 938 736 996 quoniam
761 935 925 980 adhaec
942 935 1207 996 penetranda
1229 937 1452 981 crassiores
1475 945 1640 981 mentes
1661 936 1739 982 ad·
1763 968 1765 971 -
1786 943 1790 987 i

358 1006 541 1060 hibent,
563 1007 754 1065 pondere
773 1007 1039 1051 auctoritatis
1066 1006 1246 1065 urgendi
1269 1016 1385 1051 sunt.
1409 1007 1450 1051 Si
1473 1007 1588 1050 enim
1611 1007 1655 1050 in
1676 1008 1740 1053 his

358 1093 448 1121 non
478 1087 619 1136 posset
648 1077 831 1137 intelligi
857 1078 1081 1138 aequalitas
1117 1081 1206 1139 ejus
1237 1094 1313 1138 per
1342 1093 1472 1138 quem
1504 1078 1615 1122 faeta
1642 1082 1742 1124 sunt

358 1148 504 1192 omnia
533 1158 576 1192 et
604 1150 694 1206 ejus
722 1165 744 1192 a
773 1165 862 1209 quo
895 1149 1006 1193 facta
1038 1159 1161 1203 sunt,
1199 1149 1396 1207 imaginis
1428 1157 1471 1192 et
1500 1149 1592 1208 ejus
1622 1149 1743 1208 cujUS

357 1219 500 1276 imago
523 1228 601 1272 est,
629 1220 760 1277 geniti
785 1229 826 1262 et
849 1221 1074 1277 genitoris,
1099 1219 1222 1263 nullo
1244 1219 1375 1263 modo
1394 1217 1624 1279 Apostolus
1645 1234 1742 1264 con·-

358 1289 643 1333 tentiosorum
678 1290 907 1333 hominum
930 1306 1003 1333 ora
1035 1289 1301 1333 concludens
1322 1290 1462 1349 ipsum
1493 1290 1621 1333 etiam
1644 1305 1741 1334 ver-

354 1361 459 1404 bum
484 1370 679 1418 poneret,
706 1360 875 1414 dicens,
912 1380 931 1402 «
959 1362 1053 1406 Non
1079 1361 1274 1420 rapinam
1301 1360 1533 1404 arbitratus
1562 1370 1625 1407 est
1653 1370 1741 1406 esse
1788 1382 1790 1404 :

363 1451 380 1473 >1
407 1429 586 1490 aequalis
613 1432 738 1474 Deo3.
765 1449 784 1471 »

421 1503 482 1545 2⁰.
516 1504 627 1545 Cum
662 1516 763 1558 ergo
800 1517 848 1544 ea
881 1517 978 1560 quae
1001 1500 1054 1544 ad
1075 1500 1395 1544 distinctionem
1416 1500 1551 1544 Patris
1584 1509 1627 1544 et
1648 1499 1744 1546 Filii
1764 1531 1780 1562 ,-

357 1572 515 1630 scripta
545 1581 668 1626 sunt,
709 1572 882 1630 partim,
902 1581 1078 1630 propter
1108 1587 1391 1630 personarum
1433 1572 1741 1631 proprietates,
1765 1562 1790 1614 lt

360 1644 515 1702 partim
552 1652 728 1702 propter
754 1643 1068 1701 susceptionem
1104 1642 1310 1695 hominis,
1351 1642 1409 1685 ita
1443 1643 1601 1701 scripta
1637 1643 1742 1701 sint,

359 1714 465 1756 dum
488 1722 631 1757 tamen
651 1713 808 1755 divinae
826 1713 1078 1755 substantiae
1104 1712 1238 1755 Patris
1255 1721 1297 1754 et
1316 1711 1414 1755 Filii
1435 1711 1571 1756 deitas
1593 1722 1635 1755 et
1656 1712 1745 1756 uni-

361 1793 424 1827 tas
466 1794 509 1827 et
538 1782 761 1843 aequalitas
796 1792 967 1826 maneat
1001 1802 1009 1826 :
1041 1792 1154 1826 recte
1188 1782 1398 1842 quaeritur
1432 1783 1477 1825 in
1507 1783 1590 1826 hoc
1626 1782 1742 1839 loco,
1787 1807 1790 1819 =

359 1863 508 1898 utrum
547 1854 787 1897 secundum
827 1869 1107 1912 personarum
1147 1854 1458 1912 proprietates,
1496 1869 1550 1897 an
1595 1868 1747 1897 secun·
1788 1887 1790 1907 ς

361 1925 468 1968 dum
504 1925 692 1968 hominis
725 1926 1039 1983 susceptionem
1065 1924 1297 1982 Apostolus
1319 1925 1494 1979 dixerit,
1524 1943 1542 1965 «
1566 1926 1688 1968 Tunc
1707 1931 1761 1969 et*
1789 1927 1790 1980 ζ

365 1996 500 2055 »ipse
535 1995 671 2040 Filius
710 1997 928 2056 subjectus
961 1996 1040 2038 erit
1083 1996 1146 2049 ei,
1191 1995 1264 2055 qui
1297 1996 1482 2055 subjecit
1512 1996 1699 2040 omnia4.
1724 2013 1743 2037 »
1787 1988 1790 2037 Ϊ

365 2067 483 2112 Solet
498 2068 819 2111 circumstantia
842 2067 1075 2125 Scripturae
1096 2065 1343 2110 illuminare
1359 2067 1635 2121 sententiam,
1650 2081 1761 2110 cum'
1787 2082 1790 2101 ³

363 2154 411 2182 ea
431 2154 531 2198 quae
553 2139 664 2182 circa
687 2139 843 2196 scripta
861 2147 978 2193 sunt,
999 2147 1255 2197 praesentem
1279 2138 1564 2197 quaestionem
1588 2139 1750 2182 contin-

364 2209 521 2266 gentia,
540 2208 737 2265 diligenti
761 2209 1026 2252 discussione
1055 2217 1307 2252 tractantur.
1334 2209 1582 2252 Invenimus
1605 2208 1759 2267 itaque:
1788 2254 1790 2259 ⁴

362 2278 420 2322 ita
444 2288 623 2323 ventum
647 2294 736 2322 esse
759 2279 814 2322 ad
845 2279 960 2323 hunc
980 2278 1142 2332 locum,
1161 2288 1209 2322 ut
1232 2294 1359 2338 supra
1379 2278 1559 2332 diceret,
1583 2297 1604 2321 «
1627 2218 1765 2352 Nunc!
1788 2296 1790 2302 ¹

364 2368 384 2391 »
410 2359 555 2393 autem
585 2350 783 2395 Christus
816 2350 1000 2394 surrexit
1024 2366 1045 2394 a
1071 2350 1267 2406 mortuis,
1296 2350 1497 2409 primitiae
1524 2349 1748 2394 dormien-

365 2439 385 2462 »
423 2421 573 2464 tium5.
601 2439 621 2461 η
651 2421 818 2478 Agebat
859 2421 974 2464 enim
1007 2421 1062 2464 de
1097 2421 1409 2465 resurreetione
1447 2430 1745 2476 mortuorum,

361 2489 482 2551 quod
503 2491 547 2534 in
572 2492 753 2534 Domino
770 2490 1012 2535 secundum
1034 2491 1351 2550 susceptionem
1375 2490 1561 2535 hominis
1584 2490 1763 2580 sactum¹

414 2583 421 2598 ¹
442 2578 533 2607 Joan.
553 2588 574 2615 ι,
596 2576 689 2607 3.—²
703 2575 821 2608 coloss.
838 2574 954 2609 ιαμ-3
966 2576 1079 2619 Philip.
1100 2587 1138 2617 11,
1150 2574 1249 2608 6.-4
1271 2587 1283 2608 ι
1300 2578 1373 2609 Cor.
1391 2586 1447 2618 xv,
1469 2573 1677 2609 28.-⁵1hid.
1693 2581 1762 2621 200,
