1790 3187
594 224 789 252 Ens'rom
825 225 896 252 xL.
1359 214 1442 252 415

56 288 308 347 protuleris,
330 288 363 332 si
386 288 508 333 aliter
529 289 666 348 sapit,
692 290 768 348 qui
788 298 939 334 contra
961 289 1140 346 nititur,
1164 289 1280 334 dicet
1302 290 1413 334 illud
1429 324 1440 345 ,

56 358 177 419 quod
213 358 430 418 prolatum
466 360 569 415 erit,
606 360 788 404 honesto
820 360 966 420 aliquo
1004 361 1149 406 officio
1188 361 1443 420 scriptorem

57 428 188 475 fuisse
217 430 464 475 mentitum.
495 430 580 476 Ubi
602 430 718 475 enim
741 432 824 476 'noc
847 447 936 476 non
961 432 1144 491 poterit,
1169 431 1202 476 si
1228 432 1371 490 potuit
1398 432 1444 475 in

56 514 104 545 ea
118 500 387 556 narratione,
413 517 545 561 quam
566 516 740 547 exorsus
764 503 998 561 Apostolus
1016 504 1096 558 ait,
1126 522 1146 546 «
1168 505 1277 556 Quae
1299 511 1442 546 autem

61 590 80 614 »
105 572 248 617 scribo
278 572 429 628 vobis,
461 588 560 618 ecce
591 589 737 618 coram
771 577 861 619 Deo
891 575 992 634 quia
1028 591 1116 619 non
1148 574 1386 628 menti0r1‚
1422 592 1442 614 »

55 643 174 689 credi
193 644 486 705 affirmarique
506 645 740 701 mentitus,
766 661 817 690 eo
835 645 932 691 loco
956 646 1032 690 ubi
1051 646 1157 691 dixit
1179 645 1234 691 de
1256 649 1384 690 Petro
1402 654 1446 690 et

6 774 7 778 Ἰ
55 714 250 759 Barnaba
268 749 278 769 ‚
312 735 331 757 «
360 717 472 761 Cum
497 716 715 772 viderem,
741 718 843 776 quia
871 733 960 762 non
991 728 1105 762 recte
1137 716 1446 777 ingrediuntur

6 845 7 850 1
58 803 78 831 »
104 786 158 830 ad
180 787 403 831 veritatem
432 788 714 848 Evangelii2?
738 808 757 831 »
787 790 828 835 Si
851 790 965 834 enim
990 800 1105 835 recte
1132 789 1194 834 illi
1226 789 1444 848 ingredie-

6 856 8 903 ἶ
54 856 239 913 bantur,
263 858 343 903 iste
365 861 573 905 mentitus
591 870 654 905 est
683 879 691 905 :
716 861 749 905 si
774 869 919 905 autem
944 861 1004 905 ibi
1029 862 1237 906 mentitus
1260 869 1344 915 est,
1371 860 1447 903 ubi

55 942 206 973 verum
225 927 440 974 dixitPAn
459 931 518 975 ibi
537 946 687 975 verum
703 930 854 974 dixisse
869 930 1104 985 videbitur,
1128 930 1205 974 ubi
1222 931 1304 974 hoc
1323 930 1446 973 dixe-

7 1015 10 1050 5
54 997 124 1052 rit,
138 999 258 1058 quod
272 999 410 1045 lector
428 1001 564 1059 sapit3
584 1015 686 1044 cum
701 1015 805 1045 vero
821 1009 973 1045 contra
992 1016 1166 1046 sensum
1177 999 1350 1044 lectoris
1366 1000 1446 1044 ali-

8 1063 9 1126 s
53 1068 160 1129 quid
196 1071 456 1126 occurrerit,
497 1071 693 1116 officioso
730 1071 958 1116 mendacio
988 1071 1315 1131 deputabitur?
1349 1073 1447 1117 Non

8 1155 11 1186 ῑ
55 1140 170 1184 enim
192 1140 340 1187 deesse
363 1151 570 1201 poterunt
592 1158 755 1197 causae,
784 1157 863 1186 cur
889 1142 1157 1187 existimetur
1186 1158 1275 1186 non
1306 1141 1448 1186 solum

10 1249 11 1259 ,
54 1213 246 1271 potuisse
266 1249 276 1269 ,
312 1229 461 1258 verum
486 1215 616 1258 etiam
644 1213 846 1258 debuisse
871 1215 1068 1269 mentiri,
1094 1214 1128 1259 si
1150 1214 1253 1258 huic
1284 1212 1449 1272 regulae

10 1299 12 1307 ’
56 1282 312 1333 conceditur
327 1283 464 1329 locus.
489 1287 587 1330 Non
606 1300 715 1345 opus
734 1294 797 1330 est
817 1286 931 1330 hanc
949 1301 1121 1330 causam
1141 1285 1289 1330 multis
1305 1285 1448 1329 verbis

57 1368 211 1413 agere,
239 1357 477 1414 praesertim
499 1356 617 1415 apud
645 1366 711 1411 te,
739 1357 809 1401 cui
836 1357 1051 1416 sapienter
1072 1357 1320 1417 providenti
1353 1356 1447 1400 dic-

12 1440 13 1447 *
58 1435 151 1470 tum
172 1436 236 1471 sat
258 1436 334 1472 est.
361 1430 646 1488 Nequaquam
669 1444 772 1473 vcro
797 1429 903 1472 mihi
927 1430 1213 1487 arrogaverim
1228 1463 1237 1481 ,
1265 1437 1314 1472 ut
1335 1428 1449 1485 inge-

58 1498 178 1542 nium
200 1507 347 1553 tuum,
373 1498 524 1544 divino
545 1498 662 1544 dono
686 1515 887 1554 aureum,
910 1500 1014 1543 meis
1034 1499 1173 1544 obolis
1196 1500 1333 1542 ditare
1351 1514 1449 1542 con-

14 1609 16 1614 .
59 1568 236 1613 tendam
265 1590 272 1614 :
305 1585 384 1615 nec
409 1580 473 1615 cst
500 1570 732 1631 quisquam
757 1580 800 1614 te
830 1571 967 1630 magis
994 1570 1199 1625 idoneus,
1237 1570 1312 1630 qui
1341 1584 1450 1629 opus

14 1636 16 1685 ἔ
57 1638 166 1687 illud
185 1641 403 1685 emendet.

117 1714 192 1756 IV.
228 1715 380 1772 Neque
405 1712 520 1756 enim
544 1729 568 1756 a
600 1728 669 1757 me
705 1712 927 1757 docendus
956 1728 999 1756 es
1034 1712 1258 1771 quomodo
1285 1710 1451 1755 intelli-

59 1792 206 1841 gatur,
238 1783 357 1844 quod
391 1782 496 1828 dicit
529 1802 537 1827 :
575 1802 593 1825 «
629 1787 788 1828 Factus
818 1799 913 1828 sum
940 1783 1103 1828 Judaeis
1136 1792 1344 1843 tanquam
1369 1785 1451 1826 Ju-

63 1873 82 1895 »
112 1855 259 1909 daeus,
292 1864 339 1898 ut
362 1854 541 1900 Judaeos
568 1854 900 1899 lucrifacerem3
924 1874 932 1899 :
968 1874 987 1896 »
1018 1864 1060 1899 et
1081 1863 1235 1899 caetera
1265 1870 1364 1913 quae
1390 1853 1453 1897 ibi

17 1927 19 1978 'f
60 1924 268 1969 dicuntur
290 1926 589 1985 compassione
609 1925 936 1980 misericordiae,
963 1941 1051 1970 non
1075 1924 1350 1969 simulatione
1366 1923 1452 1968 fal-

18 2010 19 2051 }
60 1995 196 2045 laciae.
224 1997 294 2041 Fit
316 1997 433 2040 enim
459 2006 666 2057 tanquam
686 2006 898 2056 aegrotus,
920 1998 995 2057 qui
1019 1997 1234 2041 ministrat
1253 2004 1418 2054 aegroto
1441 2013 1449 2038 ι

18 2063 21 2110 ³.
61 2081 149 2116 nou
173 2082 274 2111 cum
297 2082 341 2111 se
359 2066 502 2112 febres
524 2067 686 2111 habere
707 2068 917 2112 mentitur
936 2103 946 2122 ‚
967 2067 1042 2111 sed
1061 2082 1161 2111 cum
1185 2067 1330 2110 animo
1349 2081 1453 2110 con-

19 2173 21 2181 ,
52 2137 248 2190 ,dolentis
276 2139 465 2197 cogitat,
507 2138 881 2199 quemadmodum
919 2139 1002 2184 sibi
1036 2139 1184 2184 serviri
1221 2136 1375 2191 vellet,
1419 2137 1454 2180 si

20 2227 21 2266 ᾗ
62 2209 152 2269 ipse
189 2219 435 2268 aegrotaret.
474 2212 583 2256 Nam
623 2211 775 2270 utique
813 2210 994 2255 Judaeus
1031 2219 1146 2267 erat3
1185 2209 1457 2254 Christianus

65 2289 206 2325 autem
222 2281 387 2336 factus,
408 2296 496 2325 non
513 2280 768 2326 Judaeorum
788 2283 1064 2326 Sacramenta
1083 2279 1338 2339 reliquerat,
1357 2294 1457 2339 quae

22 2369 23 2374 ¹
65 2351 372 2401 convenienter
394 2350 466 2395 ille
488 2351 678 2411 populus
701 2360 744 2396 et
766 2351 961 2410 legitimo
988 2360 1183 2411 tempore
1205 2366 1294 2411 quo
1322 2364 1456 2409 opor-

69 2422 184 2466 tebat
203 2457 214 2477 ,
235 2432 473 2482 acceperat.
500 2425 654 2483 Itaque
675 2423 863 2482 suscepit
879 2438 926 2466 ea
946 2421 1226 2478 celebranda,
1251 2436 1350 2466 cum
1366 2421 1456 2480 jam

23 2495 25 2497 ’
67 2492 224 2538 Christi
247 2502 358 2538 esset
374 2493 607 2553 Apostolus
623 2513 634 2552 3
654 2492 730 2539 sed
746 2501 794 2537 ut
810 2492 986 2538 doceret
1003 2509 1093 2538 non
1110 2507 1199 2538 esse
1216 2492 1457 2553 perniciosa

116 2583 125 2599 ¹
147 2577 393 2614 Gal.1.2o.—
411 2585 421 2601 ²
442 2578 486 2610 td.
512 2589 545 2617 ιι,
567 2577 617 2621 ι’..
636 2596 674 2602 --
694 2576 706 2601 3
728 2588 739 2610 ι
764 2580 837 2612 Cor.
857 2587 901 2619 ix,
922 2587 975 2611 ‘20-
