1790 3187
295 233 378 271 472
739 248 770 272 s.
811 246 1040 273 AUGI'STINI
1074 247 1254 273 EPISCOP!

291 318 459 369 potest,
485 309 530 352 in
553 309 633 352 illis
659 309 859 353 omnibus
892 311 1109 368 partibus,
1139 310 1255 354 unde
1274 311 1371 355 istas
1387 320 1519 355 terras
1540 313 1677 355 Evan-

293 379 455 438 gelium
477 380 635 424 Christi
659 379 874 438 perfudit,
900 396 979 424 nec
1000 396 1160 424 nomen
1188 381 1338 424 Donati
1356 381 1452 425 sciri
1468 417 1477 435 ,
1504 396 1584 425 nec
1605 396 1677 426 no-

290 465 392 494 men
410 451 600 495 Macarii.
626 452 778 494 Vestra
800 452 1070 511 autem*quia
1098 452 1253 495 Donati
1276 467 1370 510 pars
1388 452 1572 507 dicitur,
1600 467 1679 496 uec

288 538 365 569 vos
382 538 540 581 negare
558 524 735 581 potestis
749 558 763 578 ,
784 532 827 567 et
848 524 1049 568 omnibus
1066 533 1220 568 notum
1243 532 1306 567 est
1328 523 1594 581 ubicumque
1616 531 1680 566 est

288 602 428 637 vestra
445 592 710 637 communio.
734 594 920 650 Dignare
943 609 1047 652 ergo
1073 594 1307 638 rescribere
1329 593 1455 637 nobis
1470 627 1481 647 ‚
1503 601 1553 636 ut
1572 593 1681 636 scia—

288 677 384 706 mus
401 662 624 722 quomodo
641 663 733 707 fieri
754 664 909 723 possit,
931 673 980 709 ut
998 664 1233 709 Ecclesiam
1257 679 1379 708 suam
1402 663 1597 708 Christus
1626 661 1682 706 de

291 741 382 777 toto
409 734 516 778 orbe
546 732 813 793 perdiderit,
853 742 894 778 et
922 735 967 778 in
1004 735 1126 779 vobis
1154 734 1252 779 solis
1282 734 1440 778 habere
1467 732 1678 792 coeperit:

287 812 481 849 vestrum
504 804 620 848 enim
651 813 713 848 est
738 804 832 848 haec
852 804 1079 848 ostendere
1110 824 1118 849 ε
1151 820 1251 848 nam
1275 804 1401 848 nobis
1433 804 1595 848 sufficit
1627 801 1682 846 ad

288 889 460 919 causam
481 884 672 920 nostram
697 875 817 934 quod
845 875 1052 934 compleri
1073 875 1347 935 prophetiam
1370 884 1413 919 et
1442 874 1684 934 Scripturas

289 954 458 989 sanctas
476 961 554 1004 per
575 946 726 990 orbem
744 955 958 990 terrarum
981 945 1194 990 videmus.
1218 948 1311 990 Hoc
1334 953 1480 989 autem
1496 960 1577 1004 ego
1593 946 1685 988 Au-

289 1017 490 1076 gustinus
509 1017 670 1060 dictavi
695 1036 704 1060 :
725 1017 826 1076 quia
851 1015 956 1061 olim
976 1017 1077 1061 volo
1094 1016 1215 1076 loqui
1238 1016 1340 1060 inde
1362 1026 1523 1060 tecum.
1551 1014 1684 1058 Vide-

288 1096 361 1131 tur
386 1087 505 1130 enim
521 1086 628 1129 mihi
644 1121 654 1141 ,
682 1086 752 1130 vel
774 1096 952 1146 propter
973 1088 1109 1146 ipsam
1133 1087 1426 1142 vicinitatem,
1463 1100 1585 1144 posse
1606 1100 1685 1129 nos

287 1172 364 1216 per
384 1156 550 1202 litteras
573 1156 628 1201 de
649 1157 730 1201 hac
754 1165 795 1201 te
817 1157 1010 1217 colloqui
1030 1158 1120 1201 sine
1143 1157 1289 1217 aliquo
1311 1157 1531 1210 tumultU‚
1562 1154 1684 1214 adju-

289 1236 419 1272 vante
439 1230 529 1272 Deo
547 1262 559 1284 ‚
584 1235 799 1288 quantum
816 1227 908 1287 ipsa
931 1227 1158 1272 necessitas
1175 1226 1384 1286 postulat.

291 1370 1681 1391 NWBWUWWWWWUNUWWWWVWUSNWWWWRNMWVWMWWWWWWWWWW

762 1496 1092 1544 EPJSTOLA
1134 1498 1169 1542 L
1191 1496 1224 1542 ¹.

291 1628 483 1662 Auctoribus
496 1638 535 1661 ac
550 1629 748 1671 principibus
765 1629 817 1661 vel
833 1629 1011 1661 senioribus
1034 1630 1165 1662 coloniae
1184 1629 1379 1662 Suffectanae
1395 1629 1686 1664 AUGUSTINUS

895 1695 1075 1727 episcopus.

295 1802 597 1863 Augustinus
630 1800 926 1864 Szffeetatzz's
962 1801 1276 1862 expostulans
1306 1800 1365 1847 (le
1394 1802 1490 1848 LX
1522 1800 1687 1846 Chris-

357 1872 597 1915 tianorum
615 1887 730 1916 nece
743 1907 758 1928 ,
775 1871 1101 1931 pollicensque
1123 1889 1258 1918 suum
1280 1871 1372 1917 illis
1393 1871 1688 1917 reddendum

355 1940 635 1986 Herculem.

357 2077 391 2118 1.
429 2077 721 2120 ΙΜΜΑΝῙΤΑΤιε
752 2084 905 2120 vestrae
929 2075 1260 2121 famosissimum
1287 2077 1447 2132 scelus,
1473 2085 1517 2120 et
1542 2077 1688 2135 inopi-

297 2155 399 2190 nata
415 2146 648 2190 crudelitas
667 2156 826 2190 terram
848 2148 1043 2191 concutit
1063 2182 1073 2202 ‚
1099 2157 1140 2191 et
1159 2148 1346 2206 percutit
1367 2147 1530 2191 coelum
1550 2182 1561 2201 ,
1583 2156 1630 2190 ut
1644 2147 1689 2190 in

297 2216 449 2275 plateis
472 2232 521 2261 ac
545 2217 739 2261 delubris
765 2219 914 2261 vestris
936 2218 1103 2262 eluceat
1126 2219 1320 2277 sanguis,
1347 2227 1390 2261 et
1413 2227 1583 2262 resonet
1606 2218 1689 2262 ho-

299 2286 538 2331 micidium.
573 2286 704 2346 Apud
728 2302 800 2332 vos
825 2290 1034 2331 Romanae
1061 2288 1243 2346 sepultae
1270 2297 1371 2332 sunt
1392 2287 1506 2346 leges
1523 2323 1533 2343 ‚
1566 2287 1689 2347 judi-

299 2357 466 2401 ciorum
500 2366 717 2401 rectorum
747 2357 936 2401 calcatus
960 2367 1023 2401 est
1050 2367 1201 2401 terror.
1231 2361 1545 2416 Imperatorum
1573 2365 1688 2400 certe

298 2425 419 2471 nulla
438 2428 658 2472 veneratio
676 2443 756 2472 nec
777 2428 918 2472 timor.
948 2428 1078 2487 Apud
1100 2444 1172 2473 vos
1199 2430 1275 2472 LX
1303 2443 1486 2472 numero
1504 2426 1687 2470 fratrum

348 2531 355 2545 ¹
380 2524 460 2556 Alia<
478 2535 568 2555 cccxv
586 2533 615 2556 ιι.
650 2536 717 2566 quae
738 2529 843 2556 autem
872 2536 885 2555 L
913 2530 993 2559 erat,
1028 2536 1110 2555 nunc
1139 2536 1271 2556 cmxxv.
1295 2525 1474 2565 *Scripta
1502 2524 1587 2555 sorte
1603 2533 1685 2556 anno

307 2581 367 2620 Ὦς)
