1790 3187
582 259 778 287 nris-rom
815 259 936 285 xxm.
1369 244 1452 284 345

69 328 206 370 bonus
219 325 352 385 judex
375 326 469 382 lego
487 325 607 384 quod
625 323 864 382 scripserim
885 358 894 377 ,
914 322 985 366 sed
1007 332 1080 367 aut
1099 322 1290 366 timidior
1308 331 1426 366 recto
1442 358 1450 371 ‚

64 406 138 442 aut
160 396 374 456 cupidior.
414 395 551 439 Video
578 395 708 439 etiam
736 394 958 438 interdum
981 394 1082 438 vitia
1108 408 1226 450 Γαρεις
1259 393 1332 437 sed
1362 394 1454 437 haec

64 467 176 511 malo
204 466 354 511 audire
383 483 404 509 a
442 465 692 510 melioribus
708 501 718 519 ‚
752 481 806 508 ne
829 480 928 508 cum
955 480 1023 508 me
1045 473 1160 509 recte
1182 463 1363 508 fortasse
1386 479 1454 508 re-

63 537 356 598 prehendero,
384 553 529 581 rursus
548 537 653 580 mihi
670 535 895 593 blandiar3
921 544 963 578 et
986 533 1285 580 meticulosam
1309 535 1453 594 potius

64 608 166 653 mihi
189 607 335 652 videar
355 607 401 651 in
422 623 492 652 me
507 642 518 662 ,
539 621 671 667 quam
690 607 851 666 justam
877 605 1022 651 tulisse
1044 605 1321 650 sententiam.

70 756 138 771 Wfbl
143 756 307 771 γινννὶυννὶ
313 754 661 771 Μωῆνννννννῑννὶὶὶ
667 754 732 770 νννὶ
739 752 1453 770 WWWWWWWWWUUWWMWW

458 867 693 913 EPISTO
706 866 781 913 LA
830 867 991 912 xxlx
1012 860 1043 910 ¹.

59 1002 199 1046 Epistola
216 1002 399 1046 presbyteri
418 1001 668 1045 llipponcnsium
686 1002 851 1043 regionum
868 1000 909 1033 ad
925 1000 1139 1033 ALYPIUM
1159 999 1346 1043 episcopum
1365 999 1454 1033 'rha-

145 1060 337 1102 gastensium
354 1059 395 1092 dc
409 1058 463 1091 die
479 1058 590 1091 natalis
604 1058 730 1091 Leontii
747 1058 907 1101 quondam
922 1054 1066 1100 episcopi
1080 1056 1292 1099 Hipponensis
1303 1055 1362 1097 (9).

59 1177 356 1239 Augustinus
386 1174 642 1236 presbyter
657 1173 838 1235 Ah'pio
873 1172 1205 1235 Thagastensi
1231 1174 1454 1234 episcopo

116 1257 291 1292 narrat
314 1246 484 1305 quibus
507 1243 932 1291 adhortationibus
953 1244 1211 1291 obtinuerit
1242 1243 1450 1301 demum,

116 1329 165 1363 ut
203 1319 261 1363 H
260 1334 562 1378 ypponenses
605 1316 849 1363 Catholici
886 1316 1206 1362 abhorrerent
1247 1333 1278 1361 a
1311 1315 1453 1361 lita-u·-

116 1391 252 1434 riosis
274 1390 514 1446 conviviis,
538 1406 643 1447 quse
668 1391 714 1434 in
740 1399 1019 1434 sanctorum
1052 1387 1291 1434 natalitiis
1318 1386 1457 1450 apud·

116 1462 388 1523 Africanas
411 1461 640 1508 ecclesias
656 1460 903 1507 celebrare
921 1477 1023 1506 mos
1047 1471 1167 1505 erat.

55 1597 265 1657 (Prodit
280 1613 406 1642 nunc
416 1599 631 1660 primum
654 1613 716 1641 ετ
734 1597 845 1642 MS.
875 1594 1054 1640 Codice
1073 1596 1177 1641 RR.
1200 1595 1310 1640 ΡΙ).
1345 1594 1451 1639 Cis-

115 1669 415 1713 terciensium
449 1668 499 1715 S.
552 1670 721 1713 Crucis
755 1669 803 1713 in
840 1666 1114 1712 Jerusalem
1145 1667 1191 1711 in
1224 1663 1376 1721 Urbe,
1405 1666 1452 1710 in

114 1757 207 1799 quo
231 1751 368 1786 extat
397 1740 483 1785 sub
508 1739 654 1785 hocce
676 1738 873 1797 titula)

119 1881 150 1921 Ι.
192 1880 254 1921 ΠΕ
278 1877 453 1935 negotio
476 1877 648 1920 interim
669 1912 678 1931 ‚
704 1875 825 1936 quod
848 1891 935 1919 non
957 1890 1109 1919 curare
1133 1889 1221 1917 non
1248 1888 1419 1932 possum
1437 1909 1450 1928 ‚

58 1947 165 1992 nihil
187 1958 353 1992 certum
376 1948 564 1991 scribere
589 1948 727 2006 potui,
750 1948 928 1991 absente
943 1946 1075 1990 tratre
1092 1946 1313 1990 Machario
1341 1965 1352 2002 3
1376 1946 1451 2005 qui

59 2019 143 2064 cito
159 2018 318 2062 dicitur
332 2019 548 2062 rediturus
561 2019 630 2076 3⁵jet
649 2017 768 2078 quod
790 2021 873 2061 Deo
887 2018 1122 2076 adjuvante
1136 2016 1283 2075 peragi
1301 2024 1452 2075 potue-

60 2090 128 2145 rit,
154 2099 399 2149 peragetur.
420 2093 480 2133 De
498 2099 643 2133 nostra
664 2098 806 2133 autem
824 2104 904 2148 pro
923 2088 983 2132 eis
997 2086 1289 2132 sollicitudine
1311 2101 1454 2146 quan-

59 2177 189 2222 quam
210 2161 363 2205 fratres
381 2161 515 2205 nostri
538 2162 651 2206 cives
674 2162 748 2220 qui
773 2159 953 2204 aderant
975 2175 1148 2203 securos
1169 2161 1297 2203 suos²
1311 2158 1453 2202 facere

61 2242 264 2290 possent:
299 2241 443 2275 tannen
473 2230 602 2289 digna
632 2247 697 2274 res
729 2230 945 2290 epistolari
976 2229 1198 2290 colloquio
1217 2264 1227 2283 ‚
1251 2244 1340 2288 quo
1373 2243 1452 2272 nos

61 2302 244 2347 invicem
262 2302 554 2356 consolamur,
585 2318 608 2345 a
630 2302 815 2346 Domino
833 2301 1019 2361 praestita
1045 2309 1106 2343 est
1133 2320 1143 2356 3
1169 2300 1213 2343 in
1235 2314 1323 2358 quo
1346 2313 1450 2357 pro-

64 2373 266 2418 merendo
289 2373 477 2417 multum
502 2389 579 2418 nos
612 2373 784 2433 adjutos
822 2389 909 2417 esse
948 2372 1166 2416 credimus
1192 2372 1280 2430 ipsa
1310 2379 1448 2414 vestra

63 2442 370 2498 sollicitudine,
397 2460 497 2503 quac
533 2442 727 2503 profecto
764 2444 856 2487 sine
887 2442 1193 2502 deprecatione
1222 2457 1301 2502 pro
1325 2440 1450 2486 nobis

65 2530 151 2560 esse
173 2531 261 2560 non
281 2516 438 2575 potuit.

114 2620 118 2634 ’
136 2615 228 2646 Porro
244 2625 312 2656 quae
330 2614 404 2645 alias
427 2625 500 2646 uix
522 2619 603 2656 crat,
623 2625 705 2646 nunc
723 2624 834 2645 cuvu.
856 2613 982 2654 Scripta
1001 2622 1082 2644 anno
1102 2612 1238 2654 395.-—2
1256 2612 1361 2643 Forte
1380 2621 1444 2643 vos.
