1790 3187
596 199 794 228 mus-rom
827 200 934 228 xut.
1377 191 1455 230 421

70 283 187 313 mam
218 276 424 312 nostram.
459 270 523 311 Ita
552 275 637 319 est,
667 266 768 326 quia
795 267 853 311 ita
882 267 1144 326 promissum
1175 276 1268 326 est3
1292 268 1352 313 ita
1381 269 1463 314 erit

68 339 188 400 quod
208 346 362 391 restat,
381 337 490 382 sicut
508 338 764 396 promissum
782 347 859 381 est.
878 329 1168 383 obsecramus
1184 347 1225 382 te
1242 354 1317 397 per
1335 355 1435 384 eum
1449 374 1459 394 ‚

68 410 143 470 qui
168 410 246 453 tibi
269 409 348 453 ista
370 408 576 463 donavit,
598 419 638 453 et
661 409 872 468 populum
894 410 964 454 eui
981 410 1111 453 servis
1128 409 1209 454 hac
1228 425 1303 470 per
1325 420 1367 454 te
1387 411 1464 455 be-

67 479 317 526 nedictione
354 480 575 541 perfudit,
618 491 667 525 u't
694 482 849 540 jubeas
879 481 1098 541 singulos,
1132 497 1241 542 quos
1275 481 1464 527 volueris

67 569 286 598 sermones
313 568 464 597 eorum
498 553 765 612 conscriptos
785 588 795 608 ‚
827 563 870 598 et
899 554 1152 598 emendatos
1179 554 1295 597 mitti
1319 553 1459 598 nobis.

68 626 176 668 Nam
207 634 248 667 et
279 638 358 682 ego
391 622 510 683 quod
539 624 701 683 jussisti
730 639 817 667 non
850 623 1050 682 negligo,
1088 634 1130 667 et
1161 623 1216 667 de
1249 624 1464 681 Tychonii

66 704 231 754 septem
249 694 406 753 regulis
424 694 490 739 vel
511 694 724 750 clavibus,
742 695 854 738 sieut
868 710 980 753 saepe
993 695 1080 754 jam
1098 694 1262 752 scripsi,
1280 709 1465 753 eognos-

66 780 163 810 cere
185 765 292 825 quid
317 766 395 809 tibi
417 766 617 809 videatur
640 775 836 825 expecto.
865 768 1058 809 Fratrem
1084 765 1328 809 Hilarinum
1358 765 1464 824 Hip-

65 852 302 896 ponensem
325 837 600 880 Archiatrum
617 847 659 881 et
677 835 962 896 Principalem
978 836 1165 880 multum
1186 836 1463 881 commenda-

64 923 177 952 mus.
205 911 311 952 Nam
331 909 385 951 de
404 907 534 951 fratre
556 911 754 952 Romano
772 907 878 966 quid
897 917 1064 965 satagas
1084 907 1283 951 novimus
1303 942 1313 961 ‚
1335 905 1463 950 nihil-

64 994 151 1040 que
181 978 421 1039 petendum
448 988 513 1024 est
542 979 622 1023 nisi
646 988 694 1023 ut
725 988 766 1023 te
788 993 867 1038 pro
895 976 971 1023 illo
998 979 1175 1038 adjuvet
1208 978 1415 1024 Dominus
1447 996 1456 1023 :

65 1054 219 1095 Amen.

64 1207 134 1224 m
138 1208 349 1225 mmmmm
353 1208 1461 1226 mmmmmmmmmmwuwumwmmmmm

469 1328 788 1377 EPISTOLA
825 1330 963 1377 XLII
985 1330 1017 1377 ¹.

131 1466 271 1500 Dominis
290 1465 499 1499 laudabilibus
520 1466 549 1498 in
574 1466 699 1498 Christo
717 1465 924 1499 sanctissimis
947 1465 1102 1500 fratribus
1128 1466 1333 1502 PAULINO
1358 1471 1392 1500 et

297 1523 545 1556 THERASIAE
563 1524 856 1558 AUGUSTINUS
879 1525 910 1556 in
928 1524 1061 1556 Domino
1079 1523 1225 1556 salutem.

61 1655 362 1717 Augustinus
380 1653 610 1702 Paulino,
620 1655 869 1718 flagitans
890 1666 938 1700 ut
953 1655 1218 1700 litterarum
1240 1654 1458 1701 debitum

121 1723 328 1785 amplius
352 1741 482 1770 anno
514 1726 700 1789 integr-0
721 1742 815 1771 non
838 1726 1077 1773 redditum
1100 1727 1294 1773 exolvat
1304 1764 1319 1785 ,
1346 1729 1456 1772 mic-

123 1806 288 1857 tatque
305 1796 399 1842 sibi
416 1813 536 1857 opus
558 1798 788 1845 adversus
805 1799 1045 1861 Paganos
1058 1836 1074 1857 ,
1095 1816 1204 1845 cum,
1226 1799 1278 1845 id
1292 1801 1456 1862 peqfe·

122 1879 256 1914 cent.

61 1962 273 2023 (Prodit
300 1980 428 2009 nunc·
455 1966 667 2025 primum
699 1983 762 2011 ex
794 1969 1000 2013 corticeo
1038 1966 1203 2013 codice
1232 1969 1317 2028 qui
1344 1966 1456 2013 olim

120 2033 461 2081 Narbonensis
485 2036 827 2099 ecelesz'oefcu't,
862 2055 989 2085 nunc
1020 2055 1135 2085 vero
1162 2049 1234 2085 est
1262 2037 1458 2085 illustris

106 2105 327 2168 famz'lc'oe
349 2106 835 2169 Pleimarconensis.)

123 2245 161 2287 I.
195 2246 302 2289 NnM
325 2245 456 2288 etiam
478 2245 561 2290 hoc
583 2247 743 2306 sperari
770 2256 845 2291 aut
865 2247 1080 2306 expectari
1101 2255 1273 2306 posset,
1303 2255 1353 2291 ut
1378 2262 1456 2307 per

62 2313 241 2359 fratrem
267 2317 471 2360 Severum
498 2318 700 2376 rescripta
724 2318 1016 2376 flagitaremus
1033 2352 1044 2372 ‚
1069 2327 1156 2361 tam
1180 2318 1256 2362 diu
1281 2327 1367 2363 tam
1387 2334 1457 2363 ar-

63 2383 270 2430 dentibus
299 2388 425 2432 nobis
459 2403 481 2431 a
507 2398 647 2433 vestra
680 2390 890 2434 charitate
922 2405 1012 2434 non
1037 2388 1216 2434 reddita.
1243 2389 1361 2443 Quid
1393 2398 1458 2434 est

116 2498 124 2514 ¹
144 2495 242 2525 Porro
267 2506 336 2537 quae
361 2496 437 2527 alias
459 2507 520 2527 xm
551 2501 633 2535 erat,
650 2508 733 2529 nunc
749 2508 879 2528 ccxxsst.
895 2514 933 2520 -
950 2498 1069 2539 Scripta
1091 2502 1229 2530 exeunte
1254 2501 1364 2529 aestate
1380 2498 1453 2529 anni

66 2548 139 2591 397.
