1790 3187
280 198 363 237 530
803 208 1137 237 ammona-lomus.

280 273 458 318 ditione
480 272 754 319 carnalium
763 289 888 334 pene
908 273 1215 337 mergebatur
1225 273 1471 322 nobiscum
1490 275 1661 323 navis?

278 346 387 397 Quae
407 345 542 389 verba·
562 354 709 389 tamen
723 344 959 405 aliquando
978 355 1080 391 sun-t
1092 345 1426 407 duriora,quam
1439 356 1489 392 ut
1509 346 1661 392 referri

276 415 442 473 possint
463 417 521 460 ad
539 416 585 459 id
608 414 733 475 quod
752 419 968 476 Hyppone
991 425 1158 475 gestum
1181 417 1251 462 hic
1271 427 1487 472 narra—tur,
1503 416 1658 462 viden-

278 493 440 546 turque
469 485 587 532 dieta
614 487 758 546 potius
786 487 905 546 apud
930 488 1256 547 Carthaginem,
1276 503 1354 533 seu
1369 489 1488 548 apud
1508 489 1660 535 civita-

275 564 363 601 tem
388 557 435 602 in
457 573 543 618 qua
564 567 689 604 erant
704 557 844 604 multi
866 568 1169 619 spectatores*
1181 557 1494 606 theatrorum.

645 720 903 764 Annona-10
932 720 1026 777 (16)
1054 733 1152 781 pag.
1189 722 1291 764 359.

334 864 551 911 Possidius
565 881 603 911 c.
617 874 658 912 8.
672 865 729 913 E
722 870 1044 928 piscopatum‚
1056 869 1218 930 inquit,
1236 869 1477 928 suscipere
1494 874 1665 912 contra

276 950 458 980 morem
475 936 713 982 Ecclesiae
727 955 812 983 suo
825 940 1008 985 vivente
1027 940 1248 998 episcopo
1262 936 1515 998 presbyter
1532 953 1664 982 reeu-

274 1004 420 1051 sabat
435 1028 454 1061 ,·
476 1006 682 1066 dumque
705 1007 776 1053 illi
794 1010 908 1069 fieri
930 1008 1082 1054 solere
1103 1007 1167 1053 ab
1190 1007 1410 1053 omnibus
1431 1006 1664 1053 suadere-

274 1084 366 1132 tur,
396 1086 541 1134 atque
563 1077 616 1121 ia'
627 1080 801 1139 ignaro
818 1081 1155 1123 transmarinis
1174 1088 1219 1123 et
1234 1079 1491 1140 Africanis
1512 1078 1665 1123 eecle-

276 1147 360 1191 sice
395 1146 626 1207 exemplis
644 1147 955 1208 probaretur,
991 1148 1261 1208 compulsus
1298 1158 1442 1208 atque
1471 1158 1668 1194 coactus

273 1215 620 1262 succubuit...„
653 1217 799 1280 Quod
829 1219 878 1263 in
905 1235 956 1263 se
984 1220 1086 1278 ipso
1111 1228 1284 1279 postea
1301 1221 1422 1280 fieri
1450 1235 1546 1264 non
1582 1217 1666 1263 de-

280 1285 434 1332 buisse
456 1297 507 1332 ut
528 1289 632 1333 vivo
662 1304 747 1334 suo
778 1289 1000 1349 episeopo
1032 1288 1356 1346 ordinaretur,
1387 1298 1433 1334 et
1464 1287 1589 1333 discit
1623 1296 1669 1333 et

275 1359 482 1418 scripsit,
510 1369 713 1419 propter
735 1359 928 1406 concilii
948 1360 1433 1420 universalisfflicaeni)
1449 1359 1663 1404 vetitum.

273 1432 409 1474 Porro
421 1432 535 1476 hanc
553 1432 812 1491 dignitatem
829 1432 1013 1492 adeptus
1035 1442 1099 1477 est
1123 1449 1238 1478 anno
1259 1437 1360 1489 395,
1371 1434 1492 1493 juxta
1511 1435 1664 1490 Prosp.

274 1500 441 1546 Chron.
459 1502 715 1548 imminente
736 1503 897 1550 Christi
913 1503 1071 1559 Natali,
1088 1518 1143 1548 ex
1159 1503 1321 1549 Homil.
1348 1521 1456 1559 xxv,
1480 1503 1560 1548 int.
1590 1505 1663 1546 50.

709 1653 966 1696 ΑΝΝοΤΑΤῙο
995 1651 1091 1709 (17)
1121 1647 1236 1695 ibid.

341 1795 550 1841 Paulinus
571 1804 678 1841 tunc
698 1796 821 1843 Nolae
838 1797 894 1842 ab
915 1795 1211 1842 ecclesiasticis
1232 1795 1345 1841 curis
1363 1794 1474 1840 liber
1492 1793 1664 1852 agebat.

280 1865 453 1926 Quippe
469 1867 515 1910 in
529 1867 838 1912 Barcinonensi
855 1867 1030 1912 ecclesia
1044 1866 1409 1927 presbyterum‘se
1426 1862 1668 1910 consecrari

279 1936 350 1979 vix
373 1938 591 1982 consen-sit
614 1937 793 1983 demum
821 1954 868 1982 ea
892 1939 1159 1994 conditione,
1180 1938 1306 1983 sicuti
1323 1936 1378 1982 ad
1396 1937 1603 1982 Severum
1623 1934 1669 1978 in

281 2007 405 2065 epist.
433 2027 479 2052 v1
500 2008 667 2063 scribit,
696 2018 746 2052 ut
777 2009 919 2052 eidem
953 2009 1144 2054 ecclesiae
1180 2023 1270 2053 non
1298 2007 1548 2066 alligaretur
1573 2025 1582 2050 ε
1619 2005 1669 2048 in

281 2075 604 2122 sacerdotium
639 2087 826 2123 tantum
860 2077 1075 2134 Domini,
1110 2078 1270 2137 inquit,
1300 2093 1397 2122 non
1438 2076 1585 2121 etiam
1618 2075 1667 2118 in

282 2144 438 2192 locum
479 2147 688 2193 eeclesice
721 2148 970 2194 dedicatus
995 2165 1005 2193 :
1041 2151 1316 2207 Quapropter
1351 2146 1591 2192 Barcinone
1622 2146 1669 2189 in

281 2215 352 2261 die
383 2219 524 2265 Natali
554 2221 729 2265 Domini
750 2221 991 2276 ordinatus,
1012 2218 1112 2264 inde
1141 2234 1185 2263 se
1206 2218 1361 2265 Nolam
1386 2218 1549 2277 recepit
1570 2223 1668 2276 post

282 2291 444 2334 Pascha
480 2291 747 2352 insequentis
779 2292 882 2336 anni
919 2297 1001 2336 393
1037 2290 1255 2346 videlicet,
1291 2299 1367 2334 aut
1401 2293 1501 2334 394.
1528 2289 1667 2348 HuJ'us

281 2375 384 2405 vero
412 2361 496 2406 loci
519 2363 823 2422 episcopatum·-
842 2372 943 2408 ante
964 2377 1126 2408 annum
1152 2366 1247 2406 409<
1263 2361 1497 2420 suscepisse
1524 2360 1667 2419 ipsum

281 2446 368 2475 non
392 2431 544 2491 liquet.
