1790 3187
369 223 454 262 386
798 236 830 260 s.
868 233 1098 266 aufius'nm
1129 233 1312 262 m>1scoi³1

369 315 389 340 »
416 296 519 357 quia
546 304 717 356 tempus
747 295 919 355 gaudii,
943 305 986 344 et
1006 306 1178 359 tempus
1205 307 1268 343 est
1287 296 1455 343 luctus²
1479 315 1488 342 :
1511 313 1532 340 »
1555 297 1750 358 primum

366 367 589 415 attendere
617 366 797 423 debuit,
831 368 953 428 quod
989 367 1078 414 illic
1109 369 1318 415 Dominus
1351 369 1406 413 de
1431 368 1625 429 jejunio,
1659 385 1751 415 non

367 436 422 484 de
449 437 620 484 sabbati
641 438 809 498 jejunio
835 438 1114 499 loquebatur.
1142 439 1306 484 Deinde
1331 454 1433 485 cum
1450 440 1547 486 vult
1567 440 1752 500 intelligi

365 509 534 557 luctum
550 509 740 569 jejunio,
759 510 858 555 cibo
881 510 1091 569 gaudium
1114 509 1417 571 deputandum
1432 546 1444 567 ,
1465 526 1543 556 cur
1558 527 1650 557 non
1672 526 1751 556 co-

366 580 475 638 gitat
503 578 720 640 quidquid
748 589 810 626 est
831 580 941 626 illud
957 616 970 636 ,
1001 580 1123 643 quod
1143 582 1383 642 significare
1405 586 1520 628 Deus
1540 581 1680 628 voluit
1705 582 1753 627 in

365 664 417 694 eo
434 649 553 710 quod
569 650 780 710 scriptum
797 661 883 708 est,
906 668 1006 698 eum
1023 652 1093 697 die
1109 654 1296 713 septimo
1315 654 1574 714 requievisse
1591 653 1648 698 ab
1661 667 1752 698 om-

363 719 494 764 nibus
516 721 722 780 operibus
741 722 875 779 suis²,
894 738 985 769 non
1001 724 1063 768 ibi
1084 723 1256 769 luctum
1276 724 1569 784 significatum
1588 723 1751 779 fuisse,

363 790 441 835 sed
463 790 671 850 gaudium
689 811 700 838 ε
730 793 811 837 nisi
827 791 940 839 forte
955 795 1151 839 dicturus
1168 804 1233 840 est
1248 829 1260 851 ‚
1284 795 1331 839 in
1347 794 1420 839 illa
1436 795 1586 854 requie
1604 793 1683 838 Dei
1709 800 1752 846 et

363 860 704 907 sanctificatione
720 863 891 909 sabbati
909 865 1120 924 gaudium
1137 868 1162 910 J
1166 866 1321 921 udaeis,
1346 865 1516 910 luctum
1537 864 1754 924 significa-'r

363 938 460 976 tum
489 946 579 976 esse
600 933 870 979 Christianis.
895 937 953 981 Et
973 944 1120 980 tamen
1150 952 1232 981 nec
1260 936 1438 996 quando
1470 932 1754 980 sanctificavit

361 1003 478 1048 Deus
511 1003 626 1048 diem
665 1004 898 1064 septimum
919 1040 931 1062 ,
969 1007 1071 1066 quia
1106 1007 1153 1051 in
1180 1006 1258 1052 illo
1283 1007 1498 1066 requievit
1518 1005 1574 1049 ab
1607 1003 1753 1049 omni-i

362 1073 447 1118 bus
479 1074 685 1132 operibus
716 1075 824 1131 suiS,
867 1075 1034 1136 aliquid
1065 1077 1121 1122 de
1149 1078 1316 1138 jejunio
1341 1077 1412 1122 vel
1439 1075 1623 1136 prandio
1653 1075 1752 1119 sab-i

360 1141 455 1187 bati
481 1145 686 1203 expressit
706 1163 716 1189 z
740 1160 822 1190 nec
851 1160 950 1190 cum
978 1156 1126 1205 postea
1147 1147 1312 1206 populo
1338 1147 1523 1191 Hebraeo
1544 1146 1599 1190 de
1620 1145 1759 1204 ipsius*

360 1211 448 1257 diei
487 1216 789 1262 observatione
827 1217 1051 1263 mandavit
1074 1253 1086 1274 ,
1128 1217 1296 1278 aliquid
1329 1217 1385 1261 de
1431 1216 1648 1261 alimentis
1683 1212 1758 1259 vel

359 1285 583 1330 sumendis
607 1286 676 1333 vel
696 1302 788 1333 non
814 1288 1035 1332 sumendis
1066 1288 1240 1334 locutus
1268 1298 1346 1333 est.
1376 1288 1555 1332 Vacatio
1579 1293 1752 1329 tantum

362 1354 531 1402 homini
551 1372 575 1401 a
592 1359 678 1401 suis
691 1392 704 1413 ,
734 1359 804 1403 vel
821 1374 845 1402 a
869 1359 1096 1403 servilibus
1114 1358 1321 1418 operibus
1336 1358 1575 1416 imperatur
1592 1376 1603 1413 3
1621 1368 1762 1423 quam,
1789 1387 1790 1391 ,

362 1427 481 1484 prior
502 1427 694 1487 populus
715 1430 760 1474 in
782 1431 940 1475 umbra
957 1431 1171 1491 accipiens
1191 1429 1444 1474 futurorum
1461 1463 1472 1485 ,
1497 1428 1556 1473 sic
1586 1426 1761 1473 vacavit
1788 1437 1790 1463 ὲ

360 1497 417 1542 ab
442 1499 645 1557 operibus
661 1535 672 1555 ‚
698 1502 1071 1560 quemadmodum
1103 1517 1222 1546 nunc
1244 1501 1421 1546 Judaeos
1448 1514 1600 1545 vacare
1625 1512 1756 1543 cons-1*

360 1567 567 1627 picimus:
594 1587 684 1615 non
703 1581 751 1616 ut
773 1581 954 1632 putatur
981 1573 1146 1617 Judaeis
1165 1573 1412 1617 carnalibus
1434 1587 1523 1616 non
1545 1579 1661 1615 recte
1682 1570 1754 1614 in-

358 1639 657 1698 telligentibus
681 1677 692 1698 ,
724 1643 846 1702 quod
880 1653 996 1689 recte
1029 1644 1282 1702 intelligunt
1319 1643 1566 1688 Christiani.
1602 1644 1753 1699 Neque
1786 1647 1790 1675 1

361 1711 480 1753 enim
496 1712 650 1757 melius
667 1714 752 1757 hoc
771 1714 1051 1772 intelligimus
1074 1730 1207 1774 quam
1229 1715 1460 1774 Prophetae
1477 1749 1488 1768 ‚
1513 1714 1590 1770 qui
1606 1722 1753 1754 tamen

361 1794 413 1824 eo
436 1789 657 1840 tempore,
677 1798 766 1842 quo
784 1784 843 1827 ita
864 1785 957 1827 fieri
977 1786 1196 1842 oportuit,
1208 1791 1504 1827 servaverunt
1520 1782 1633 1826 hanc
1653 1780 1752 1825 sab·-

360 1849 453 1895 bati
470 1853 761 1906 vacationem
786 1869 919 1913 quam
946 1854 1090 1898 Judaei
1120 1863 1275 1913 putant
1298 1853 1442 1898 adhuc
1464 1868 1554 1898 esse
1577 1867 1751 1898 servan·-

359 1921 489 1968 dam:
510 1924 637 1969 Unde
651 1924 762 1969 illud
776 1935 854 1981 est,
871 1926 990 1985 quod
1006 1925 1198 1986 lapidare
1216 1930 1328 1970 Deus
1343 1926 1566 1970 hominem
1579 1924 1749 1984 jussit³¹‚
1758 1907 1790 1978 §fh

354 1985 438 2050 *qui
464 1994 653 2038 Sabbato
676 1995 791 2052 ligna
813 1994 1047 2054 collegerat
1058 2011 1305 2055 ,nusquam
1324 2006 1470 2039 autem
1492 1995 1674 2052 legimus
1689 1983 1790 2038 law!L

359 2060 589 2120 pidatum,
621 2063 690 2108 vel
721 2065 867 2124 aliquo
900 2067 1084 2124 dignum
1113 2066 1327 2125 supplicio
1357 2065 1630 2125 judicatum,
1663 2040 1790 2110 sivein

354 2132 627 2192 jejunantem
640 2135 844 2190 sabbato,
862 2136 951 2181 sive
968 2136 1271 2195 prandentem.
1293 2137 1408 2190 Quid
1429 2145 1576 2180 tamen
1593 2135 1788 2179 horum

358 2201 550 2249 duorum
577 2205 714 2264 quieti
733 2207 964 2251 conveniat
981 2241 992 2262 ‚
1017 2206 1125 2267 quid
1146 2207 1319 2262 labori,
1344 2207 1424 2251 iste
1443 2207 1536 2265 ipse
1564 2205 1790 2270 viderit,.u,³

359 2275 436 2334 qui
458 2275 666 2332 gaudium
684 2278 1076 2334 manducantibus,
1098 2279 1266 2323 luctum
1285 2278 1584 2338 jejunantibus
1604 2267 1790 2335 depasti

359 2345 494 2400 tavit,
520 2347 588 2391 vel
620 2363 644 2392 a
677 2348 864 2393 Domino
884 2349 1084 2408 deputari
1113 2349 1353 2403 intellexit,
1387 2348 1465 2391 ubi
1497 2346 1552 2391 de
1578 2342 1790 2410 jejunio&1

359 2417 626 2474 respondens
643 2418 729 2463 ait:
755 2436 776 2461 «
796 2420 893 2465 Non
907 2427 1086 2479 possunt
1099 2418 1250 2479 lugere
1262 2417 1340 2462 filii
1358 2417 1530 2478 sponsi,
1550 2415 1744 2478 quandiu
1760 2423 1788 2469 ’.γλ

364 2505 383 2529 »
410 2502 513 2532 cum
534 2489 594 2533 eis
608 2498 672 2534 est
693 2491 921 2550 sponsus4.
948 2509 970 2533 »
1726 2500 1728 2507 '
1768 2491 1790 2523 'l

411 2578 418 2594 ¹
441 2573 553 2606 Matth.
575 2585 619 2615 ix,
642 2575 693 2607 15.
710 2582 778 2599 -2
797 2580 877 2611 Gen.
898 2587 933 2617 u,
953 2584 984 2608 2.
1005 2592 1043 2599 —
1059 2573 1073 2598 3
1091 2576 1184 2609 Num,
1204 2585 1256 2612 xv,
1278 2573 1330 2607 35.
1345 2571 1418 2602 -4
1434 2572 1554 2606 Matth.
1574 2581 1620 2613 ix,
1646 2582 1673 2605 r.
