1790 3187
342 192 422 229 182
778 205 809 230 s¹
848 203 1073 230 ΑυουεΤιΜ
1112 206 1284 231 Βνιεεονι

342 286 362 308 »
387 277 484 311 cuta
509 277 587 321 cst,
609 267 752 310 caeteri
776 283 876 311 vero
906 270 1104 313 excaecati
1131 271 1276 313 sunt¹.
1301 288 1320 310 η
1344 271 1586 314 Consecuta
1615 282 1714 318 sunt

338 352 436 380 vasa
451 336 769 392 misericordiae,
781 348 992 382 excaecata
1005 349 1105 382 sunt
1120 355 1218 383 vasa
1232 339 1307 382 irae
1320 354 1391 383 :ex
1406 338 1558 384 eadem
1570 349 1714 386 tamen
1736 395 1739 398 Α

339 408 664 467 conspersione,
689 408 800 452 sicut
823 408 866 451 in
888 408 1159 468 plenitudine
1181 410 1401 454 Gentium.

400 480 488 522 200.
516 480 591 521 Est
613 477 733 522 locus
748 477 930 537 quidam
955 480 1187 539 Scripturae
1207 479 1260 524 ad
1281 494 1388 535 rem,
1414 478 1468 523 de
1488 495 1576 539 qua
1600 495 1714 527 nunc

341 549 507 607 agimus
523 583 533 603 ,
564 549 748 592 maxime
779 550 1054 605 necessarius,
1090 550 1240 594 eadem
1262 566 1361 610 quae
1383 559 1564 595 tractata
1587 561 1712 606 sunt,

340 619 446 662 mira
459 618 773 663 contestatione
787 619 1062 676 confirmans,
1079 621 1124 664 in
1141 635 1191 664 eo
1206 620 1318 665 libro
1329 621 1406 680 qui
1423 621 1478 665 ab
1493 620 1583 664 aliis
1597 623 1715 667 Jesus
1758 585 1762 671 i

342 690 505 741 Sirach,
532 690 586 732 ab
609 688 699 733 aliis
723 689 1045 734 Ecclesiasticus
1063 691 1236 746 dicitur,
1260 691 1304 734 in
1322 707 1409 751 quo
1430 692 1488 735 ita
1510 691 1714 750 scriptum

339 770 401 804 est
428 779 436 804 ι
457 762 513 803 Et
531 774 679 803 omnes
701 760 896 804 homines
918 760 972 805 de
988 760 1097 817 solo,
1125 770 1167 805 et
1189 776 1239 805 ex
1258 770 1370 806 terra
1388 761 1525 806 Adam
1550 771 1724 811 creatus,

340 850 360 871 »
384 840 460 874 est.
488 833 539 874 In
564 830 844 875 multitudine
858 831 1078 891 diciplinae
1100 833 1307 877 Dominus
1330 833 1543 892 separavit
1570 847 1659 887 eos,
1676 841 1717 878 et

341 922 360 943 »
383 903 628 946 immutavit
645 903 732 946 vias
749 918 914 946 eorum.
938 906 994 947 Et
1008 919 1058 947 ex
1079 904 1178 963 ipsis
1197 902 1416 948 benedixit
1435 912 1478 948 et
1497 902 1714 959 exaltavit,

342 992 361 1014 »
387 982 429 1016 et
452 988 502 1016 ex
520 973 586 1016 his
607 973 890 1017 sanctificavit
907 983 950 1016 et
968 974 1022 1017 ad
1045 989 1088 1018 se
1109 973 1357 1033 applicavit,
1383 983 1424 1018 et
1444 989 1494 1017 ex
1513 973 1613 1033 ipsis
1634 988 1720 1018 ma—

342 1063 360 1084 »
387 1042 534 1086 ledixit
556 1053 598 1087 et
619 1043 863 1088 humiliavit
889 1064 897 1089 ε
925 1053 967 1087 et
986 1045 1198 1090 convertit
1220 1043 1316 1088 illos
1337 1045 1392 1088 ad
1413 1043 1718 1088 dissensionem

342 1132 361 1153 »
389 1113 578 1157 illorum.
618 1115 747 1166 Quasi
786 1113 927 1158 lutum
960 1114 1082 1173 figuli
1113 1116 1159 1158 in
1184 1131 1316 1158 manu
1342 1115 1473 1174 ipsius
1512 1113 1720 1173 plasmare

345 1203 364 1224 »
390 1183 500 1227 illud
523 1193 565 1227 et
583 1184 826 1243 disponere,
847 1200 995 1228 omnes
1010 1186 1088 1229 viae
1110 1186 1201 1245 ejus
1217 1186 1456 1229 secundum
1475 1184 1720 1244 dispositio-
1755 1182 1758 1214 ⁵

345 1275 363 1296 »
390 1271 488 1298 nem
512 1257 548 1315 ej
558 1272 628 1313 us3
654 1257 711 1300 sic
725 1257 857 1300 homo
872 1257 916 1300 in
934 1272 1063 1300 manu
1085 1256 1200 1300 illius
1217 1257 1293 1317 qui
1311 1272 1355 1300 se
1370 1256 1489 1311 fecit,
1507 1266 1550 1300 et
1569 1255 1721 1301 reddet

343 1345 362 1366 »
388 1325 449 1369 illi
468 1325 706 1370 secundum
726 1326 941 1386 judicium
962 1343 1103 1370 suum.
1127 1328 1402 1371 Contrarium
1422 1327 1537 1370 malo
1557 1327 1723 1371 bonum

343 1417 361 1438 »
388 1407 473 1452 est,
500 1406 542 1441 et
565 1407 715 1441 contra
735 1407 919 1442 mortem
941 1399 1026 1442 vita
1049 1408 1139 1455 est3
1164 1398 1222 1442 sic
1241 1408 1283 1442 et
1301 1407 1451 1442 contra
1468 1398 1611 1442 virum
1628 1398 1722 1456 jus-

347 1487 365 1509 »
393 1477 487 1512 tum
513 1477 727 1528 peccator.
754 1471 809 1511 Et
838 1469 896 1512 sic
913 1469 1081 1512 intuere
1103 1469 1147 1512 in
1172 1469 1317 1512 omnia
1341 1483 1469 1527 opera
1491 1467 1718 1512 Altissimi:

346 1557 365 1579 »
392 1538 496 1593 duo,
519 1539 606 1583 duo
624 1560 634 1596 3
654 1554 790 1582 unum
817 1548 964 1582 contra
985 1555 1119 1582 unum
1135 1543 1166 1582 2.
1200 1558 1219 1580 »
1248 1540 1390 1583 Primo
1415 1539 1483 1582 hic
1501 1553 1720 1582 commen·
1753 1538 1756 1566 '

343 1607 441 1651 data
466 1618 530 1652 est
558 1607 782 1668 disciplina
808 1609 879 1652 Dei
908 1629 915 1652 ;
946 1628 965 1650 «
992 1612 1042 1652 In
1066 1608 1372 1662 multitudine,
1406 1609 1571 1668 inquit,
1599 1607 1722 1651 disci-

347 1698 366 1719 »
394 1679 523 1737 plinae
543 1679 749 1723 Dominus
773 1679 986 1738 separavit
999 1695 1069 1723 eos
1090 1699 1137 1735 ζ»
1160 1679 1293 1733 unde,
1314 1680 1392 1723 uisi
1411 1695 1433 1722 a
1457 1677 1724 1722 beatitudine

345 1750 559 1808 paradisi?
585 1769 603 1790 «
629 1752 684 1793 Et
706 1751 952 1793 immutavit
979 1750 1067 1793 vias
1102 1765 1268 1805 corum,
1300 1767 1317 1790 »
1344 1759 1392 1793 ut
1407 1750 1496 1809 jam
1518 1758 1724 1808 tanquam

346 1820 547 1863 mortales
576 1820 786 1864 viverent.
829 1823 950 1864 Tunc
980 1819 1091 1865 facta
1120 1830 1182 1864 est
1211 1837 1296 1864 una
1336 1836 1471 1864 massa
1505 1819 1720 1873 omnium,

344 1891 522 1934 veniens
540 1890 593 1934 de
616 1889 794 1934 traduce
807 1892 969 1950 peccati
989 1889 1097 1934 etde
1116 1906 1244 1950 poena
1263 1889 1533 1934 mortalitatis
1546 1925 1556 1943 ‚
1580 1903 1724 1949 quam-

343 1961 404 2003 vis
428 1964 515 2004 Deo
549 1959 764 2004 formante
786 1971 828 2004 et
847 1970 1020 2005 creante
1042 1976 1141 2020 quae
1163 1961 1276 2004 bona
1307 1970 1422 2004 sunt.
1450 1963 1501 2004 In
1525 1959 1724 2004 omnibus
1749 1972 1752 2027 J

344 2042 406 2074 cst
441 2031 554 2074 enim
578 2032 739 2089 species
765 2040 808 2074 et
830 2047 1040 2090 compago
1062 2032 1252 2090 corporis
1284 2031 1329 2074 in
1354 2041 1474 2075 tanta
1502 2031 1722 2074 membro-

344 2117 439 2144 rum
463 2101 709 2157 concordia,
732 2111 779 2145 ut
803 2101 904 2145 inde
923 2100 1153 2160 Apostolus
1176 2101 1229 2145 ad
1251 2102 1504 2145 charitatem
1527 2102 1724 2144 obtinen-

340 2173 439 2215 dam
463 2171 790 2215 similitudinem
815 2171 1033 2216 duceretss.
1061 2174 1111 2215 In
1135 2172 1338 2215 omnibus
1359 2181 1421 2216 est
1442 2172 1572 2215 etiam
1596 2170 1718 2230 spiri-

343 2252 409 2286 tus
438 2241 576 2286 vitalis
608 2252 774 2286 terrena
805 2243 998 2286 membra
1034 2242 1272 2297 vivificans,
1304 2244 1532 2301 omnisque
1566 2251 1718 2285 natura
1748 2249 1750 2260 '

339 2313 524 2356 hominis
542 2312 767 2357 dominatu
787 2314 940 2374 animae
963 2322 1006 2356 et
1028 2312 1241 2356 famulatu
1259 2314 1449 2371 corporis
1469 2311 1718 2357 conditione

337 2384 524 2427 mirabili
558 2394 793 2443 temperata
821 2404 828 2429 :
854 2384 927 2428 sed
950 2385 1299 2443 concupiscentia
1327 2384 1509 2428 carnalis
1538 2384 1592 2427 de
1617 2398 1717 2442 pec-

335 2457 419 2500 cati
441 2471 570 2514 poena
586 2456 675 2515 jam
700 2471 897 2514 regnans,
925 2457 1172 2498 universum
1195 2470 1329 2514 genus
1353 2456 1592 2499 humanum
1618 2463 1712 2498 tan-
1784 2468 1790 2496 i

1761 0 1790 200 ἶ..

1759 202 1764 419 ἒ

387 2548 393 2561 ¹
418 2541 474 2571 lsai
515 2552 555 2574 xi,
577 2540 594 2570 5
610 2546 642 2572 et
659 2552 746 2582 seqq.
770 2557 801 2562 —
817 2548 828 2560 2
849 2540 944 2571 Eccli.
967 2550 1078 2579 xxxin,
1107 2539 1221 2571 10-16,
1240 2557 1279 2560 —
1297 2540 1309 2560 ³
1340 2551 1349 2570 1
1372 2541 1443 2571 Cor.
1466 2550 1520 2573 xn,
1546 2547 1593 2569 12.
