1790 3187
0 2548 10 2570 n

656 238 855 269 EPISTOLA
889 242 947 268 Lu
956 258 964 266 .
1427 231 1478 268 47
1485 234 1511 270 9

124 322 219 352 cam
241 307 363 351 venit
387 325 397 363 3
421 305 539 349 unde
570 314 683 350 terra
716 307 751 350 si
781 307 840 349 eis
871 306 1099 359 afferatur,
1138 304 1349 363 adorant,
1373 306 1512 351 fidelis

124 387 269 422 autem
293 378 327 421 si
346 376 448 420 inde
469 377 628 431 veniat,
647 377 879 421 exsufflant
899 377 1026 421 etiam
1046 385 1089 421 et
1107 376 1391 436 rebaptizant.
1419 380 1513 422 Hoc

124 449 241 492 enim
271 447 398 492 etiam
430 447 633 506 praedixit
665 447 800 491 Filius
835 447 912 491 Dei
942 448 1017 507 qui
1049 448 1204 492 veritas
1238 456 1324 505 est,
1349 463 1393 491 sc
1425 463 1514 492 esse

122 522 272 574 vitem,
293 534 393 564 suos
425 528 570 563 autem
593 517 704 563 filios
738 534 828 563 esse
849 528 1081 574 sarmenta,
1108 528 1151 564 et
1184 521 1356 563 Patrem
1386 534 1513 564 suum

124 590 375 651 agricolam.
401 610 418 631 «
447 593 741 645 Sarmentum,
778 591 937 650 inquit,
969 591 1088 650 quod
1129 591 1173 635 in
1204 606 1273 635 me
1307 606 1397 635 non
1439 590 1516 636 dat

127 679 148 704 »
177 660 388 717 fructum,
419 665 546 706 Pater
571 677 693 706 meus
726 661 851 706 tollet
879 661 988 705 illud
1019 680 1027 706 ε
1064 671 1330 705 sarmentum
1367 671 1515 706 autem

126 749 148 773 »
182 732 303 793 quod
323 733 367 775 in
385 748 452 776 me
474 733 549 777 dat
565 733 776 787 fructum,
795 742 952 792 purgat
966 731 1077 776 illud
1094 742 1144 776 ut
1162 733 1370 793 majorem
1395 733 1516 778 fruc-

126 820 146 844 »
186 813 281 847 tum
314 804 468 848 afferat
498 807 529 848 ¹.
561 823 582 847 »
614 807 712 851 Non
747 820 850 863 ergo
887 804 1044 847 mirum
1069 813 1147 858 est,
1175 805 1207 848 si
1236 804 1290 848 de
1314 803 1386 847 illa
1410 805 1512 859 vite,

121 889 223 934 quae
246 876 407 930 crevit,
429 885 472 919 et
503 891 653 921 omnes
691 886 826 921 terras
857 875 1078 935 implevit,
1114 877 1282 935 praecisi
1305 884 1406 919 sunt
1428 874 1512 929 illi,

124 946 201 1004 qui
225 946 418 991 fructum
442 948 660 991 charitatis
676 949 832 991 afferre
852 947 1106 990 noluerunt.

185 1019 268 1060 111.
301 1018 384 1069 Qui
407 1018 441 1061 si
461 1033 561 1061 vera
584 1018 765 1060 crimina
789 1016 1049 1075 objecissent
1064 1015 1239 1073 collegis
1262 1015 1364 1070 suis,
1386 1015 1516 1074 majo-

125 1101 191 1130 res
233 1102 385 1131 eorum
416 1087 595 1147 quando
635 1089 819 1132 schisma
855 1086 1078 1142 fecerunt,
1109 1086 1188 1146 ipsi
1229 1087 1519 1131 obtinuissent

125 1172 299 1202 causam
321 1174 444 1202 suam
467 1158 582 1218 apud
600 1159 823 1203 ecclesiam
843 1158 1192 1213 transmarinam,
1210 1158 1328 1202 unde
1347 1157 1400 1201 ad
1418 1158 1517 1201 istas

126 1239 267 1288 partes
296 1230 552 1275 Christianae
583 1230 685 1274 fidei
713 1231 905 1275 manavit
928 1230 1176 1284 auctoritas,
1211 1239 1261 1274 ut
1292 1229 1354 1273 illi
1379 1238 1520 1273 essent

126 1299 246 1352 foris,
262 1300 423 1360 quibus
444 1301 596 1344 eadem
617 1299 797 1345 crimina
820 1300 1242 1360 objiciebant.Nunc
1257 1309 1402 1344 autem
1418 1314 1516 1343 cum

127 1369 190 1413 illi
218 1370 497 1415 inveniantur
523 1372 641 1416 intus
663 1373 986 1416 communicare
1018 1372 1220 1416 Ecclesiis
1256 1371 1517 1431 apostolicis,

126 1456 314 1499 quarum
339 1444 516 1486 nomina
544 1443 589 1485 in
623 1442 743 1486 libris
782 1444 939 1486 sanctis
964 1443 1128 1486 habent
1160 1452 1202 1487 et
1224 1443 1424 1495 recitant,
1452 1441 1522 1485 isti

127 1519 274 1554 autem
298 1510 402 1556 foris
436 1513 563 1571 positi
598 1521 641 1556 et
664 1513 718 1556 ab
750 1511 824 1557 illa
854 1513 1163 1557 communione
1196 1513 1381 1571 separati
1417 1512 1518 1565 sint,

127 1582 224 1639 quis
244 1598 333 1626 non
357 1583 572 1640 intelligat
594 1598 666 1627 eos
685 1584 889 1628 habuisse
911 1599 1084 1628 causam
1108 1585 1286 1638 bonam,
1313 1584 1389 1643 qui
1424 1597 1519 1637 eam

126 1651 244 1710 apud
268 1653 432 1697 medios
462 1653 629 1712 judices
651 1655 851 1698 obtinere
879 1664 1118 1714 potuerunt
1137 1657 1154 1698 P
1172 1658 1260 1698 Aut
1289 1655 1319 1697 si
1344 1669 1518 1697 causam

126 1721 288 1766 bonam
318 1723 542 1768 habebant
570 1733 613 1768 et
647 1740 741 1768 eam
778 1725 1076 1769 transmarinis
1113 1723 1304 1768 ecclesiis
1337 1724 1522 1782 probare

127 1808 216 1836 non
247 1803 511 1852 potuerunt,
537 1795 644 1854 quid
667 1795 764 1839 illos
786 1794 897 1839 laesit
916 1796 1033 1839 orbis
1055 1805 1285 1849 terrarum,
1315 1795 1392 1838 ubi
1411 1795 1523 1851 epis-

128 1864 225 1921 copi
247 1862 434 1922 collegas
455 1879 572 1920 suos,
598 1865 673 1924 qui
696 1866 815 1925 apud
831 1881 904 1910 eos
927 1865 1106 1926 objectis
1133 1866 1390 1910 criminibus
1413 1880 1522 1909 con-

127 1933 231 1977 victi
257 1949 346 1977 non
374 1943 513 1989 erant,
558 1943 719 1978 temere
755 1935 962 1979 damnare
991 1951 1081 1979 non
1119 1937 1329 1995 possent?
1368 1938 1523 1995 Itaque

126 2004 381 2048 innocentes
420 2005 774 2064 rebaptizantur,
817 2015 860 2050 et
894 2006 1090 2050 Christus
1127 2008 1172 2049 in
1213 2006 1523 2050 innocentibus

127 2076 409 2119 exsufflatur..
423 2076 465 2121 Si
482 2085 626 2120 autem
646 2075 763 2119 idem
781 2077 1017 2120 Donatistae
1033 2076 1240 2120 Afrorum
1255 2075 1522 2134 collegarum

128 2160 308 2190 suorum
329 2162 430 2190 vera
447 2147 628 2192 crimina
648 2157 932 2201 noverant,et
948 2147 1233 2206 neglexerunt
1249 2163 1297 2191 ea
1316 2149 1523 2190 demons-

127 2225 242 2261 trare
259 2227 302 2261 et
324 2218 511 2276 probare
534 2218 828 2262 transmarinis
859 2217 1046 2262 ecclesiis
1062 2253 1072 2272 ‚
1098 2218 1180 2276 ipsi
1202 2233 1245 2261 se
1269 2218 1324 2261 ab
1355 2218 1523 2261 unitate

128 2287 289 2332 Christi
311 2286 639 2332 sceleratissimo
654 2288 883 2332 schismate
908 2287 1216 2346 praeciderunt,
1242 2303 1332 2332 non
1356 2287 1522 2331 habent

128 2359 249 2415 quod
269 2368 490 2410 excusent,
523 2368 566 2403 et
595 2374 670 2403 vos
705 2359 870 2416 nostis,
908 2358 1095 2402 maxime
1130 2359 1233 2417 quia
1270 2367 1358 2402 tam
1398 2356 1526 2401 multi

132 2427 326 2472 scelerati
357 2428 476 2489 apud
498 2445 570 2474 eos
598 2438 895 2484 emerserunt,
922 2439 964 2473 et
996 2430 1294 2474 toleraverunt
1324 2429 1421 2473 illos
1451 2443 1527 2486 per

131 2506 199 2542 tot
221 2514 372 2555 annOS,
397 2515 452 2544 ne
469 2509 637 2560 partem
659 2500 816 2546 Donati
840 2499 1189 2555 conscinderent,
1211 2508 1255 2544 et
1282 2515 1371 2545 non
1390 2499 1524 2544 dubi-

187 2587 198 2604 1
217 2583 311 2615 Joan.
331 2592 388 2624 xv,
404 2591 437 2615 2.
