1790 3187
316 222 396 260 308
741 230 770 256 s.
812 231 850 254 Αι
867 230 1036 255 θωτωι
1072 230 1248 255 eviscovi

313 297 415 355 quia
439 296 472 338 si
497 295 699 355 cuiquam
723 293 867 337 Facile
895 302 958 336 est
980 292 1108 336 laude
1130 307 1273 336 carere
1294 293 1398 335 dum
1423 291 1685 349 denegatur,

313 365 490 411 dillicile
512 376 574 409 est
595 380 643 408 ea
664 380 751 408 non
769 363 972 408 delectari
989 378 1090 407 cum
1113 364 1318 420 offertur,
1338 372 1380 406 et
1401 375 1546 405 tamen
1569 371 1688 407 tanta

313 437 469 481 mentis
491 437 535 479 in
562 439 698 479 Deum
726 434 856 478 debet
888 450 978 478 esse
1009 435 1229 492 suspensio
1249 468 1259 488 ,
1294 442 1343 477 ut
1368 433 1401 477 si
1427 449 1513 476 non
1539 433 1691 478 merito

311 507 541 551 laudemur
555 541 566 561 ‚
589 506 852 563 corrigamus
872 521 943 549 eos
960 521 1068 565 quos
1086 519 1335 564 possumus;
1355 519 1410 547 ne
1428 504 1691 548 arbitrentur

313 587 389 622 aut
421 578 465 620 in
494 577 617 620 nobis
652 590 741 619 esse
769 577 890 635 quod
911 591 1000 619 non
1027 585 1118 629 est,
1145 584 1219 618 aut
1246 583 1441 618 nostrum
1464 588 1552 618 esse
1575 573 1694 633 quod

311 647 387 692 Dei
406 656 493 699 cst,
515 655 590 690 aut
616 661 664 689 ea
688 645 891 700 laudent,
917 662 1015 705 quae
1038 647 1234 704 quamvis
1264 661 1352 689 non
1378 644 1519 688 desint
1542 645 1690 700 nobis,

311 726 387 760 aut
409 717 536 759 etiam
560 716 797 774 supersint,
831 731 1103 776 nequaquam
1136 724 1282 759 tamen
1302 724 1400 758 sunt
1428 713 1692 772 laudabilia,

311 786 432 830 velut
455 795 557 830 sunt
579 786 692 830 bona
716 787 859 830 omnia
876 822 886 840 ,
908 803 1006 846 quae
1029 785 1097 830 vel
1120 802 1218 829 cum
1240 786 1464 844 pecoribus
1484 786 1694 828 habemus

311 856 560 900 communia
578 891 588 911 ,
615 855 684 901 vel
712 872 810 900 cum
832 857 974 916 impiis
994 857 1260 900 hominibus.
1289 857 1331 901 Si
1366 865 1511 899 autem
1541 855 1696 899 merito

309 926 542 970 laudamur
570 936 747 986 propter
780 931 940 981 Deum,
977 928 1244 984 gratulemur
1276 927 1335 970 eis
1364 927 1522 985 quibus
1556 925 1697 984 placet

311 1011 462 1040 verum
485 997 679 1053 bonum3
702 1013 789 1040 non
811 1006 956 1040 tamen
979 997 1104 1040 nobis
1132 997 1235 1055 quia
1264 997 1483 1055 placemus
1507 995 1698 1039 homini-

311 1066 392 1110 bus
408 1101 419 1121 ,
447 1067 521 1109 sed
541 1068 574 1110 si
604 1083 747 1110 coram
779 1070 868 1110 Deo
890 1067 994 1110 tales
1017 1082 1165 1110 sumus
1182 1102 1192 1120 ,
1227 1067 1375 1126 quales
1398 1082 1474 1110 nos
1496 1081 1584 1109 esse
1605 1081 1698 1109 cre-

311 1135 450 1190 dunt,
476 1145 519 1180 et
541 1152 628 1180 non
652 1137 861 1179 tribuitur
890 1137 1016 1180 nobis
1032 1172 1042 1191 ,
1067 1139 1146 1181 *sed
1173 1140 1288 1190 Deo,
1313 1138 1437 1195 cujus
1459 1136 1572 1179 dona
1597 1143 1700 1178 sunt

312 1207 480 1261 omnia,
516 1222 614 1265 quac
644 1222 745 1250 vere
777 1207 1019 1266 meritoque
1053 1205 1303 1250 laudantur.
1340 1209 1443 1250 Haec
1475 1205 1581 1249 mihi
1610 1206 1699 1264 ipse

312 1286 440 1321 canto
473 1276 691 1336 quotidie,
724 1276 793 1320 vel
826 1277 971 1335 potius
998 1276 1070 1320 ille
1100 1278 1220 1336 cujus
1250 1276 1451 1320 salutaria
1483 1285 1699 1335 praecepta

312 1356 438 1402 sunt,
461 1362 753 1406 quaecumque
770 1348 858 1391 sive
880 1347 925 1390 in
943 1347 1098 1391 divinis
1114 1347 1370 1391 lectionibus
1390 1348 1695 1400 inveniuntur,

312 1418 400 1463 sive
422 1434 521 1477 quae
545 1418 801 1462 intrinsecus
826 1418 971 1462 animo
993 1428 1284 1476 suggeruntur
1303 1439 1313 1476 3
1337 1428 1379 1462 et
1399 1427 1548 1475 tamen
1569 1418 1699 1461 vehe-

315 1498 484 1531 menter
513 1503 613 1532 cum
652 1487 895 1533 adversario
932 1488 1163 1544 dimicans,
1203 1504 1318 1548 saepe
1351 1490 1405 1532 ab
1439 1504 1490 1532 eo
1520 1486 1700 1530 vulnera

313 1559 436 1617 capio
452 1594 462 1613 ,
486 1574 586 1602 cum
604 1558 934 1604 delectationem
956 1559 1112 1603 ablatae
1134 1559 1274 1603 laudis
1298 1559 1403 1603 mihi
1426 1558 1595 1603 auferre
1610 1572 1698 1602 non

314 1644 508 1688 possum.

375 1701 453 1742 IX.
491 1700 596 1742 Haec
628 1708 854 1757 propterea
887 1700 1062 1758 scripsi,
1089 1709 1139 1744 ut
1175 1700 1208 1743 si
1244 1708 1330 1743 tuae
1358 1698 1573 1743 sanctitati
1609 1699 1698 1758 jam

316 1783 403 1812 non
422 1778 524 1812 sunt
544 1769 779 1813 necessaria
796 1805 806 1824 ,
833 1770 920 1813 sive
942 1770 1061 1830 quod
1085 1770 1208 1828 plura
1235 1769 1486 1829 hujusmodi
1511 1771 1602 1826 ipse
1623 1783 1692 1811 co·

317 1840 424 1897 gites
439 1849 569 1898 atque
591 1840 761 1884 utiliora
776 1875 786 1895 ,
805 1841 892 1884 sive
907 1841 1026 1900 quod
1052 1851 1137 1884 tuae
1157 1842 1371 1885 sanctitati
1390 1839 1602 1884 medicina
1621 1841 1700 1882 ista

317 1923 406 1952 non
435 1924 543 1968 opus
566 1909 646 1964 sit,
684 1910 796 1953 mala
832 1921 976 1954 tamen
1004 1926 1098 1955 mea
1122 1921 1223 1954 nota
1258 1912 1343 1954 sint
1372 1911 1475 1965 tibi,
1507 1910 1700 1968 sciasque

317 1978 435 2021 unde
458 1994 536 2036 pro
554 1994 646 2022 mea
666 1979 914 2023 infirmitate
938 1984 1075 2024 Deum
1099 1996 1248 2040 rogare
1264 1982 1449 2037 digneris
1476 1999 1483 2023 z
1510 1979 1629 2038 quod
1652 1988 1701 2023 ut

318 2047 628 2106 impensissime
648 2048 775 2093 facias
794 2085 805 2104 ,
823 2051 1002 2094 obsecro
1021 2066 1096 2109 per
1116 2051 1433 2094 humanitatem
1457 2050 1570 2093 illius
1589 2085 1599 2103 ,
1625 2050 1700 2109 qui

318 2128 586 2177 praeceptum
622 2120 771 2174 dedit,
808 2129 857 2164 ut
886 2121 1070 2165 invicem
1105 2137 1236 2165 onera
1278 2131 1422 2164 nostra
1458 2130 1697 2180 portemus.

316 2187 456 2231 Multa
478 2197 578 2231 sunt
599 2205 697 2248 quae
720 2190 774 2232 de
795 2191 882 2234 vita
901 2200 1044 2234 nostra
1063 2199 1105 2234 et
1126 2191 1451 2234 conversatione
1469 2190 1673 2233 deflerem
1687 2225 1698 2244 ,

319 2273 418 2316 quae
440 2257 601 2301 nollem
632 2274 706 2317 per
727 2259 888 2303 litteras
916 2260 970 2303 ad
1002 2269 1044 2303 te
1072 2261 1217 2304 venire
1235 2296 1245 2314 ,
1272 2262 1305 2304 si
1328 2262 1439 2304 inter
1460 2277 1534 2305 cor
1555 2275 1700 2304 meum

321 2337 363 2370 et
381 2343 456 2371 cor
478 2337 602 2371 tuum
625 2329 713 2372 ulla
735 2339 874 2373 essent
900 2330 1130 2374 ministeria
1151 2341 1306 2389 praeter
1324 2347 1369 2375 os
1392 2347 1534 2374 meum
1558 2341 1600 2374 et
1622 2347 1701 2374 au-

323 2413 387 2440 rcs
411 2408 519 2441 tuas.
551 2400 591 2443 Si
616 2409 758 2443 autem
783 2400 1036 2444 venerabilis
1057 2402 1180 2445 nobis
1203 2403 1485 2462 omniumque
1509 2411 1703 2446 nostrum

323 2477 413 2512 tota
441 2471 682 2514 sinceritate
714 2472 985 2515 charissimus
1003 2507 1013 2526 ,
1043 2474 1165 2531 cujus
1198 2474 1243 2517 in
1273 2484 1315 2517 tc
1342 2489 1441 2518 vere
1468 2474 1704 2517 fraternam

324 2555 422 2583 cuni
449 2556 631 2598 praeseus
654 2556 786 2586 essem
807 2577 817 2596 ‚
845 2542 1154 2600 benignitatem
1180 2543 1462 2602 studiumque
1482 2542 1699 2602 perspexi,

1778 1333 1790 1346 n
1787 1299 1790 1301 .
1778 724 1790 1252 *at--A-—M-m-ae—-2m—-r
1786 683 1790 711 —
