1790 3187
303 172 356 210 78
731 185 762 209 s.
799 180 1029 210 AUGusTffll
1062 182 1248 212 13121500121

302 247 479 292 cationis
509 255 667 291 nostrae
690 246 861 291 occulta
883 257 944 291 est
967 266 975 291 :
997 248 1118 306 cujus
1148 246 1300 291 secreti
1332 249 1504 306 signum
1527 257 1591 291 est
1614 249 1683 293 in-

302 318 535 376 terrogatio
562 317 729 361 Domini
751 317 873 376 quasi
895 317 1146 371 nescientis,
1171 332 1270 361 cum
1303 317 1383 376 ipsi
1411 317 1681 364 nesciamus:
1723 369 1726 372 ,

301 388 412 432 sicut
433 388 538 431 dicit
561 385 807 445 Apostolus,
838 405 858 428 ι(
886 389 940 431 Ut
974 401 1253 445 cognoscam,
1279 387 1390 431 sicut
1410 397 1453 431 et
1482 387 1684 445 cognitus

305 475 325 499 »
358 460 488 501 sum¹.
513 476 532 498 n
556 457 637 501 Vel
656 456 774 516 quod
805 457 1001 514 ignorare
1025 472 1068 501 se
1090 465 1334 515 peccatores
1368 456 1452 502 alio
1476 456 1578 509 loco
1595 461 1684 502 Do-

303 529 446 572 minus
463 527 651 572 ostendit
673 526 836 582 dicens,
860 546 880 569 «
898 530 994 573 Non
1013 528 1113 572 novi
1127 531 1233 572 vos²
1255 546 1264 572 2
1290 546 1310 570 »
1331 527 1451 587 quod
1472 527 1686 586 significa-

304 597 379 642 bat
397 601 581 642 Lazarus
601 597 794 655 sepultus
818 616 826 641 :
853 597 955 656 quia
977 598 1022 641 in
1039 597 1266 656 disciplina
1280 606 1323 641 et
1349 597 1574 656 praeceptis
1595 597 1687 657 ejus

302 684 390 713 non
413 677 515 712 sunt
538 676 728 727 peccata.
760 668 872 711 Huic
898 667 1229 726 interrogationi
1257 667 1394 710 simile
1428 677 1492 711 est
1513 666 1624 711 illud
1643 668 1689 712 in

302 739 484 792 Genesi,
508 757 527 780 «
554 738 710 791 Adam,
742 737 816 781 ubi
845 738 948 781 es3‘?
984 755 1004 778 »
1035 738 1250 791 Quoniam
1273 746 1548 797 peccaverat,
1580 746 1623 781 et
1644 752 1689 781 se

301 808 585 853 absconderat
607 825 630 852 a
653 802 771 853 facie
793 808 885 852 Dei.
915 811 1056 861 Quam
1084 808 1421 852 occultationem
1452 809 1521 852 hic
1540 807 1688 867 sepul-

304 888 399 923 tura
431 879 643 937 significat
677 898 684 924 :
715 891 763 923 ut
791 878 1008 938 peccantis
1034 879 1193 922 habeat
1226 877 1553 922 similitudinem
1592 893 1690 921 mo-

303 950 443 1007 riens,
477 950 687 1008 sepultus,
713 949 955 994 absconditi
985 965 1008 992 a
1030 948 1137 992 facie
1160 949 1254 992 Dei.
1289 967 1309 990 «
1347 947 1527 993 Auferte
1544 956 1691 992 autem

306 1037 326 1060 »
351 1019 540 1078 lapidem
557 1054 567 1074 ,
592 1038 611 1061 »
631 1019 750 1079 quod
769 1020 849 1072 ait,
871 1018 965 1063 illos
984 1028 1090 1078 puto
1107 1018 1363 1076 significare,
1389 1019 1465 1077 qui
1477 1017 1692 1061 venienti-

302 1091 384 1134 bus
397 1090 453 1134 ad
475 1090 711 1135 Ecclesiam
736 1106 787 1134 ex
809 1090 1021 1134 Gentibus
1046 1105 1156 1134 onus
1184 1089 1521 1133 circumcisionis
1548 1089 1692 1148 impo-

303 1176 405 1204 nere
422 1161 655 1218 volebant,
679 1170 829 1205 contra
859 1176 968 1220 quos
997 1160 1295 1219 multipliciter
1325 1161 1473 1204 scribit
1502 1163 1691 1218 Aposto-

303 1230 370 1275 lus
383 1232 398 1256 4
425 1250 435 1275 ι
454 1231 524 1275 vel
544 1246 615 1275 eos
633 1232 709 1291 qui
725 1233 770 1274 in
788 1231 978 1275 Ecclesia
998 1241 1201 1289 corrupte
1223 1232 1378 1275 vivunt
1395 1241 1438 1275 et
1460 1230 1692 1275 offensioni

303 1311 406 1345 sunt
427 1301 602 1345 credere
624 1300 885 1346 volentibus.
913 1301 1025 1346 Dicit
1046 1301 1109 1345 illi
1126 1303 1323 1346 Martha:
1348 1302 1580 1357 «Domine,
1599 1302 1689 1360 jam

306 1390 326 1413 >›
354 1381 506 1431 quarta
528 1371 618 1415 dies
643 1382 722 1426 est,
748 1380 791 1415 et
814 1374 976 1430 putct⁵.
1007 1390 1026 1414 ι)
1055 1372 1263 1415 Ultimum
1287 1380 1476 1430 quatuor
1495 1370 1688 1414 elemen-

307 1451 449 1486 torum
469 1450 581 1485 terra
604 1451 668 1485 est
690 1460 699 1486 ε
723 1442 935 1499 significat
956 1458 1058 1501 ergo
1080 1451 1280 1501 putorem
1302 1450 1571 1485 terrenorum
1592 1456 1691 1499 pec-

305 1522 518 1567 catorum,
536 1512 579 1555 id
598 1521 676 1565 est,
694 1512 981 1571 cupiditatum
998 1512 1252 1556 carnalium.
1277 1531 1295 1552 «
1321 1515 1451 1556 Terra
1469 1527 1529 1565 es,
1549 1511 1694 1571 inquit

312 1604 327 1624 »
352 1583 459 1627 Adae
471 1583 697 1637 Dominus,
712 1598 810 1626 cum
826 1592 1055 1641 peccasset,
1080 1583 1181 1626 etin
1196 1591 1355 1625 terram
1376 1581 1494 1625 ibisss.
1513 1584 1600 1625 »Et
1620 1596 1693 1625 su-

304 1653 424 1697 blato
455 1652 598 1712 lapide
630 1653 730 1697 exiit
763 1653 817 1696 de
841 1662 1127 1697 monumento
1157 1651 1379 1696 involutus
1412 1652 1616 1696 manibus
1651 1660 1694 1695 et

305 1722 512 1782 pedibus,
549 1731 592 1766 et
623 1720 752 1766 facies
775 1724 864 1783 ejus
894 1732 1007 1767 tecta
1043 1731 1132 1767 erat
1160 1722 1346 1766 sudario.
1385 1723 1515 1774 Quod
1546 1731 1692 1766 autem

306 1793 410 1837 exiit
431 1793 486 1836 de
508 1802 810 1847 monumento,
831 1794 1019 1837 animam
1040 1793 1252 1851 significat
1269 1792 1542 1836 recedentem
1556 1808 1581 1836 a
1597 1808 1691 1837 car-

307 1864 479 1907 nalibus
500 1864 628 1908 vitiis.
655 1863 783 1916 Quod
800 1880 902 1908 vero
919 1864 1074 1908 institis
1091 1865 1341 1919 obvolutus,
1365 1865 1448 1908 hoc
1467 1873 1551 1917 est,
1569 1863 1691 1924 quod

307 1933 435 1977 etiam
451 1949 475 1976 a
489 1933 734 1977 carnalibus
745 1933 993 1977 recedentes
1015 1942 1058 1976 et
1079 1942 1224 1977 mente
1238 1934 1471 1978 servientes
1492 1933 1577 1990 legi
1595 1933 1687 1988 Dei,

307 2002 451 2047 adhuc
473 2012 618 2047 tamen
636 2003 680 2047 in
702 2019 881 2062 corpore
903 2003 1127 2048 constituti
1150 2003 1311 2047 alienia
1331 2002 1537 2047 molestiis
1551 2004 1690 2048 carnis

307 2089 396 2118 esse
417 2089 506 2117 non
529 2089 771 2133 possumus,
797 2073 968 2118 dicente
991 2073 1220 2133 Apostolo,
1245 2077 1432 2119 «Mente
1449 2075 1586 2119 servio
1606 2074 1690 2132 legi

314 2162 331 2184 »
358 2143 456 2197 Dei,
493 2159 620 2187 carne
644 2152 789 2187 autem
810 2143 895 2202 legi
925 2145 1136 2202 peccati⁷.
1172 2162 1191 2185 »
1223 2145 1353 2197 Quod
1383 2153 1527 2188 autem
1562 2143 1691 2188 iacies

310 2215 403 2273 ejus
422 2212 594 2257 sudario
619 2222 728 2257 tecta
751 2222 857 2268 erat,
883 2214 966 2258 hoc
990 2223 1074 2268 est,
1100 2214 1220 2274 quod
1242 2214 1286 2257 in
1306 2214 1388 2258 hac
1408 2214 1494 2257 vita
1519 2213 1692 2273 plenam

310 2283 601 2341 cognitionem
623 2284 782 2328 habere
799 2299 888 2329 non
909 2300 1151 2343 possumus,
1171 2286 1282 2329 sicut
1302 2284 1536 2344 Apostolus
1559 2284 1688 2340 dicit,

315 2371 332 2393 »
358 2354 484 2398 Nunc
499 2352 697 2398 videmus
713 2368 790 2413 per
800 2354 1024 2414 speculum
1042 2355 1087 2398 in
1106 2354 1370 2414 aenigmatess,
1386 2363 1531 2414 postea
1545 2362 1691 2399 autem

359 2462 366 2477 ¹
392 2466 404 2487 1
422 2457 494 2488 Cor.
517 2467 588 2497 xm,
611 2463 724 2488 1'2.—²
743 2456 854 2490 Matth,
875 2455 1064 2497 vn,23.—-³
1082 2459 1225 2498 Gen-111,
1242 2455 1356 2490 xo.-4
1369 2456 1437 2490 Gal.
1459 2468 1494 2493 ιι.
1516 2456 1534 2488 3
1550 2459 1583 2490 et
1597 2466 1686 2501 seqq.

314 2525 353 2533 ³-
370 2508 383 2532 5
401 2513 479 2542 Joan
514 2522 555 2550 xi,
576 2510 627 2552 39.
646 2528 680 2532 ——
695 2509 708 2533 6
724 2513 802 2543 Gen.
823 2524 870 2552 ui,
897 2521 1018 2554 ις).-Τ
1041 2515 1127 2544 nom.
1152 2524 1205 2552 vn,
1227 2513 1278 2544 25.
1297 2530 1329 2535 -—
1346 2510 1360 2533 ⁸
1381 2523 1388 2543 ι
1412 2514 1484 2544 Cor.
1507 2523 1570 2551 xiu,
1594 2523 1643 2545 12.
