1790 3187
323 196 407 236 398
757 207 790 232 s.
826 204 1057 233 Aue-usnm
1087 204 1270 232 zmscoi’r

321 269 578 331 persuadeat
590 268 1043 315 urbemChristianam
1057 269 1118 314 sic
1130 267 1309 314 laudale
1320 267 1520 314 sabbato
1504 284 1702 330 Jejunan

321 349 426 396 tem,
449 349 499 385 ut
515 340 680 399 cogaris
700 338 850 384 orbem
858 339 1150 385 Christianum
1165 339 1371 384 damnare
1391 341 1698 399 prandentem.

319 413 433 457 Cum
455 411 583 466 dicit,
612 411 720 455 «Vae
737 410 813 471 qui
833 409 986 456 dicunt
1001 411 1123 471 quod
1137 410 1304 455 bonum
1326 411 1505 467 malum,
1526 420 1570 456 et
1582 419 1702 456 tene-

322 498 343 523 »
369 483 468 526 bras
493 482 652 536 lucem,
679 490 723 526 et
756 480 901 526 lucem
922 482 1138 537 tenebras,
1162 490 1206 526 et
1247 495 1444 526 amarum
1478 481 1624 538 dulce,
1657 489 1703 526 et

320 568 342 593 »
366 551 497 596 dulce
518 566 729 608 amarum,
754 569 774 593 »
806 552 1022 612 jejunium
1049 551 1390 598 sabbati'volens
1419 551 1601 610 intelligi
1620 551 1701 596 bo-

316 638 425 667 num
446 632 489 668 et
508 623 653 668 lucem
674 632 716 668 et
740 623 869 668 dulce
889 644 900 683 3
925 624 1159 684 prandium
1179 639 1298 680 vero,
1322 622 1488 668 malum
1509 632 1553 667 et
1574 631 1700 666 tene-

315 693 414 738 bras
433 703 477 739 et
497 709 693 739 amarum
708 713 718 740 :
732 695 828 754 quis
840 710 941 740 eum
962 695 1138 740 dubitat
1152 695 1200 740 in
1221 695 1426 740 omnibus
1446 692 1702 740 Christianis

313 764 496 810 sabbato
526 765 842 825 prandentibus
869 766 1122 812 universum
1152 767 1305 811 orbem
1327 766 1533 810 damnare
1559 773 1700 809 terra-

314 837 440 878 rum?
458 838 546 882 Nec
563 851 607 881 se
622 836 712 896 ipse
725 836 913 896 respicit,
930 853 1011 882 nec
1027 837 1134 898 quid
1152 838 1266 882 dicat
1287 836 1550 892 attendit,ut
1565 834 1700 893 scrip-

312 905 366 949 tis
390 906 476 950 suis
504 906 558 950 ab
592 907 671 950 ista
701 908 915 966 praecipiti
950 908 1208 952 cohibeatur
1243 907 1439 952 audacia.
1475 905 1700 951 Continuo

312 976 477 1035 quippe
498 977 748 1036 subjunxit:
779 995 799 1020 «
824 981 961 1023 Nemo
977 994 1081 1038 ergo
1102 994 1177 1024 vos
1193 978 1362 1038 judicet
1377 979 1423 1022 in
1447 992 1540 1021 esca
1557 985 1633 1020 aut
1653 975 1700 1019 in
1769 977 1775 1005 ὅ

313 1061 335 1086 »
361 1055 470 1104 potu
493 1048 533 1090 1:
560 1064 580 1088 »
607 1046 727 1106 quod
752 1049 842 1105 ipse
856 1049 1011 1109 utique
1026 1048 1146 1104 facit,
1172 1050 1248 1109 qui
1272 1049 1456 1093 sabbato
1477 1054 1698 1091 sumentes

309 1130 451 1160 escam
469 1150 480 1172 ‚
510 1126 753 1178 potumque
773 1118 833 1162 sic
861 1120 1021 1178 arguit,
1059 1124 1281 1173 Quantum
1310 1128 1418 1173 erat,
1449 1127 1500 1162 ut
1520 1118 1624 1161 hinc
1657 1115 1698 1159 ei

308 1188 475 1231 veniret
493 1187 539 1231 in
552 1197 743 1233 mentem
761 1190 889 1234 etiam
906 1189 1033 1245 illud,
1059 1190 1179 1250 quod
1199 1191 1316 1235 idem
1339 1190 1572 1249 Apostolus
1594 1186 1697 1231 alibi

309 1254 433 1313 dicit,
459 1275 479 1299 «
499 1258 584 1311 Qui
599 1258 851 1315 manducat,
867 1275 956 1304 non
973 1262 1311 1305 manducantem
1328 1275 1417 1304 non
1430 1267 1628 1319 spernat:
1652 1264 1696 1301 et

311 1329 419 1388 »qui
434 1344 524 1373 non
547 1330 1152 1386 manducat,manducantem
1174 1348 1263 1377 non
1279 1332 1503 1393 judicct‘2?
1520 1348 1539 1371 »
1558 1332 1694 1373 Istum

305 1399 503 1455 modum,
517 1401 599 1446 hoc
628 1411 1040 1462 temperamentum,
1058 1419 1145 1464 quo
1161 1403 1363 1447 scandala
1377 1401 1604 1455 devitaret,
1622 1399 1694 1443 in-

307 1477 371 1512 ter
386 1471 633 1529 jejunantes
655 1473 837 1517 sabbato
851 1483 893 1518 et
905 1474 1218 1518 manducantes
1236 1482 1416 1528 teneret,
1431 1481 1482 1516 ut
1493 1481 1536 1515 et
1549 1472 1693 1530 ipsum

305 1554 395 1583 non
424 1541 763 1586 manducantem
786 1543 1054 1588 manducans
1077 1545 1262 1604 quisque
1284 1558 1373 1587 non
1395 1549 1631 1601 sperneret,
1650 1548 1696 1584 et

304 1609 394 1669 ipse
411 1626 499 1655 non
522 1613 791 1657 manducans
815 1614 1151 1658 manducantem
1174 1630 1263 1658 non
1275 1614 1506 1674 judicaret.

361 1683 484 1726 XXI.
509 1701 529 1725 «
556 1687 709 1727 Petrus
726 1684 872 1739 etiam,
894 1685 1054 1744 inquit,
1086 1684 1395 1744 Apostolorum
1417 1691 1565 1742 caput,
1590 1680 1694 1726 coeli

298 1751 478 1811 janitor,
507 1763 550 1798 et
573 1753 775 1798 Ecclesiae
794 1754 1148 1810 tundamentum,
1182 1756 1371 1799 extincto
1395 1754 1585 1808 Simone,
1614 1751 1692 1812 qui

302 1821 466 1866 diaboli
498 1822 640 1868 suerat
662 1825 834 1869 nonnisi
859 1826 1027 1885 jejunio
1067 1825 1269 1870 vincendi
1302 1827 1458 1885 figura,
1498 1824 1689 1883 idipsum

302 1894 522 1938 Romanos
556 1894 756 1950 edocuit,
794 1912 981 1955 quorum
1018 1896 1124 1941 fides
1157 1889 1443 1941 annuntiatur
1487 1895 1690 1939 universo

301 1962 398 2005 orbi
420 1972 648 2008 terrarum.
671 1983 690 2005 »
716 1965 939 2024 Numquid
965 1981 1069 2024 ergo
1089 1966 1232 2010 caeteri
1263 1965 1457 2024 Apostoli
1474 1963 1688 2023 prandere

300 2032 566 2078 Christianos
581 2044 730 2079 eontra
747 2039 923 2079 Petrum
942 2037 1188 2080 docuerunt
1205 2035 1250 2079 in
1262 2035 1463 2079 universo
1476 2034 1580 2079 orbe
1597 2043 1689 2078 ter-

300 2106 471 2147 rarum?
497 2105 615 2149 Sicut
632 2106 779 2166 itaque
799 2108 913 2151 intcr
933 2122 976 2150 se
998 2107 1199 2151 vixerunt
1220 2106 1494 2151 concorditer
1513 2109 1684 2161 Petrus,

300 2182 344 2217 et
359 2174 645 2235 condiscipuli
659 2177 766 2236 ejus,
785 2177 843 2220 sic
858 2178 969 2221 inter
985 2193 1029 2222 se
1046 2177 1321 2223 concorditer
1339 2179 1487 2224 vivant
1504 2177 1685 2222 sabbato

294 2243 541 2303 jejunantes
573 2261 683 2306 quos
701 2247 915 2305 plantavit
938 2252 1106 2304 Petrus,
1132 2258 1175 2293 et
1205 2249 1388 2292 sabbato
1424 2248 1685 2308 prandentes

297 2329 406 2373 quos
437 2315 747 2374 plantaverunt
768 2317 1053 2378 condiscipuli
1078 2320 1182 2378 ejus.
1217 2322 1295 2364 Est
1315 2318 1494 2378 quidem
1524 2326 1567 2361 et
1589 2318 1682 2360 haec

296 2385 443 2444 opinio
466 2388 771 2446 plurimorum,
796 2390 991 2450 quamvis
1014 2405 1109 2434 eam
1131 2390 1391 2450 perhibeant
1413 2403 1502 2434 esse
1527 2388 1680 2434 falsam

298 2454 495 2516 plerique
527 2459 742 2515 Romani,
777 2461 898 2519 quod
933 2460 1152 2520 apostolus
1182 2464 1334 2505 Petrus
1367 2473 1468 2504 cum
1505 2459 1679 2504 Simone

346 2546 353 2563 ¹
375 2541 495 2575 Coloss.
517 2554 551 2582 n,
583 2544 631 2576 16.
649 2561 687 2567 ——
703 2550 716 2566 ²
736 2546 829 2577 Rom.
850 2555 917 2583 xiv,
935 2545 967 2577 3.
