1790 3187
327 215 408 252 452
758 223 790 251 s.
827 224 1055 254 Aucus-nm
1088 227 1266 254 muscom

321 289 555 348 baptizaret
576 303 766 348 sponsuS,
783 289 828 334 id
850 300 927 345 est,
944 292 1155 350 baptismo
1166 292 1288 336 amici
1299 290 1367 336 vel
1381 292 1504 337 servi.
1519 293 1684 337 Deinde

321 358 541 417 quomodo
562 369 759 419 poterant
781 361 1077 406 eucharistiam
1102 363 1291 421 accipere
1322 364 1513 406 nondum
1541 362 1684 422 bapti-

322 429 405 473 zati
433 449 442 474 ε
470 439 543 473 aut
577 429 796 489 quomodo
831 433 956 475 Petro
991 432 1151 477 volenti
1183 443 1229 477 ut
1267 441 1405 477 totum
1439 449 1482 477 se
1509 433 1683 489 lavaret,

320 500 586 559 responderit
608 520 616 545 :
647 519 664 542 «
689 502 771 554 Qui
798 500 911 545 lotus
932 512 994 546 est
1014 503 1165 558 semel,
1190 519 1279 548 non
1301 519 1397 548 eum
1417 514 1585 563 oportet
1602 506 1686 548 ite-

324 591 340 612 »
368 587 465 615 rum
489 571 645 627 lavari,
666 573 736 616 sed
770 582 832 617 est
866 573 1052 618 mundus
1085 584 1201 618 totus
1225 577 1255 618 1.
1295 594 1313 617 »
1348 575 1542 619 Perfecta
1572 577 1686 619 enim

316 641 541 686 mundatio
564 658 651 686 non
678 642 722 686 in
746 644 937 698 Joannis‚
958 644 1031 688 sed
1053 645 1097 687 in
1126 645 1292 689 Domini
1313 645 1525 704 baptismo
1549 655 1627 701 est,
1651 645 1686 690 si

314 727 365 756 eo
387 727 430 756 se
453 713 633 771 dignum
668 715 743 773 qui
775 714 928 773 accipit
963 714 1180 774 praebeat,
1216 717 1248 758 si
1271 724 1413 759 autem
1442 716 1682 774 indignum,

312 793 573 827 sacramenta
597 785 642 827 in
673 800 723 828 eo
746 801 831 828 non
855 784 909 829 ad
931 785 1128 841 salutem,
1149 787 1222 830 sed
1244 787 1296 830 ad
1315 787 1562 846 perniciem,
1583 803 1683 846 per-

313 855 554 899 manebunt
576 864 734 899 tamen.
757 858 866 901 Cum
891 871 991 914 ergo
1007 856 1085 900 ista
1106 858 1363 917 quaesiturus
1384 873 1533 912 essem,
1558 858 1684 902 etiam

313 923 402 982 ipse
415 924 588 969 viditde
600 926 815 985 baptismo
837 927 1153 986 Discipulorum
1169 929 1339 973 Domini
1349 944 1437 974 non
1459 929 1538 973 sibi
1555 927 1683 973 fuisse

311 994 612 1054 quaerendum.

369 1068 446 1109 XI.
474 1067 580 1109 Inde
601 1066 707 1109 itum
733 1076 795 1111 est
815 1068 860 1110 in
882 1067 1016 1122 aliud,
1049 1068 1196 1113 multis
1224 1078 1273 1112 ut
1294 1078 1493 1129 poterant
1524 1069 1679 1113 utrim-

307 1137 804 1196 quesermocinantibus
827 1157 835 1181 2
861 1138 972 1181 inter
994 1154 1092 1198 quae
1112 1139 1275 1183 dictum
1302 1150 1379 1193 est,
1401 1140 1519 1199 quod
1537 1139 1679 1183 adhuc

308 1223 379 1251 eos
401 1208 535 1251 nostri
553 1208 819 1267 persecuturi
834 1218 993 1253 essent:
1020 1209 1231 1269 nobisque
1253 1208 1445 1263 dicebat,
1468 1210 1612 1254 videre
1639 1224 1682 1253 se

308 1277 419 1323 velle
453 1278 601 1338 quales
625 1294 701 1322 nos
731 1294 915 1323 essemus
932 1280 975 1323 in
999 1279 1069 1323 illa
1088 1280 1385 1339 persecutione
1409 1280 1678 1339 praebituros,

310 1358 457 1393 utrum
484 1350 736 1393 consensuri
760 1365 945 1394 essemus
971 1350 1044 1393 tali
1067 1351 1253 1405 saevitiae‚
1286 1367 1340 1395 an
1362 1350 1531 1395 nullum
1561 1366 1681 1395 com-

308 1421 529 1465 modaturi
550 1436 822 1466 consensum.
846 1424 932 1466 Nos
955 1421 1203 1466 dicebamus
1230 1426 1365 1467 Deum
1388 1422 1531 1466 videre
1553 1421 1682 1466 corda

306 1502 477 1548 nostra,
507 1509 605 1552 quae
631 1493 710 1552 ipsi
735 1509 821 1537 non
845 1502 1044 1552 possent:
1068 1503 1111 1537 et
1138 1493 1233 1538 illos
1255 1504 1414 1538 temere
1436 1493 1517 1538 sibi
1539 1492 1681 1537 adhuc

305 1564 386 1608 ista
414 1572 620 1618 metuere,
637 1579 734 1623 qnae
758 1564 790 1607 si
813 1563 1087 1622 contigerint,
1111 1581 1133 1607 a
1157 1565 1276 1608 malis
1298 1566 1563 1623 contingere,
1589 1563 1682 1623 qui·

307 1636 387 1678 bus
410 1634 639 1679 deteriores
661 1636 739 1693 ipsi
757 1634 918 1678 habent
939 1654 946 1679 :
964 1650 1040 1679 nec
1060 1644 1202 1678 tamen
1218 1635 1314 1679 ideo
1333 1651 1409 1679 nos
1429 1651 1449 1677 a
1469 1634 1681 1679 catholica

305 1705 611 1749 communione
625 1719 844 1762 segregare
866 1705 1039 1759 debere,
1063 1706 1094 1748 si
1115 1704 1220 1763 quid
1248 1705 1358 1748 forte
1376 1705 1499 1748 nobis
1516 1704 1675 1759 invitis,

306 1776 373 1820 vel
397 1776 540 1830 etiam,
566 1776 597 1819 si
617 1774 891 1830 valuerimus,
913 1775 1321 1829 contradicentibus,
1344 1774 1506 1819 factum
1530 1774 1675 1829 fuerit,

306 1863 402 1892 cum
421 1847 689 1890 tolerantiam
710 1847 931 1904 pacificam
944 1845 1232 1901 didicerimus,
1259 1845 1428 1889 dicente
1445 1844 1674 1905 Apostol03

310 1937 330 1960 «
367 1919 630 1964 Sufferentes
667 1917 850 1961 invicem
884 1917 930 1960 in
969 1915 1214 1971 dilectione,
1253 1915 1475 1960 studentes
1508 1930 1676 1959 servare

308 2007 328 2030 »
362 1991 571 2032 unitatem
596 1989 767 2047 spiritus
789 1988 832 2031 in
850 1987 1021 2031 vinculo
1043 1987 1207 2046 pacis2.
1234 2005 1253 2027 »
1276 1989 1413 2039 Quam
1437 2001 1584 2045 pacem
1607 1994 1675 2029 at-

305 2075 389 2119 que
410 2058 678 2103 tolerantiam
696 2057 790 2102 illos
808 2073 895 2102 non
914 2058 1096 2101 tenuisse
1119 2057 1381 2112 dicebamus,
1400 2058 1474 2116 qui
1493 2056 1674 2100 schisma

304 2129 515 2184 fecerunt,
541 2138 589 2173 ut
621 2144 738 2173 nunc
760 2130 872 2172 inter
898 2143 1012 2183 suos,
1047 2127 1122 2187 qui
1148 2127 1336 2171 mitiores
1372 2141 1521 2171 eorum
1552 2135 1669 2183 sunt,

302 2201 493 2258 graviora
516 2199 717 2250 tolerent,
745 2214 799 2242 ne
837 2197 1055 2243 scindatur
1081 2197 1198 2257 quod
1231 2198 1406 2241 scissum
1441 2206 1539 2255 est,
1571 2211 1670 2241 cum

300 2271 458 2314 leviora
480 2270 647 2315 nollent
662 2285 738 2329 pro
756 2270 843 2328 ipsa
861 2270 1023 2313 unitate
1046 2269 1239 2312 tolerare.
1269 2269 1523 2312 Dicebamus
1540 2268 1667 2312 etiam

301 2341 495 2385 nondum
534 2340 662 2384 fuisse
692 2340 953 2398 temporibus
994 2348 1184 2382 veterum
1221 2354 1366 2397 pacem
1403 2339 1593 2393 unitatis,
1625 2347 1667 2382 et

301 2411 568 2456 tolerantiam
591 2422 705 2455 tanta
719 2412 1090 2455 commendatione
1105 2410 1393 2469 praedicatam,
1405 2412 1512 2455 sicut
1528 2425 1666 2455 exem-

304 2482 374 2539 plo
396 2484 563 2526 Domini
596 2492 638 2526 et
659 2484 764 2526 Novi
790 2482 1046 2526 Testamenti
1070 2482 1274 2527 charitate
1301 2499 1308 2526 ·.
1333 2491 1374 2525 et
1393 2492 1533 2526 tamen
1559 2485 1662 2526 Pro-

348 2570 462 2598 'J-ss‘atl.
485 2580 547 2604 Xltt,
573 2580 619 2599 to.
640 2585 677 2589 -—
699 2576 705 2588 ²
731 2566 840 2609 liplies.
863 2579 907 2603 ir,
935 2567 963 2598 3.
