1790 3187
300 241 352 266 »Β
387 239 574 266 Dim-:Rus
606 239 762 274 QUAEST·
800 240 948 267 OCTOG.
984 243 1148 268 Τι’-1305.
1364 231 1415 267 19

34 304 215 349 luntate.
241 304 321 348 Hic
337 303 439 363 quia
461 303 516 347 de
539 301 739 347 civilibus
761 303 899 348 causis
916 304 1156 364 loquimur,
1176 304 1344 348 fructus
1362 303 1418 348 ad

33 374 258 419 amicitiam
281 373 555 434 adjungimus
573 407 584 428 ,
619 382 668 417 ut
696 388 845 418 eorum
868 389 1044 435 quoque
1065 389 1193 419 causa
1224 375 1412 433 petenda

35 442 247 498 videatur,
276 457 331 488 ne
352 441 464 488 forte
487 442 565 502 qui
588 457 666 487 nos
687 441 743 486 de
763 444 883 488 omni
903 444 1088 489 amicitia
1110 444 1255 488 dicere
1272 444 1419 488 existi-

36 514 193 558 marint
226 514 561 574 reprehendant.
587 516 849 574 Quanquam
877 524 979 560 sunt
1002 515 1079 576 qui
1101 523 1279 575 propter
1300 515 1422 559 utili—

35 593 167 629 tatem
185 583 315 629 modo
330 583 562 644 petendam·
581 593 738 644 putent
755 585 1006 642 amicitiam,
1027 595 1130 630 sunt
1146 586 1223 646 qui
1245 594 1424 645 propter

35 669 80 700 se
100 655 241 700 solum
265 691 274 711 ‚
309 665 412 701 sunt
433 656 508 716 qui
529 665 574 701 et
596 665 774 715 propter
802 671 847 701 se
877 666 920 701 et
954 666 1133 718 propter
1169 656 1419 702 utilitatem.

37 728 233 780 Quorum
254 727 362 789 quid
390 728 608 774 verissime
630 737 845 773 statuatur
859 762 870 784 ‚
891 727 1000 773 alius
1031 729 1151 774 locus
1173 730 1253 774 erit
1283 728 1426 774 consi-

38 796 235 842 derandi.

96 870 294 921 Quffisno
331 871 520 914 XXXII.
548 896 602 902 —-
625 869 829 929 Quisquis
857 869 994 914 ullam
1025 885 1117 915 rem
1149 870 1274 914 aliter
1295 883 1428 929 quam

39 953 88 982 ea
110 953 175 983 res
196 950 258 985 est
281 941 512 999 intelligit,
538 938 703 984 fallitur
733 959 742 984 :
763 949 806 984 et
836 942 978 986 omnis
1013 941 1089 1000 qui
1117 940 1284 985 fallitur
1310 940 1356 984 id
1386 940 1431 983 in

38 1023 125 1069 quo
156 1009 322 1055 fallitur
344 1026 432 1056 non
456 1010 680 1069 intelligit.
702 1011 907 1070 Quisquis
922 1011 1055 1069 igitur
1075 1010 1211 1054 ullam
1234 1025 1325 1054 rem
1349 1009 1430 1053 ali-

40 1087 104 1124 ter
126 1095 258 1140 quam
277 1082 572 1141 estintelligit‚
593 1097 682 1126 non
704 1097 797 1126 eam
813 1081 1032 1140 intelligit.
1054 1084 1151 1127 Non
1170 1097 1272 1140 ergo
1291 1088 1434 1140 potest

40 1150 281 1210 quidquam
304 1152 504 1211 intelligi,
530 1152 610 1195 nisi
633 1160 682 1195 ut
699 1160 777 1195 est.
802 1154 888 1196 Nos
911 1160 1055 1195 autem
1075 1150 1241 1212 aliquid
1265 1166 1352 1195 non
1375 1150 1434 1193 ita

41 1228 91 1262 ut
112 1228 176 1263 est
200 1220 484 1281 intelligimus
501 1256 511 1276 ‚
537 1221 658 1266 velut
689 1222 772 1265 hoc
794 1221 937 1280 ipsum
960 1221 1070 1264 nihil
1092 1221 1292 1279 intelligi,
1316 1218 1436 1279 quod

44 1289 205 1333 nonita
224 1299 273 1333 ut
291 1301 355 1335 est
372 1291 646 1349 intelligitur.
673 1294 814 1343 Quare
831 1306 921 1334 non
942 1299 1005 1334 est
1027 1289 1323 1334 dubitandum
1346 1303 1438 1332 esse

48 1358 281 1416 perfectam
300 1361 652 1419 intelligentiam,
674 1376 759 1419 qua
775 1360 1052 1418 praestantior
1064 1374 1154 1403 esse
1168 1374 1258 1403 non
1275 1358 1408 1417 possit
1422 1378 1434 1415 3

42 1438 84 1473 et
105 1429 203 1474 ideo
226 1446 312 1475 non
328 1447 405 1490 per
422 1431 718 1475 infinitumire
732 1429 853 1490 quod
870 1445 1058 1490 quaeque
1072 1445 1138 1475 res
1156 1429 1430 1488 intelligitur,

41 1515 122 1545 nec
143 1515 238 1545 eam
262 1516 384 1560 posse
407 1501 540 1546 alium
560 1501 642 1546 alio
666 1501 763 1561 plus
785 1501 1046 1561 intelligere.

99 1573 298 1624 Quffimo
328 1574 539 1617 XXXIII.
563 1600 620 1607 -
641 1572 759 1618 Nulli
788 1571 975 1617 dubium
997 1581 1061 1617 est
1078 1584 1168 1616 non
1187 1570 1312 1615 aliam
1338 1585 1434 1614 me-

43 1642 195 1686 tuendi
223 1657 312 1687 esse
340 1658 510 1688 causam
533 1679 544 1700 ,
569 1644 652 1688 nisi
675 1658 730 1687 ne
752 1643 798 1687 id
817 1642 938 1702 quod
961 1657 1174 1697 amamus,
1201 1650 1277 1685 aut
1300 1640 1437 1700 adep-

44 1720 137 1756 tum
159 1713 406 1758 amittamus
426 1749 437 1769 ,
468 1723 543 1758 aut
573 1729 662 1758 non
695 1713 986 1773 adipiscamur
1020 1722 1256 1772 speratum.
1290 1715 1436 1765 Quare

43 1783 237 1842 quisquis
253 1784 338 1828 hoc
350 1785 492 1843 ipsum
515 1799 604 1828 non
626 1793 822 1827 metuere
841 1783 1049 1827 amaverit
1063 1792 1194 1843 atque
1211 1782 1431 1836 habuerit,

43 1853 139 1912 quis
166 1862 308 1897 metus
339 1863 403 1898 est
439 1868 494 1898 ne
523 1854 567 1897 id
600 1855 732 1912 possit
764 1854 962 1897 amittere
983 1854 1002 1894 ‘?
1023 1851 1165 1896 Multa
1195 1852 1312 1895 enim
1336 1865 1435 1910 q-uae

46 1937 237 1966 amamus
254 1932 297 1966 et
319 1924 547 1978 habemus,
573 1923 807 1967 metuimus
825 1923 1024 1966 amittere
1043 1941 1054 1979 3
1077 1922 1136 1966 ita
1168 1937 1217 1965 ea
1240 1920 1437 1965 custodi-

48 2007 143 2037 mus
173 2003 294 2038 metu
321 2012 330 2038 :
360 2008 450 2038 non
483 2002 679 2037 metuere
712 2001 857 2037 autem
892 2007 1023 2037 nemo
1044 2001 1188 2051 potest
1216 1991 1436 2036 custodire

48 2062 300 2108 metuendo.
334 2067 444 2109 Item
474 2064 669 2124 quisquis
704 2073 820 2108 amat
852 2078 943 2108 non
975 2072 1187 2119 metuere,
1218 2071 1350 2122 atque
1388 2061 1435 2106 id

46 2134 242 2179 nondum
259 2136 409 2192 habet,
430 2144 661 2196 speratque
677 2150 722 2180 se
737 2134 1010 2190 habiturum,
1029 2150 1119 2179 non
1136 2149 1239 2178 eum
1260 2141 1435 2193 oportet

45 2214 237 2249 metuere
258 2221 314 2251 ne
340 2221 431 2252 non
459 2207 735 2266 adipiscatur.
760 2209 854 2251 Hoc
886 2207 1004 2249 enim
1035 2214 1156 2250 metu
1181 2204 1291 2248 nihil
1314 2202 1434 2247 aliud

48 2275 256 2320 metuitur
277 2291 410 2336 quam
430 2277 548 2321 idem
569 2286 728 2322 metus.
768 2280 903 2321 Porro
926 2286 1069 2320 metus
1097 2275 1238 2320 omnis
1266 2273 1434 2334 aliquid

48 2343 188 2404 fugit,
221 2357 264 2392 et
293 2347 414 2392 nulla
444 2350 509 2393 fes
541 2363 584 2392 se
610 2349 746 2408 ipsam
776 2348 902 2406 fugit.
934 2349 1031 2392 Non
1066 2346 1198 2404 igitur
1220 2345 1434 2389 metuitur

49 2425 202 2461 metus.
235 2418 318 2463 Sed
344 2419 377 2463 si
406 2421 502 2480 quis
534 2420 752 2463 existimat
774 2433 862 2463 non
894 2427 1010 2462 recte
1031 2417 1116 2461 dici
1145 2416 1266 2476 quod
1288 2423 1430 2458 metus

0 2504 1 2556 ᾗ
48 2484 212 2546 aliquid
232 2499 414 2546 metuat,
429 2505 527 2535 cum
544 2490 686 2534 anima
698 2490 842 2549 potius
858 2490 952 2549 ipso
970 2497 1090 2532 metu
1104 2495 1271 2531 metuat
1287 2507 1298 2544 3
1323 2484 1434 2529 illud

0 2557 1 2563 ’
51 2558 281 2616 attendat,
310 2560 429 2620 quod
464 2560 642 2620 cognitu
675 2559 800 2605 facile
836 2568 926 2614 est,
952 2558 1122 2604 nullum
1148 2566 1312 2602 metum
1346 2570 1435 2600 esse

1204 2628 1242 2666 2.
