1790 3187
638 252 837 282 sms'rom
869 255 962 282 xx1.
1408 245 1492 284 299

107 380 818 398 ΜΝΝἎΜΜΜΜΝΙΙΜΜΜΜΜΜ
822 381 1459 399 MWQQMMQMMWMMWUM
1463 385 1490 400 Μ

533 487 857 537 EplsTOLA
896 491 1013 537 XXI
1030 486 1065 539 ¹.

104 637 238 672 Domino
266 636 451 670 beatissimo
479 640 513 670 et
537 637 737 675 venerabili,
770 637 802 669 in
831 642 1008 680 conspectu
1034 637 1157 670 Domini
1181 636 1305 670 sincera
1333 637 1495 671 charitate

145 695 331 728 charissimo
356 695 440 737 patri
462 694 666 728 VALERIO
685 695 836 738 episcopo
859 694 1152 729 AUGUSTINUS
1178 695 1347 738 presbyter
1369 696 1401 728 in
1425 699 1494 729 Do-

149 751 236 784 mino
252 750 401 784 salutem.

103 881 406 945 Augustinus
421 881 470 925 in
484 879 819 940 presbyterum
837 881 893 926 H
895 883 1206 940 ipponensem
1227 881 1496 940 ordinatus,

158 952 433 1012 proesertc'm
455 951 526 996 ad
555 950 932 1011 dispensandum
961 950 1159 995 verbum
1176 951 1295 1008 Dei,
1320 969 1498 998 secum·

162 1039 254 1082 que
283 1032 514 1083 reputans
543 1038 691 1082 quam
713 1021 903 1085 dff'cz'le
940 1023 1000 1067 sit
1028 1021 1330 1068 sacerdotem
1362 1026 1497 1085 pium

162 1109 327 1156 agere,
371 1092 597 1138 obsecrat
629 1092 889 1139 Vulem'zun
916 1103 966 1138 ut
1000 1095 1226 1154 patiatur
1266 1096 1420 1156 ipsum
1449 1097 1499 1141 in

161 1180 351 1211 secessu
367 1163 591 1224 precibus
612 1175 658 1211 et
673 1164 830 1211 studio
854 1164 944 1212 hoc
966 1183 1130 1230 agere,
1147 1176 1198 1212 ut
1213 1168 1276 1212 sit
1299 1166 1499 1213 idoneus

163 1238 385 1299 imposito
402 1238 604 1283 muneri.

165 1376 200 1417 I.
229 1375 352 1418 ANTE
373 1374 519 1418 omnia
532 1382 656 1433 peto,
681 1381 732 1417 ut
748 1373 911 1433 cogitet
925 1373 1124 1433 religiosa
1142 1372 1376 1433 prudentia
1394 1382 1470 1419 tua
1482 1409 1494 1430 ,

102 1442 212 1488 nihil
233 1458 324 1488 esse
342 1445 388 1488 in
409 1445 491 1489 hac
512 1444 601 1489 vita
617 1479 629 1500 ‚
654 1453 698 1488 et
714 1444 900 1488 maxime
920 1445 1004 1489 hoc
1021 1453 1218 1503 tempore
1240 1443 1437 1489 facilius²
1454 1453 1498 1489 et

102 1513 243 1558 laetius
261 1550 272 1569 ‚
300 1523 343 1559 et
367 1515 618 1559 hominibus
645 1513 955 1574 acceptabilius
978 1515 1194 1574 episcopi,
1219 1523 1294 1559 aut
1316 1515 1498 1574 presby-

103 1586 212 1641 teri,
237 1595 313 1630 aut
334 1585 504 1631 diaconi
533 1586 702 1640 officio,
729 1587 760 1631 si
784 1585 1080 1646 perfunctorie
1102 1595 1235 1647 atque
1255 1585 1498 1631 adulatorie

103 1673 169 1702 res
191 1667 346 1717 agatur
371 1677 380 1703 :
405 1658 480 1702 sed
502 1657 611 1702 nihil
636 1658 754 1718 apud
776 1661 913 1702 Deum
938 1658 1160 1714 miserius,
1181 1668 1224 1702 et
1244 1659 1405 1702 tristius
1422 1693 1433 1713 ,
1454 1668 1497 1703 et

103 1729 411 1774 damnabilius.
448 1733 558 1774 Item
588 1730 698 1774 nihil
721 1745 810 1774 esse
832 1731 877 1774 in
901 1731 980 1775 hac
1007 1731 1116 1785 vita,
1146 1738 1188 1774 et
1210 1731 1394 1774 maxime
1414 1731 1497 1775 hoc

104 1810 300 1859 tempore
317 1800 558 1855 difficilius,
577 1800 832 1845 laboriosius
845 1836 855 1856 ‚
881 1800 1165 1860 periculosius
1183 1801 1373 1859 episcopi
1390 1836 1399 1854 ‚
1421 1810 1498 1845 aut

104 1871 372 1932 presbyteri,
393 1881 468 1916 aut
488 1872 660 1916 diaconi
680 1872 826 1916 officio
840 1907 850 1927 ,
875 1873 947 1916 sed
968 1873 1085 1932 apud
1110 1875 1248 1916 Deum
1267 1872 1377 1916 nihil
1395 1872 1498 1916 bea-

104 1943 188 1988 tius
206 1977 217 1997 ,
245 1943 279 1986 si
311 1958 363 1987 eo
387 1942 518 1987 modo
547 1943 757 1988 militetur
785 1959 874 2003 quo
905 1952 1051 1987 noster
1082 1946 1323 2002 Imperator
1349 1944 1492 2002 jubet.

103 2014 208 2067 Quis
225 2022 371 2058 autem
390 2014 469 2057 iste
490 2014 544 2057 sit
562 2013 718 2058 modus
734 2048 744 2068 ‚
766 2028 846 2057 nec
865 2029 888 2057 a
912 2013 1095 2072 pueritia
1112 2048 1122 2067 ‚
1148 2029 1228 2057 nec
1249 2013 1304 2057 ab
1327 2013 1496 2058 adoles-

104 2086 243 2130 centia
271 2100 365 2130 mea
387 2085 521 2130 didici
549 2105 557 2130 :
583 2095 626 2130 et
653 2101 705 2130 eo
727 2095 923 2145 tempore
945 2102 1034 2146 quo
1059 2085 1224 2130 discere
1247 2100 1467 2144 coeperam
1482 2120 1493 2140 ‚

104 2156 166 2200 vis
194 2156 300 2199 mihi
331 2154 445 2200 tacta
476 2165 540 2200 est
559 2191 569 2210 ‚
602 2157 759 2200 merito
792 2165 1069 2215 peccatorum
1110 2171 1332 2210 meorum⁷
1366 2161 1496 2210 (nam

104 2227 209 2287 quid
238 2225 356 2271 aliud
390 2227 629 2270 existimem
659 2227 830 2285 nescio)
864 2236 911 2271 ut
941 2226 1159 2271 secundus
1188 2227 1309 2270 locus
1333 2226 1495 2283 guber-

105 2298 361 2343 naculorum
385 2298 491 2342 mihi
525 2297 790 2353 traderetur,
824 2299 900 2358 qui
926 2314 1097 2343 remum
1127 2307 1276 2341 tenere
1300 2313 1389 2342 non
1411 2313 1495 2343 no-

104 2383 265 2414 veram.

160 2442 219 2484 II.
257 2438 340 2484 Sed
373 2440 560 2484 arbitror
598 2440 831 2484 Dominum
870 2454 1015 2483 meum
1061 2448 1288 2499 propterea
1325 2453 1395 2482 me
1434 2439 1495 2483 sic

152 2553 161 2568 ¹
182 2547 262 2579 Alias
275 2557 403 2579 cxnvut.
418 2558 487 2589 quae
504 2551 612 2580 autern
633 2559 686 2580 xxi
705 2551 788 2587 erat,
808 2557 890 2579 nunc
904 2557 1049 2579 ccxxxnl,
1064 2546 1240 2590 —Scripta
1264 2553 1348 2578 anno
1363 2546 1496 2579 ineunte

110 2601 182 2644 391.
200 2621 237 2626 m
253 2610 263 2624 ²
291 2603 396 2634 Forte
417 2601 550 2634 felicius.
