1790 3187
587 195 785 223 EPISTOLA
818 198 884 223 ιιι.
1346 185 1430 224 9-59

10 266 14 321 ξ
48 264 169 309 finite
187 262 355 313 crescit,
381 275 470 304 non
491 269 637 305 tamen
656 261 824 304 infinite
854 260 1082 315 minuitur,
1103 274 1203 303 nam
1224 274 1311 303 non
1331 275 1434 304 eum

10 327 13 381 l
47 334 148 380 licet
182 336 295 378 ultra
332 332 565 376 monadem
601 332 813 376 resolvere
842 351 852 377 ε
892 342 1043 377 contra
1072 330 1284 375 sensibilis
1312 334 1432 389 (nam

47 406 153 466 quid
183 414 247 449 est
276 403 395 448 aliud
430 402 642 447 sensibilis
678 418 907 457 numerus,
945 404 1024 448 nisi
1062 418 1320 462 corporeum
1363 401 1433 446 vel

12 502 13 506 =
47 490 277 535 corporum
301 474 519 535 quantitas
541 476 558 516 ?
580 475 598 532 )
620 473 757 517 minui
793 473 970 533 quidem
996 474 1166 518 infinite
1187 509 1198 528 ,
1228 473 1301 517 sed
1331 473 1433 517 insi-

46 547 135 592 nite
156 561 346 591 crescere
373 554 576 605 nequeat.
596 547 652 588 Et
682 544 779 589 ideo
802 544 982 589 fortasse
1006 545 1160 589 merito
1181 544 1432 604 philosophi

12 637 13 658 2
46 619 90 662 in
114 618 243 661 rebus
271 616 618 675 intelligibilibus
651 616 820 660 divitias
857 625 1054 676 ponunt,
1078 617 1123 660 in
1156 615 1434 660 sensibilibus

11 710 13 741 l
46 698 293 747 egestatem.
328 688 444 742 Quid
475 691 590 732 enim
626 689 938 741 oerumnosius,
965 703 1097 748 quam
1130 688 1274 731 minus
1302 697 1436 748 atque

12 778 13 794 1
46 761 188 804 minus
216 775 386 819 semper
424 774 546 819 posse
575 760 666 802 fieri
695 761 713 800 ⁶?
741 759 856 812 Quid
877 759 1009 803 ditius
1030 793 1042 814 ,
1080 774 1211 817 quam
1245 773 1437 802 crescere

12 862 13 868 ,
44 841 258 893 quantum
282 831 402 887 velis,
423 832 484 875 ire
505 847 593 891 quo
615 831 736 885 velis,
760 831 901 875 redire
923 845 1024 874 cum
1043 829 1161 884 velis,
1189 846 1277 889 quo
1294 845 1433 889 usque

0 926 13 945 ,ι
43 903 147 948 velis
166 939 177 955 ,
203 913 247 948 et
279 904 361 947 hoc
388 902 576 946 multum
605 917 773 956 amare,
806 902 926 961 quod
963 901 1101 944 minui
1135 916 1224 944 non
1256 903 1435 959 potest?

11 985 14 1015 t
44 974 247 1033 Quisquis
281 989 471 1033 namque
499 972 703 1031 intelligit
729 973 831 1017 istos
852 987 1078 1026 numeros,
1106 970 1215 1015 nihil
1239 972 1298 1015 sic
1321 980 1437 1016 amat

0 1062 13 1086 a
44 1053 93 1090 ut
125 1043 387 1101 monadem,
421 1059 500 1089 nec
523 1043 683 1088 mirum
701 1078 712 1099 ‚
748 1058 849 1087 cum
873 1058 949 1102 per
970 1057 1065 1085 eam
1093 1042 1192 1097 fiat,
1219 1051 1269 1087 ut·
1290 1042 1436 1086 caeteri

0 1138 13 1148 ν
45 1125 258 1161 amentur.
280 1114 363 1160 Sed
387 1125 532 1159 tamen
551 1129 629 1159 cur
641 1123 788 1159 tantus
809 1122 873 1157 est
890 1113 1106 1157 mundus?
1126 1116 1300 1157 Poterat
1318 1114 1435 1158 enim

0 1203 13 1226 ν
43 1202 130 1232 esse
146 1186 216 1231 vel
234 1188 387 1247 major,
412 1186 482 1232 vel
504 1186 704 1231 brevior:
730 1185 890 1230 nescio.
918 1184 1021 1229 Tale
1046 1194 1109 1228 est
1127 1186 1257 1228 enim.
1285 1187 1341 1228 Et
1358 1201 1437 1229 cur

0 1293 13 1302 ,,
43 1258 233 1303 hocloco
257 1258 399 1317 potius
416 1273 548 1318 quam
566 1257 663 1302 illo:
681 1271 761 1301 nec
779 1257 824 1300 in
840 1271 889 1300 ea
906 1271 951 1299 re
966 1254 1098 1299 debet
1120 1270 1210 1299 esse
1232 1257 1433 1315 quaestio,

0 1348 2 1370 ι
42 1330 117 1375 ubi
139 1330 357 1391 quidquid
386 1339 519 1384 esset,
549 1329 732 1390 quaestio
755 1337 878 1372 esset.
920 1330 1066 1372 Unum
1095 1326 1207 1371 illud
1245 1327 1436 1372 multum

0 1415 2 1442 =
45 1402 265 1458 movebat,
290 1401 411 1462 quod
444 1402 613 1445 infinite
636 1416 818 1459 corpora
847 1408 1113 1444 secarentur.
1140 1399 1222 1444 Cui
1253 1398 1434 1445 fortasse

45 1489 297 1534 responsum
317 1483 396 1528 est,
417 1473 473 1517 de
490 1474 533 1519 vi
551 1473 766 1518 contraria
788 1470 1073 1529 intelligibilis
1096 1471 1282 1515 numeri.

100 1549 182 1590 ΙΙΙ.
212 1546 295 1591 Sed
318 1552 511 1604 expecta,
547 1544 771 1588 videamus
795 1542 903 1602 quid
929 1541 983 1586 sit
1010 1542 1094 1586 hoc
1130 1542 1274 1587 nescio
1305 1542 1430 1603 quid,

0 1630 2 1658 ;
44 1617 162 1678 quod
189 1618 434 1675 suggeritur
457 1615 594 1660 menti
616 1634 626 1660 ι
658 1624 776 1659 certe
803 1613 1015 1658 sensibilis
1048 1612 1240 1657 mundus
1257 1649 1267 1669 ,
1289 1616 1435 1660 nescio

0 1694 4 1730 l
44 1690 164 1750 cujus
192 1688 476 1748 intelligibilis
503 1689 649 1747 imago
675 1701 764 1731 esse
787 1686 962 1730 dicitur.
990 1686 1152 1730 Mirum
1174 1695 1320 1730 autem
1353 1697 1432 1744 est,

0 1780 2 1792 ·
44 1761 161 1822 quod
180 1761 502 1819 inimaginibus
516 1759 731 1812 videmus,
757 1773 864 1818 quas
881 1756 1057 1816 specula
1077 1756 1272 1801 referunt
1297 1777 1305 1802 :
1331 1774 1433 1803 nam

0 1853 4 1862 ·
44 1833 240 1894 quamvis
256 1832 448 1892 ingentia
471 1830 647 1890 specula
668 1830 769 1884 sint,
792 1845 880 1874 non
903 1828 1095 1872 reddunt
1115 1830 1300 1887 majores
1322 1830 1432 1875 ima·

0 1932 4 1954 .
45 1906 177 1965 gines‚
213 1920 345 1965 quam
375 1912 476 1948 sunt
513 1917 695 1961 corpora
727 1901 857 1945 etiam
886 1900 1137 1944 brevissima
1172 1900 1339 1960 objeca.
1382 1904 1432 1946 In

0 1947 182 2035 llparvis
216 1984 363 2019 autem
395 1973 582 2033 specillis
600 2008 610 2027 ‚
637 1972 749 2016 sicut
770 1972 814 2014 in
844 1970 1020 2030 pupillis
1057 1968 1287 2014 oculorum
1307 2006 1318 2026 ‚
1353 1973 1433 2017 etsi

0 2056 5 2088 i
45 2061 199 2106 magna
223 2045 351 2091 facies
379 2061 468 2089 sese
495 2051 706 2104 opponat,
736 2041 985 2086 brevissima
1020 2040 1166 2100 imago
1198 2056 1277 2100 pro
1300 2043 1433 2088 modo

0 2129 4 2160 ι
45 2117 205 2178 speculi
222 2118 462 2173 formatur„
478 2119 596 2175 Ergo
613 2123 656 2159 et
671 2114 879 2173 imagines
900 2127 1134 2172 corporum
1151 2112 1292 2156 minui
1310 2113 1429 2170 licet,

0 2212 5 2221 ·
46 2188 79 2233 si
103 2187 276 2249 specula
304 2189 560 2232 minuantur
586 2205 595 2231 ι
628 2185 804 2244 augeri,
836 2185 870 2229 si
900 2193 1164 2242 augeantur,
1190 2198 1280 2227 non
1308 2183 1426 2230 licet.

0 2259 125 2303 tssflic
158 2258 355 2319 profecto
388 2256 552 2317 aliquid
583 2255 717 2310 latet,
743 2255 819 2299 sed
847 2270 966 2298 nunc
996 2253 1305 2298 dormiendum
1348 2263 1428 2299 est.

0 2343 5 2376 t
46 2330 193 2390 Neque
214 2330 329 2374 enim
351 2328 561 2375 Nebridio
590 2327 741 2370 beatus
764 2325 1003 2386 quaerendo
1036 2323 1188 2368 videor
1207 2358 1218 2377 ‚
1242 2324 1319 2368 sed
1342 2324 1432 2370 for-

0 2414 5 2446 !
46 2407 152 2445 tasse
173 2399 338 2461 aliquid
360 2396 639 2445 inveniendo.
675 2395 725 2440 Id
748 2406 895 2440 autem
927 2393 1094 2455 aliquid
1121 2393 1229 2454 quid
1252 2404 1315 2439 est
1336 2398 1354 2438 ’ἐ
1376 2411 1431 2441 an

0 2483 4 2519 t
25 2466 116 2534 lilla
134 2472 403 2517 ratiocinatio
420 2505 431 2527 ‚
456 2470 527 2515 cui
549 2477 759 2528 tanquam
782 2467 924 2512 unicae
953 2481 1062 2510 meae
1085 2464 1272 2510 blandiri
1293 2465 1428 2523 soleo,

0 2571 3 2580 ·
25 2535 29 2611 Ι
50 2551 92 2588 et
111 2558 160 2589 ea
174 2558 244 2589 me
264 2543 393 2589 nimis
405 2540 655 2589 oblectare?

26 2615 29 2668 1
1177 2612 1241 2649 17.

26 2673 30 2828 l

30 3002 32 3059 l
