1790 3187
297 210 379 251 478
722 223 754 252 s.
792 224 1021 254 AUGUSTINI
1053 227 1235 256 Emscom

295 363 630 381 mmmmm
895 365 1682 386 ἏΜΜΜΜΜΛΛΜἋΜΜΜἏΙᾺΛΝἏΛΜἋΜἋΜἏ

728 486 1055 535 EPISTOLA
1093 481 1235 537 LII¹.

355 634 486 668 Domino
516 634 651 669 multum
671 632 876 669 desiderabili
902 641 935 669 et
951 637 1043 669 valde
1061 636 1246 670 charissimo
1268 636 1362 671 fratri
1378 636 1609 673 SEVERINO

830 693 1135 727 AUGUSTINUS.

286 821 584 883 Augustinus
610 821 646 867 S
650 823 836 867 werino
864 824 1222 886 consanguineo
1255 838 1340 868 suo
1372 823 1648 868 Donatistoe
1658 858 1673 879 ,

434 901 484 936 ut
496 890 687 937 (leserat
696 892 906 939 schisma
919 893 1171 940 scelestum
1186 903 1231 939 ec
1252 892 1522 954 impudens.

346 1050 380 1092 I.
402 1052 615 1095 LITTERAS
638 1051 1018 1097 fraternitatistuae
1036 1054 1115 1098 etsi
1138 1053 1264 1098 valde
1293 1069 1403 1109 sero,
1424 1054 1503 1098 etsi
1520 1061 1677 1113 praeter

286 1119 404 1179 quod
421 1137 692 1181 speraveram
707 1131 853 1167 tamen
872 1124 994 1168 laetus
1016 1125 1178 1184 accepi,
1191 1125 1465 1184 maximeque
1480 1123 1678 1183 ampliori

286 1190 445 1248 gaudio
466 1193 666 1251 perfusus
678 1209 790 1249 sum,
805 1210 905 1238 cum
919 1195 1221 1253 cognovissem
1241 1195 1461 1239 hominem
1483 1203 1677 1239 vestrum

284 1260 366 1305 hac
389 1261 480 1320 ipsa
509 1263 599 1307 sola
632 1280 760 1308 causa
782 1265 948 1308 venisse
974 1268 1253 1324 Hypponem,
1277 1273 1326 1308 ut
1348 1264 1403 1308 ad
1424 1279 1493 1307 me
1512 1263 1677 1307 litteras

284 1338 372 1375 tuae
386 1332 666 1378 fraternitatis
684 1335 874 1379 afferret.
887 1335 1211 1392 Cogitavienim
1230 1351 1319 1380 non
1339 1335 1430 1379 sine
1449 1350 1575 1379 causa
1593 1335 1680 1378 hoc

285 1412 482 1447 exortum
513 1420 601 1448 esse
630 1407 676 1448 in
699 1406 844 1450 animo
869 1414 943 1450 tuo
959 1415 1008 1450 ut
1026 1406 1237 1451 recoleres
1260 1406 1681 1464 consanguinitatem

283 1482 475 1517 nostram
493 1495 503 1531 3
538 1474 620 1518 nisi
642 1475 743 1535 quia
765 1474 943 1520 fortasse
972 1477 1192 1536 perspicis,
1220 1477 1334 1529 sicut
1353 1476 1455 1521 novi
1478 1492 1566 1521 non
1586 1474 1681 1520 leve

283 1542 455 1600 pondus
478 1545 723 1602 prudentiae
741 1555 841 1600 tuae,
860 1562 992 1606 quam
1010 1547 1064 1590 sit
1083 1546 1343 1602 dolendum,
1360 1555 1410 1590 ut
1425 1546 1500 1607 qui
1522 1560 1679 1590 secun-

284 1610 390 1655 dum
411 1630 583 1658 carnem
620 1615 770 1660 fratres
799 1632 963 1672 sumus,
984 1617 1029 1660 in
1056 1617 1216 1662 Christi
1247 1632 1431 1676 corpore
1465 1632 1556 1661 non
1590 1630 1677 1659 una

283 1686 486 1729 societate
509 1685 718 1741 vivamus,
743 1690 980 1746 pracsertim
997 1687 1097 1747 quia
1121 1686 1250 1732 facile
1273 1687 1347 1730 tibi
1367 1695 1430 1730 est
1453 1685 1678 1731 attendere

283 1764 326 1797 et
353 1755 501 1798 videre
533 1755 754 1800 civitatem
776 1772 904 1815 super
935 1767 1131 1802 montem
1166 1758 1444 1802 constitutam
1466 1792 1477 1812 ,
1511 1757 1566 1799 de
1589 1770 1677 1815 qua

283 1826 493 1869 Dominus
515 1827 572 1870 ait
588 1827 630 1869 in
649 1827 899 1885 Evangelio,
919 1827 1037 1888 quod
1063 1828 1271 1872 abscondi
1290 1843 1377 1871 non
1392 1827 1563 1886 possit2.
1583 1829 1679 1884 Ipsa

283 1903 346 1938 est
374 1897 487 1939 enim
512 1897 700 1941 Ecclesia
731 1898 942 1941 catholica
970 1919 980 1955 3
1011 1897 1128 1941 unde
1154 1906 1297 1942 κατολικὴ
1322 1913 1460 1956 graece
1485 1895 1679 1955 appella·

282 1973 369 2020 tur,
395 1967 514 2025 quod
546 1983 622 2025 per
643 1977 786 2011 totum
818 1969 967 2012 orbem
997 1978 1210 2012 terrarum
1244 1967 1525 2011 diffunditur.
1554 1969 1676 2010 Hanc

283 2035 482 2093 ignorare.
505 2036 613 2080 nulli
635 2037 735 2082 licet
757 2060 766 2095 3
790 2038 888 2082 ideo
910 2039 1151 2083 secundum
1169 2039 1351 2084 verbum
1377 2037 1552 2083 Domini
1574 2051 1676 2081 nos-

282 2105 337 2149 tri
353 2109 453 2150 Jesu
473 2107 649 2162 Christi,
671 2109 875 2152 abscondi
899 2125 987 2153 non
1010 2117 1168 2167 potest.

341 2179 399 2219 11.
438 2180 538 2221 Pars
561 2187 704 2222 autem
741 2179 897 2222 Donati
927 2180 972 2221 in
1000 2178 1099 2222 solis
1121 2177 1235 2222 Afris
1255 2176 1547 2221 calumniatur
1574 2175 1672 2220 orbi

281 2253 511 2301 terrarum,
537 2256 580 2291 ct
619 2264 708 2292 non
750 2248 992 2292 considerat
1020 2264 1069 2292 ea
1105 2246 1344 2302 sterilitate,
1383 2263 1470 2306 qua
1505 2245 1674 2291 fructus

280 2317 394 2374 pacis
411 2327 453 2361 et
471 2319 688 2362 charitatis
704 2318 843 2362 noluit
861 2319 1030 2373 afferre,
1048 2319 1102 2362 ab
1120 2318 1193 2362 illa
1214 2318 1356 2362 radice
1371 2318 1662 2362 Orientalium

281 2387 559 2433 ecclesiarum
588 2404 631 2433 se
655 2404 744 2433 esse
767 2390 1003 2449 praecisam,
1031 2389 1149 2434 unde
1172 2389 1459 2448 Evangelium
1481 2389 1526 2433 in
1550 2386 1668 2432 Afri»

330 2501 337 2516 ¹
363 2500 447 2533 Alias
467 2511 555 2532 cnxx.
580 2512 648 2543 quae
674 2506 781 2534 autem
808 2512 850 2534 Lu
870 2505 951 2544 erat,
977 2511 1060 2534 nunc
1079 2512 1151 2535 etv.
1166 2518 1204 2525 --
1222 2501 1348 2544 Scripta
1369 2500 1456 2534 forte
1481 2501 1567 2534 circa
1583 2497 1671 2532 idem

282 2558 417 2597 tempus.
437 2572 476 2580 -
492 2562 504 2578 ²
524 2556 638 2589 Matth.
658 2567 692 2599 v,
716 2555 766 2599 14.
