1790 3187
300 207 354 245 30
723 220 755 245 s.
793 216 1022 246 mucuscrrm
1057 218 1237 248 Enscom

298 282 461 327 vallum
492 298 639 328 rursus
675 284 730 326 ad
763 283 950 327 minutas
981 285 1249 329 minutarum
1275 294 1536 339 revertatur,
1573 299 1678 344 quas

299 351 544 397 tractandas
570 354 614 397 in
650 351 1052 398 constellationibus
1083 369 1308 415 nunquam
1332 356 1572 416 accipiunt,
1597 345 1692 398 nec*
1724 371 1728 374 ’

298 432 482 481 possunt
494 432 691 468 tractare.
707 425 818 468 Cum
834 433 979 468 autem
996 424 1135 470 multa
1147 440 1247 471 vera
1265 440 1338 470 eos
1352 424 1596 484 praedixisse
1606 424 1677 468 di-

299 501 441 546 catur,
459 493 557 537 ideo
568 494 634 548 fit,
650 494 750 553 quia
772 508 862 537 non
874 502 1025 538 tenent
1038 495 1237 539 homines
1252 495 1457 539 memoria
1472 493 1680 538 falsitates

300 576 550 622 erroresque
567 577 742 619 eorum3
765 561 840 607 sed
857 578 946 607 non
965 563 1139 620 intenti,
1155 565 1236 609 nisi
1250 565 1295 608 in
1313 579 1362 609 ea
1383 579 1483 625 quae
1506 561 1682 608 illorum

300 633 511 690 responsis
539 632 832 691 provenerint,
865 647 913 676 ea
942 648 1041 692 quae
1072 649 1160 679 non
1191 635 1471 694 provenerint
1504 633 1684 679 oblivis-

300 711 459 746 cuntur
481 711 550 747 :et
567 718 616 748 ea
634 712 991 759 commemorant,
1009 719 1107 764 quae
1120 719 1208 749 non
1221 714 1312 749 arte
1332 704 1421 760 illa,
1441 719 1541 764 quae
1561 702 1686 747 nulla

300 781 379 827 est,
404 772 478 817 sed
502 789 558 833 qu
566 773 691 818 adam
709 774 891 818 obscura
908 789 1052 818 rerum
1069 784 1182 820 sorte
1201 775 1478 833 contingunt.
1504 772 1636 827 Quod
1650 773 1688 817 si*

302 843 464 901 peritiae
482 843 656 888 illorum
675 843 830 889 volunt
851 845 1058 900 tribuere,
1076 845 1222 890 dicant
1243 845 1471 890 artificiose
1491 844 1686 889 divinare

301 914 429 958 etiam
457 925 646 960 mortuas
676 917 950 960 membranas
971 917 1150 976 scriptas
1171 917 1410 977 quaslibet,
1443 916 1498 960 de
1526 915 1687 976 quibus

302 984 561 1046 plerumque
584 1002 662 1045 pro
685 986 910 1032 voluntate
934 1003 1024 1032 sors
1045 988 1146 1033 exit.
1173 988 1304 1041 Quod
1324 988 1357 1032 si
1390 1002 1480 1032 non
1511 995 1602 1030 arte
1633 984 1690 1030 de
1725 1014 1729 1015 ν
1760 993 1762 998 “

301 1055 524 1101 codicibus
551 1058 637 1101 exit
668 1073 782 1116 saepe
802 1073 948 1102 versus
970 1057 1117 1102 futura
1139 1058 1457 1117 praenuntians,
1482 1055 1590 1115 quid
1603 1056 1692 1099 mi«

302 1141 399 1169 rum
432 1127 606 1171 sietiam
631 1143 682 1171 ex
709 1129 853 1173 animo
875 1128 1111 1188 loquentis,
1135 1144 1224 1173 non
1245 1138 1353 1184 arte,
1379 1128 1454 1172 sed
1471 1136 1585 1172 sorte
1605 1125 1691 1170 exit

302 1194 445 1254 aliqua
469 1197 693 1254 praedictio
715 1197 995 1241 futurorum?

360 1268 559 1318 QwAEswio
589 1269 746 1311 XLVI.
775 1293 828 1300 —
855 1270 914 1310 10.
949 1267 1073 1312 Ideas
1104 1268 1230 1312 Plato
1260 1268 1423 1326 prim-us
1455 1265 1694 1326 appellasse

303 1335 578 1394 perhibetnr1
611 1355 619 1380 ε
654 1352 743 1380 non
768 1346 913 1380 tamen
939 1337 973 1380 si
1001 1337 1084 1381 hoc
1121 1352 1305 1391 nomen,
1342 1345 1577 1395 antequam
1599 1336 1691 1395 ipse

304 1405 572 1461 institueret„
598 1421 688 1450 non
718 1415 835 1460 erat,
861 1405 960 1450 ideo
982 1405 1051 1450 vel
1074 1421 1138 1450 res
1165 1407 1270 1466 ipsae
1298 1421 1388 1450 non
1416 1414 1561 1459 erant,
1583 1417 1694 1465 quas

303 1475 421 1520 ideas
444 1477 628 1531 vocavit,
652 1476 722 1521 vel
745 1493 769 1520 a
804 1475 927 1521 nullo
949 1486 1073 1521 erant
1103 1476 1336 1521 intellectae
1362 1495 1371 1521 ε
1398 1474 1578 1520 εεᾶειΗο
1599 1474 1693 1519 for-
1758 1487 1766 1520 ,’

304 1554 414 1590 tasse
435 1556 566 1607 atque
601 1546 685 1591 alio
720 1547 896 1591 nomine
926 1548 981 1591 ab
1019 1547 1109 1591 aliis
1141 1556 1272 1607 atque
1302 1546 1392 1591 aliis
1427 1554 1695 1605 nuncupatae
1758 1546 1760 1554 ’

304 1626 420 1661 sunt.
443 1618 562 1662 Licet
580 1618 696 1662 enim
711 1618 870 1677 cuique
885 1618 946 1661 rei
962 1618 1211 1676 incognitae,
1232 1632 1330 1677 quae
1348 1616 1518 1661 nullum
1534 1616 1696 1660 habeat

306 1688 510 1731 usitatum
534 1702 718 1742 nomen,
753 1687 983 1747 quodlibet
1016 1703 1176 1731 nomen
1199 1688 1438 1746 imponere.
1472 1689 1579 1732 Nam
1603 1700 1694 1731 non

305 1766 368 1801 est
391 1757 618 1801 verisimile
634 1792 646 1811 ‚
670 1760 883 1816 sapientes
905 1766 981 1801 aut
998 1757 1142 1802 nullos
1161 1756 1294 1802 fuisse
1316 1767 1416 1802 ante
1441 1757 1690 1814 Platonem3

306 1828 517 1883 antistas,
549 1843 656 1887 quas
680 1827 825 1882 Plato,
861 1837 910 1872 ut
937 1828 1104 1872 dictum
1135 1837 1220 1882 est,
1246 1827 1366 1873 ideas
1389 1836 1538 1883 vocat⁷
1568 1842 1694 1887 quae·
1765 1873 1768 1891 ὦ

305 1913 494 1958 cumque
515 1913 581 1942 res
604 1899 710 1953 sint,
745 1914 836 1943 non
860 1890 1136 1944 intellexisse.
1165 1899 1388 1958 Siquidem
1417 1907 1537 1942 tanta
1560 1898 1606 1941 in
1634 1897 1694 1941 eis
1761 1904 1769 1957 j

305 1968 367 2012 vis
402 1969 696 2024 constituitur,
730 1978 779 2014 ut
798 1968 877 2013 nisi
902 1969 969 2012 his
989 1967 1221 2013 intellectis
1250 1968 1420 2027 sapiens
1445 1982 1536 2011 esse
1562 1981 1694 2012 nemo

305 2040 453 2098 possit.
479 2039 697 2086 Credibile
727 2049 789 2085 est
812 2040 942 2084 etiam
972 2048 1128 2098 praeter
1148 2040 1356 2084 Graeciam
1381 2038 1513 2083 fuisse
1529 2036 1575 2082 in
1597 2037 1691 2082 aliis

307 2110 508 2168 gentibus
529 2110 743 2169 sapientes
764 2129 773 2155 ε
798 2110 919 2170 quod
939 2110 1068 2154 etiam
1087 2109 1211 2154 Plato
1226 2110 1316 2169 ipse
1337 2124 1427 2154 non
1448 2108 1589 2153 solum
1610 2123 1690 2168 pe-

308 2180 567 2240 regrinando
584 2182 804 2241 sapientiae
831 2180 1106 2241 perficiendae
1126 2183 1259 2239 gratia
1281 2182 1381 2226 satis
1395 2190 1575 2225 testatus
1592 2189 1658 2224 est
1674 2214 1686 2234 ‚

308 2250 383 2295 sed
404 2252 533 2296 etiam
551 2252 597 2296 in
613 2251 734 2296 libris
751 2252 837 2296 suis
858 2261 1186 2297 commemorat.
1204 2255 1292 2296 Hos
1308 2267 1425 2311 ergo,
1444 2251 1571 2311 siqui
1593 2250 1690 2294 fue-

310 2331 428 2376 runt,
452 2338 541 2366 non
564 2322 895 2367 existimandum
916 2331 980 2366 est
996 2321 1113 2366 ideas
1134 2323 1365 2383 ignorasse,
1392 2321 1588 2383 quamvis
1604 2319 1690 2364 alio

308 2389 487 2436 fortasse
510 2407 579 2436 eas
602 2393 779 2437 nomine
804 2393 1069 2438 vocaverint.
1097 2392 1181 2437 Sed
1201 2392 1256 2436 de
1279 2392 1455 2437 nomine
1481 2391 1690 2434 hactenus

309 2462 475 2506 dictum
497 2463 552 2507 sit
573 2481 582 2508 ε
607 2479 697 2507 rem
714 2463 953 2520 videamus,
973 2478 1073 2523 quae
1090 2464 1276 2508 maxime
1291 2460 1604 2508 consideranda
1621 2469 1689 2505 at-

362 2552 369 2568 ¹
388 2547 466 2580 Vide
484 2547 540 2580 lib.
559 2558 604 2580 vn
624 2548 663 2581 de
681 2548 776 2581 Civit.
796 2547 868 2591 Dei,
888 2558 960 2591 cap.
979 2547 1032 2580 28.
