1790 3187
14 2454 18 2515 l

390 227 443 254 ΒΕ
475 228 579 255 οετο
611 227 801 255 numu-11
834 228 1164 264 QUAESTIONJBUS.
1388 219 1474 257 229

86 302 281 339 verantes
316 293 573 338 criminibus
592 329 603 348 ,
638 302 781 337 tamen
817 304 995 353 propter
1026 294 1156 339 fidem
1188 294 1347 339 Christi
1369 295 1473 340 salvi

84 375 229 420 erunt,
255 364 478 424 quomodo
500 366 543 408 in
568 380 702 424 regno
725 365 801 408 Dei
817 381 905 409 non
927 368 1092 410 erunt?

146 438 234 480 11⁰.
264 436 348 481 Sed
370 436 472 496 quia
496 437 588 481 haec
611 436 846 496 apostolica
869 438 1215 481 manifestissima
1236 445 1279 481 et
1301 437 1475 498 apertis-

83 509 188 552 sima
223 507 468 551 testimonia
499 506 604 551 falsa
630 523 720 552 esse
750 523 838 552 non
866 518 1073 567 possunt,
1109 507 1218 552 illud
1240 508 1360 568 quod
1392 509 1475 553 ob·

83 593 206 623 scure
228 577 395 622 dictum
419 586 482 622 est
498 613 508 633 ,
534 578 589 622 de
611 578 676 622 his
701 579 775 638 qui
795 579 1142 638 superaedificant
1163 594 1293 638 super
1315 579 1475 624 funda-

82 659 278 694 mentum
298 685 309 705 ,
352 650 473 709 quod
505 659 567 694 est
609 650 806 695 Christus
826 686 836 703 ,
873 666 961 694 non
993 665 1173 705 aurum,
1210 660 1439 710 argentum
1460 685 1472 706 ,

81 721 244 780 lapides
273 722 504 781 pretiosos,
542 721 616 766 sed
654 722 788 781 ligna,
814 722 985 766 soenum
1005 758 1015 777 ,
1041 721 1245 782 stipulam
1264 758 1275 778 ,
1300 723 1383 781 (de
1408 723 1473 766 his

81 794 194 837 enim
230 794 397 837 dietum
420 803 509 847 est,
541 792 660 853 quod
684 794 926 852 perignem
950 793 1053 836 salvi
1078 803 1229 848 erunt,
1264 794 1473 854 quoniam

80 865 356 909 fundamenti
376 866 530 909 merito
552 881 638 908 non
658 865 892 924 peribunt,
911 867 926 919 )
947 865 1005 907 sic
1026 863 1360 922 intelligendum
1384 873 1469 918 est,

78 947 128 981 ut
160 938 224 980 his
249 936 485 980 manifestis
508 953 596 980 non
629 937 876 980 inveniatur
903 951 993 979 esse
1027 937 1307 980 contrarium.
1334 936 1472 995 Ligna

78 1008 240 1068 quippe
263 1017 304 1051 et
340 1006 509 1050 foenum
533 1017 575 1051 et
602 1007 760 1067 stipula
796 1023 884 1050 non
918 1007 1106 1050 absurde
1134 1008 1266 1066 accipi
1291 1016 1474 1066 possunt

78 1095 220 1123 rerum
236 1079 525 1134 saeeutarium,
541 1080 739 1139 quamvis
758 1078 873 1123 licite
890 1094 1208 1130 concessarum,
1226 1078 1330 1121 tales
1347 1079 1473 1137 cupi·

77 1150 246 1204 ditates,
265 1163 313 1194 ut
327 1150 465 1193 amitti
478 1150 568 1193 sine
581 1150 711 1193 animi
728 1149 878 1194 dolore
893 1165 981 1193 non
1000 1150 1179 1209 possint.
1198 1151 1307 1194 Cum
1325 1159 1470 1193 autem

77 1221 157 1266 iste
178 1221 304 1266 dolor
321 1222 435 1277 urit,
460 1221 494 1265 si
511 1221 708 1266 Christus
731 1221 776 1265 in
800 1221 931 1266 eorde
955 1219 1229 1265 fundamenti
1248 1221 1382 1264 habet
1402 1219 1471 1265 lo-

75 1309 202 1348 cum,
243 1293 288 1337 id
324 1302 409 1347 est,
443 1301 492 1336 ut
523 1293 560 1337 ei
586 1292 695 1337 nihil
725 1302 1044 1353 anteponatur,
1079 1303 1122 1337 et
1154 1292 1278 1337 malit
1305 1293 1467 1347 homo,

73 1365 147 1424 qui
166 1363 241 1408 tali
264 1363 414 1409 dolore
434 1365 593 1419 uritur,
616 1364 742 1408 rebus
760 1381 867 1420 quas
884 1366 939 1408 ita
964 1363 1121 1422 diligit,
1143 1379 1305 1418 carere,
1335 1379 1469 1423 quam

75 1436 247 1480 Christo
267 1470 277 1490 ,
308 1451 385 1495 per
412 1436 556 1494 ignem
591 1436 639 1480 fit
673 1435 832 1480 salvus.
869 1436 911 1481 Si
940 1445 1085 1479 autem
1117 1450 1182 1478 res
1214 1435 1470 1494 hujusmodi

74 1505 333 1567 temporales
355 1523 404 1551 ac
426 1507 654 1551 saeculares
681 1516 878 1566 tempore
901 1506 1153 1551 tentationis
1176 1505 1377 1550 maluerit
1405 1516 1470 1550 te-

74 1593 175 1622 nere
196 1594 329 1638 quam
359 1579 603 1633 Christum,
641 1594 740 1622 eum
764 1578 809 1622 in
834 1577 1120 1622 fundamenta
1156 1594 1245 1621 non
1276 1577 1435 1621 habuit
1457 1597 1465 1622 :

73 1651 170 1711 quia
197 1653 288 1695 haec
311 1650 456 1710 priore
476 1649 572 1694 loco
596 1650 748 1694 habuit
768 1686 777 1704 ,
799 1666 898 1694 cum
924 1650 966 1693 in
990 1650 1177 1693 aedisicio
1197 1665 1284 1693 non
1308 1649 1361 1692 sit
1384 1647 1465 1692 ali-

72 1722 178 1782 quid
202 1721 320 1780 prius
341 1720 646 1764 fundamento,
674 1721 792 1779 Ignis
814 1721 926 1764 enim
942 1756 952 1774 ,
973 1720 1028 1764 (le
1050 1737 1138 1780 qno
1156 1736 1207 1763 eo
1225 1719 1322 1764 loeo
1345 1718 1469 1763 locu-

72 1801 140 1836 tus
173 1802 237 1836 est
258 1791 479 1851 apostolus
513 1791 696 1845 Paulus,
735 1791 827 1835 talis
856 1790 987 1835 debet
1018 1791 1223 1848 intelligi,
1261 1800 1307 1834 ut
1338 1790 1467 1833 ambo

18 1910 21 1922 ι
71 1878 149 1923 per
179 1879 279 1906 eum
318 1872 563 1917 transeant,
596 1862 640 1906 id
671 1873 754 1917 est,
784 1864 925 1922 etqui
961 1882 979 1903 «
1005 1862 1192 1906 aedificat
1220 1877 1351 1919 super
1382 1862 1466 1905 hoc

75 1953 94 1977 »
119 1934 453 1979 fundamentum
472 1970 482 1989 ,
508 1950 686 1987 aurum,
713 1944 942 1993 argentum
960 1970 971 1989 ,
995 1934 1159 1992 lapides
1181 1934 1389 1992 pretiosos
1410 1968 1420 1987 ,
1444 1951 1464 1973 n

71 2015 112 2050 et
136 2006 209 2066 qui
237 2026 256 2047 «
278 2005 666 2065 aedificatlignum,
687 2005 877 2060 foenum,
899 2005 1147 2064 stipulam1.
1174 2024 1192 2045 »
1217 2006 1329 2049 Cum
1349 2005 1463 2048 enim

72 2076 153 2121 hoe
175 2076 378 2129 dixisset,
414 2077 643 2136 adjunxit:
679 2096 697 2117 «
727 2076 1076 2135 Uniuseujusque
1099 2091 1207 2134 opus
1229 2074 1358 2135 quale
1381 2075 1435 2118 sit
1451 2110 1461 2129 ‚

74 2166 94 2188 n
118 2149 227 2207 ignis
245 2148 462 2207 probabit.
493 2148 534 2192 Si
556 2149 682 2207 cujus
704 2163 813 2206 opus
847 2147 1129 2207 permanserit
1149 2182 1159 2201 ,
1185 2146 1307 2206 quod
1335 2161 1465 2205 super

74 2219 376 2271 »aed1fieavit,
419 2220 663 2262 mercedem
701 2218 897 2277 accipiet.
937 2218 979 2262 Si
1014 2218 1138 2277 cujus
1172 2225 1316 2260 autem
1354 2232 1463 2275 opus

74 2306 94 2330 ›»
119 2299 315 2333 exustum
340 2289 501 2344 fuerit,
526 2290 736 2331 damnum
762 2289 949 2347 patietur
986 2307 994 2332 ε
1028 2288 1119 2347 ipse
1142 2296 1286 2330 autem
1321 2286 1463 2330 salvus

74 2377 93 2399 »
118 2360 218 2414 erit,
255 2360 314 2404 sic
344 2370 488 2403 tamen
521 2359 644 2420 quasi
678 2375 754 2418 por
784 2361 929 2418 ignem
947 2363 979 2401 2.
1008 2377 1027 2399 »
1069 2361 1167 2403 Non
1195 2374 1298 2418 ergo
1332 2358 1462 2402 unius

71 2444 217 2474 eorum
242 2431 316 2474 sed
338 2433 564 2490 utriusque
582 2446 691 2489 opus
709 2431 819 2489 ignis
845 2430 1062 2489 probabit.

132 2504 217 2544 12⁰.
249 2504 325 2545 Est
359 2501 538 2561 quidam
570 2500 680 2560 ignis
718 2501 902 2545 tentatio
939 2499 1253 2555 tribulationis,
1289 2501 1344 2543 de
1371 2516 1460 2559 quo

118 2592 126 2608 ¹
151 2596 164 2618 ι
187 2587 258 2619 Cor.
282 2599 333 2627 111,
357 2594 406 2619 rt.
425 2593 489 2610 κ’
519 2586 600 2618 thid.
634 2587 671 2618 13
698 2591 731 2618 et
748 2597 835 2628 seqq.
