1790 3187
369 229 422 255 DE
457 228 647 254 DtVEItSIS
681 228 837 262 QUAEST.
873 228 1020 254 ocroc.
1056 228 1219 254 Tunius.
1435 217 1488 253 53

102 311 191 342 esse
207 295 425 340 fateantur
452 313 460 337 :
490 294 611 352 quod
635 291 833 336 futurum
857 292 1072 336 credimus
1089 291 1281 335 secundo
1299 290 1491 336 adventu

102 366 296 420 Domini,
317 379 406 424 quo
424 363 469 407 in
481 361 676 406 claritate
693 371 903 407 venturus
917 371 978 406 est
991 383 1002 420 3
1017 362 1139 422 cujus
1153 362 1366 407 adventus
1378 377 1490 421 prae-

98 451 244 480 cursor
283 443 478 494 speratur
512 433 647 487 Elias,
674 433 785 477 sicut
812 433 942 492 hujus
965 435 1154 477 Joannes
1175 432 1274 476 fuit.
1307 435 1364 477 Et
1391 432 1489 478 ideo

97 507 256 552 dicitur
273 521 296 550 a
318 506 527 560 Domino,
556 523 574 545 «
597 503 712 548 Elias
727 505 814 564 jam
839 505 979 559 venit,
1005 514 1048 549 et
1071 503 1209 548 multa
1232 505 1269 547 ei
1291 504 1489 548 homines

100 597 120 619 »
145 578 358 632 fecerunt,
392 586 434 620 et
457 577 489 620 si
511 575 643 620 vultis
675 576 806 631 scire,
834 577 923 635 ipse
952 585 1015 620 est
1044 578 1234 620 Joannes
1259 576 1451 634 Baptista
1472 610 1484 631 ,

100 669 118 691 »
144 650 217 710 qui
235 658 443 694 venturus
468 650 570 692 est1.
598 666 617 689 »
644 648 754 701 Quia
780 648 825 692 in
847 648 1001 692 eodem
1031 647 1184 707 spiritu
1202 656 1245 690 et
1266 647 1311 690 in
1335 646 1487 691 eadem

94 721 268 774 virtute,
297 730 505 780 tanquam
529 718 815 778 praecedentis
836 721 1048 779 praeconis
1070 719 1214 764 oflicio
1235 728 1278 763 et
1298 718 1370 762 hic
1395 721 1485 779 jam

95 791 232 844 venit,
254 799 296 834 et
322 790 396 834 ille
422 798 631 834 venturus
665 799 744 834 est.
783 793 1017 849 Propterea
1040 798 1082 833 et
1112 790 1242 833 istum
1270 791 1486 833 Joannem

94 876 168 921 per
194 861 392 920 spiritum
425 874 513 919 quo
547 869 668 919 pater
697 862 789 919 ejus
818 868 936 904 vates
972 860 1178 919 impletus
1215 868 1293 914 est,
1326 858 1487 903 dieitur

90 945 402 988 praecursorem
432 931 605 974 Domini
630 929 831 974 futurum
865 945 954 974 esse
983 931 1027 973 in
1061 929 1216 989 spiritu
1250 939 1293 973 et
1325 931 1486 975 virtute

90 1002 238 1046 Eliae2.
285 1002 470 1046 Peractis
508 1011 652 1045 autem
691 1000 825 1046 Maria
865 1015 965 1044 eum
1006 1000 1227 1044 Elisabeth
1261 1001 1485 1044 mensibus

89 1073 251 1128 tribus,
299 1072 519 1117 discedit3.
555 1075 652 1125 Quo
685 1087 867 1116 numero
900 1072 1005 1115 mihi
1045 1070 1218 1115 videtur
1251 1071 1483 1130 significari

89 1142 192 1187 fides
217 1143 458 1199 Trinitatis,
480 1152 522 1187 et
545 1143 757 1202 baptisma
782 1144 828 1186 in
859 1142 1036 1187 nomine
1059 1142 1195 1186 Patris
1229 1150 1271 1185 et
1307 1141 1407 1185 Filii
1440 1151 1483 1185 et

89 1214 270 1272 Spiritus
287 1215 421 1258 sancti
432 1215 464 1269 ⁴,
480 1230 568 1274 quo
586 1229 660 1273 per
677 1213 888 1257 humilem
904 1213 1078 1256 Domini
1092 1212 1328 1257 adventum
1344 1227 1481 1272 genus

0 1273 4 1289 ’
30 1310 33 1312 -
86 1286 327 1329 humanum
349 1285 577 1340 imbuitur,
604 1295 646 1330 et
671 1285 824 1329 futuro
849 1283 1042 1329 adventu
1073 1283 1278 1328 claritatis
1295 1283 1389 1342 ejus
1407 1298 1480 1327 ex-

88 1355 267 1400 tollitur.

142 1429 193 1480 Q·
214 1445 339 1471 AEswo
359 1428 474 1470 LIX.
492 1453 544 1459 —
565 1428 621 1469 Γ).
649 1429 769 1469 Inter
798 1425 1025 1485 parabolas
1059 1440 1082 1469 a
1118 1424 1305 1469 Domino
1340 1425 1477 1469 dictas

81 1496 188 1541 solet
217 1505 461 1556 quaerentes
495 1500 684 1540 multum
719 1511 917 1540 exercere
952 1496 1054 1550 ista,
1095 1511 1194 1555 quae
1232 1495 1287 1539 de
1325 1495 1476 1540 decem

81 1568 321 1625 virginibus
342 1568 480 1628 posita
504 1577 580 1611 est.
609 1570 665 1611 Et
687 1567 815 1611 multi
838 1567 1017 1627 quidem
1040 1567 1143 1610 hinc
1174 1567 1310 1611 multa
1330 1582 1477 1612 sense-

81 1648 203 1694 runt,
229 1654 328 1698 quae
347 1654 434 1683 non
457 1648 559 1683 sunt
580 1647 740 1698 praeter
762 1637 894 1682 fidem
917 1658 927 1683 ι
946 1638 1021 1682 sed
1036 1638 1261 1698 quomodo
1279 1639 1477 1698 partibus

78 1710 280 1754 omnibus
311 1712 402 1769 ejus
438 1711 669 1754 conveniat
703 1710 935 1768 expositio3
966 1710 1010 1753 id
1045 1709 1361 1754 elaborandum
1395 1720 1473 1755 est.

80 1781 182 1838 Legi
206 1782 335 1824 etiam
366 1781 413 1824 in
441 1781 635 1839 quadam
665 1781 904 1840 scriptura,
935 1796 985 1824 ex
1014 1795 1162 1824 earum
1194 1795 1351 1839 genere
1376 1797 1476 1842 quae

78 1852 342 1910 apocryphae
364 1852 648 1896 nominantur
664 1887 674 1907 ‚
701 1868 790 1896 non
812 1851 934 1912 quod
955 1852 1009 1896 sit
1033 1861 1184 1896 contra
1213 1851 1473 1896 catholicam

77 1920 223 1976 fidem,
245 1921 318 1965 sed
338 1922 437 1966 huic
454 1922 552 1966 loco
577 1922 682 1966 mihi
702 1923 845 1966 minus
862 1936 1102 1980 congruere
1119 1922 1210 1967 visa
1227 1932 1307 1977 est,
1332 1924 1475 1967 consi-

75 1993 243 2038 deranti
265 2008 412 2038 omnes
442 1993 571 2053 hujus
594 1993 890 2038 similitudinis
919 2003 1077 2053 partes.
1115 1997 1178 2038 De
1208 2010 1296 2054 qua
1325 2003 1472 2039 tamen

75 2064 336 2123 expositione
372 2072 535 2107 temere
567 2064 675 2108 nihil
712 2065 853 2109 audeo
884 2064 1108 2124 judicare,
1148 2079 1204 2108 ne
1236 2063 1348 2109 forte
1381 2081 1469 2111 non

75 2135 164 2194 ejus
187 2135 533 2179 inconvenientia
556 2135 664 2180 mihi
688 2135 907 2193 angustias
931 2135 1103 2192 fecerit,
1122 2136 1197 2181 sed
1220 2151 1316 2180 mea
1341 2136 1470 2180 tardi-

79 2214 138 2249 tas
160 2205 205 2248 in
227 2220 275 2249 ea
298 2206 646 2250 convenientiam
674 2221 763 2251 non
790 2206 1023 2252 invenerit.
1052 2207 1170 2260 Quid
1192 2216 1340 2251 autem
1362 2208 1468 2251 mihi

75 2275 274 2320 videatur
306 2291 395 2321 non
424 2276 609 2321 absurde
639 2278 723 2321 hoc
747 2276 847 2322 loco
875 2277 1039 2337 accipi,
1069 2287 1285 2338 quantum
1316 2287 1470 2337 potero

75 2346 263 2391 breviter
279 2357 323 2391 et
339 2347 570 2407 diligenter
585 2363 812 2407 exponam.

132 2420 192 2461 2⁰.
214 2420 508 2478 Interrogatus
530 2420 662 2477 igitur
686 2421 895 2464 Dominus
923 2429 1069 2465 noster
1091 2430 1255 2466 secreto
1286 2437 1309 2466 a
1328 2421 1468 2466 Disci-

78 2487 190 2547 pulis
209 2489 263 2532 de
286 2491 659 2535 consummatione
677 2491 846 2545 saeculi,
880 2491 993 2535 inter
1014 2491 1150 2537 multa
1175 2491 1256 2536 alia
1279 2508 1379 2552 quae
1398 2492 1466 2536 lo-

122 2568 131 2584 =
155 2563 273 2594 Matth.
291 2574 368 2605 xvn,
394 2573 442 2596 12.
462 2581 501 2586 ·-
517 2563 930 2606 ’‘Luc.1‚17.—-3Il›id.
957 2565 1008 2597 56.
