1790 3187
335 203 418 244 402
766 212 797 241 s.
836 214 1065 242 aucus-mm
1097 213 1275 241 smscom

331 296 398 325 me
415 289 520 339 puto
539 280 687 326 dehac
710 294 754 323 re
775 281 1031 324 sententiam
1050 295 1191 324 meam
1209 280 1382 340 quaeris,
1399 293 1480 339 ego
1501 279 1548 323 in
1565 281 1712 325 Evan-

331 349 475 410 gelicis
507 360 550 395 et
581 349 837 410 Apostolicis
868 349 1044 405 litteris,
1077 360 1260 410 totoque
1282 350 1571 394 instrumento
1593 348 1714 409 quod

329 421 572 481 appellatur
587 424 905 466 'Testamentum
924 424 1113 477 Novum,
1134 422 1279 466 animo
1291 419 1334 464 id
1345 420 1568 466 revolvens
1586 420 1714 476 video

330 503 595 554 praeceptum
617 508 706 537 esse
721 493 952 554 jejunium.
970 493 1137 547 Quibus
1156 502 1302 537 autem
1316 491 1469 536 diebus
1484 508 1574 537 non
1587 506 1714 551 opor·

330 573 415 609 teat
446 566 668 625 jejunare,
694 573 737 608 et
758 565 916 624 quibus
937 573 1160 624 oporteat,
1188 572 1408 623 praecepto
1433 563 1605 608 Domini
1641 561 1713 607 vel

327 635 634 695 Apostolorum
658 651 746 679 non
777 636 951 680 invenio
972 635 1220 679 delinitum.
1255 638 1316 679 Ac
1340 649 1416 694 per
1437 635 1520 679 hoc
1554 633 1711 688 sentio,

329 720 416 748 non
439 705 615 765 quidem
647 704 700 749 ad
732 705 1034 760 obtinendam,
1070 720 1201 765 quam
1237 704 1342 749 fides
1376 704 1545 749 obtinet
1581 713 1713 764 atque

323 775 504 833 justitia,
531 776 575 820 in
593 792 679 835 qua
702 785 766 820 est
790 775 1073 835 pulchritudo
1095 775 1194 819 fitiae
1217 775 1327 834 regis
1346 773 1714 830 intrinsecus,sed

327 854 469 890 tamen
504 846 558 890 ad
596 846 923 906 significandam
952 847 1146 908 requiem
1182 847 1503 906 sempiternam,
1535 847 1611 890 ubi
1648 854 1713 891 est

325 932 476 960 verum
527 917 759 962 sabbatum
776 952 786 972 ,
828 918 1134 962 relaxationem
1178 932 1310 977 quam
1358 917 1712 962 constrictionem

322 1001 477 1045 JcJunu
497 997 637 1045 aptius
663 1002 913 1032 convenlre.

382 1058 863 1103 XXVI.Verumtamen
881 1058 926 1102 in
948 1058 1077 1118 hujus
1101 1057 1271 1102 sabbati
1290 1057 1458 1118 jejunio
1480 1058 1568 1102 sive
1579 1072 1713 1116 pran—

322 1125 410 1180 dio,
437 1126 544 1171 nihil
565 1129 670 1172 milii
695 1128 865 1172 videtur
891 1129 1023 1173 tutius
1046 1129 1331 1187 pacatiusque
1351 1128 1559 1182 servari,«
1576 1142 1709 1187 quam

326 1207 372 1241 ut
395 1199 467 1258 qui
498 1199 733 1244 manducat
763 1216 851 1244 non
884 1199 1221 1244 manducantem
1248 1214 1338 1244 non
1357 1207 1547 1259 spernat,
1574 1208 1617 1243 et
1637 1198 1713 1258 qui

326 1285 413 1312 non
443 1270 679 1315 manducat
698 1271 1033 1315 manducantem
1057 1286 1147 1315 non
1162 1270 1330 1329 judicet
1353 1289 1361 1316 z
1387 1270 1490 1330 quia
1512 1284 1655 1329 neque
1677 1269 1714 1313 si

324 1341 727 1386 manducaverimus
760 1341 1107 1396 abundabimus,
1133 1356 1275 1400 neque
1307 1341 1340 1385 si
1362 1356 1450 1384 non
1474 1339 1713 1385 manduca-

324 1411 510 1455 verimus
534 1413 757 1470 egebimus
777 1415 786 1438 ¹
813 1432 821 1457 :
843 1431 863 1454 »
889 1411 1104 1457 custodita
1121 1411 1284 1456 scilicet
1296 1426 1446 1455 corum
1468 1411 1582 1455 inter
1603 1425 1713 1470 quos

325 1482 523 1538 vivimus,
550 1493 714 1529 etcum
740 1483 898 1543 quibus
926 1487 1015 1528 Deo
1044 1483 1244 1537 vivimus,
1270 1482 1313 1526 in
1344 1482 1409 1526 his
1437 1482 1566 1526 rebus
1599 1481 1715 1526 inof-

325 1551 444 1597 fensa
479 1555 697 1598 societate.
734 1555 854 1599 Sicut
885 1555 1001 1598 enim
1038 1554 1158 1614 quod
1196 1554 1253 1598 ait
1293 1553 1528 1613 Apostolus
1560 1568 1713 1598 verum

325 1631 404 1677 est,
446 1642 465 1665 «
495 1624 658 1667 malum
680 1640 767 1668 esse
794 1625 976 1679 homini,
1008 1625 1083 1683 qui
1105 1639 1181 1683 per
1209 1624 1496 1668 offensionem
1525 1623 1713 1667 mandu-

329 1711 347 1733 »
376 1696 491 1738 cat2:
508 1713 526 1735 »
554 1695 612 1739 ita
632 1695 792 1739 malum
814 1705 877 1739 est
899 1695 1080 1749 homini,
1108 1696 1183 1754 qui
1205 1710 1281 1754 per
1303 1694 1710 1754 offensionemjeju-

327 1774 414 1809 nat.
442 1769 537 1811 Non
562 1767 707 1827 itaque
734 1767 864 1811 simus
886 1767 944 1810 eis
966 1766 1139 1820 similes,
1163 1766 1237 1824 qui
1270 1765 1466 1810 videntes
1499 1768 1712 1811 Joannem

327 1852 415 1880 non
431 1838 765 1882 manducantem
788 1854 866 1882 nec
888 1838 1126 1893 bibentem,
1148 1837 1366 1892 dixerunt,
1397 1855 1415 1879 «
1437 1837 1713 1881 Daemonium

331 1925 349 1946 »
376 1907 509 1959 habet
533 1911 563 1952 ³.
595 1928 613 1950 n
643 1910 727 1953 Sed
750 1924 829 1953 nec
862 1924 1007 1952 rursus
1043 1909 1118 1963 eis,
1149 1909 1225 1968 qui
1254 1907 1451 1952 videntes
1489 1907 1713 1952 Christum

330 1977 662 2022 manducantem
681 1988 723 2023 et
744 1979 978 2033 bibentem,
1000 1977 1224 2022 dixerunt:
1251 1997 1270 2020 «
1292 1981 1404 2022 Ecce
1427 1979 1559 2022 homo
1581 1993 1714 2022 vorax

333 2065 350 2087 »
378 2055 421 2090 ct
444 2048 632 2102 vinosus,
654 2049 816 2092 amicus
839 2048 1170 2107 publicanorum
1191 2056 1233 2092 et.
1251 2057 1543 2106 peccatorum.
1565 2066 1584 2088 »
1602 2050 1712 2091 Rem

329 2118 490 2177 quippe
513 2118 638 2163 valde
660 2119 941 2163 necessariam
960 2119 1165 2163 hisdictis
1192 2119 1400 2163 Dominus
1422 2119 1513 2177 ipse
1529 2117 1714 2177 subjecit

329 2198 460 2247 atque
482 2190 540 2233 ait
566 2209 574 2235 z
603 2209 622 2232 «
649 2193 704 2234 Et
721 2191 954 2250 justificata
974 2199 1036 2235 est
1056 2190 1272 2248 Sapientia
1294 2190 1339 2233 in
1358 2189 1455 2234 filiis
1470 2190 1607 2233 suis.»
1627 2188 1714 2241 Qui

329 2259 415 2302 sint
433 2269 576 2304 autem
602 2261 684 2314 isti,
705 2261 737 2304 si
759 2262 953 2321 requiris,
980 2260 1075 2319 lege
1096 2262 1215 2320 quod
1232 2261 1438 2320 scriptum
1463 2269 1527 2304 est
1551 2279 1562 2316 3
1581 2258 1714 2303 «Filii

333 2348 351 2370 »
379 2331 600 2388 sapientire
626 2331 814 2376 Ecclesia
836 2334 1053 2391 justorum
1078 2331 1092 2356 ⁴
1119 2350 1127 2375 ε
1165 2350 1184 2372 »
1217 2331 1246 2375 ii
1269 2340 1391 2386 sunt,
1430 2330 1506 2390 qui
1534 2328 1712 2389 quando

330 2400 610 2457 manducant,
635 2418 722 2447 uon
739 2402 1049 2447 manducantes
1073 2417 1160 2446 non
1179 2411 1406 2461 spernunt,
1425 2400 1602 2461 quando
1624 2414 1713 2444 non

330 2472 612 2528 manducant,
638 2474 948 2518 manducantes
977 2489 1064 2518 non
1091 2471 1329 2533 judicant?
1356 2470 1431 2516 sed
1455 2486 1528 2516 eos
1564 2469 1709 2531 plane,

382 2563 389 2579 ¹
419 2561 506 2590 Rom.
532 2570 595 2599 xiv,
617 2560 647 2591 3.
668 2576 704 2582 --
720 2566 731 2582 ²
753 2558 832 2592 ibid.
863 2560 914 2592 30.
930 2575 969 2582 ——
984 2556 995 2582 3
1013 2557 1126 2591 Manli.
1150 2569 1194 2598 xi,
1224 2558 1271 2590 ι8.
1292 2573 1326 2580 —-
1346 2555 1362 2587 lo
1381 2556 1479 2590 Eccli.
1498 2567 1548 2597 ιιι,
1572 2566 1599 2588 ι.
