1790 3187
332 187 414 226 306
766 200 797 224 s.
836 198 1065 226 Aneus‘rim
1097 197 1278 225 Erlscom
1320 203 1323 205 >

329 261 506 307 ecclesia
528 269 675 318 tenet3
703 261 762 305 sic
783 276 950 319 magnae
971 261 1252 321 impudentiae
1283 268 1347 304 est
1362 293 1374 314 ‚
1402 258 1514 304 velle
1542 273 1710 303 servare

327 348 426 392 quae
443 331 794 389 Carthaginensis
815 332 991 376 ecelesia
1015 332 1214 376 correxit.
1235 329 1302 374 Ad
1322 331 1434 374 hanc
1456 339 1601 373 autem
1619 344 1710 373 rem

292 461 293 464 Ἴ
326 403 421 463 quis
443 401 552 446 alius
572 401 797 461 episcopus
825 410 935 447 esset
961 401 1178 463 optandus
1194 436 1205 457 ,
1231 401 1312 445 nisi
1332 400 1409 460 qui
1431 415 1481 445 ea
1502 398 1710 444 diaconus

327 473 609 517 execrabatur
628 473 723 529 (5)?

387 545 439 586 V.
479 541 562 587 Sed
587 540 706 600 quod
739 550 830 585 erat
851 550 957 587 tunc
982 540 1220 586 dolendum
1238 575 1249 596 ‚
1282 555 1399 584 nunc
1424 538 1712 583 auferendum
1756 588 1758 600 2
1786 557 1790 600 ξ

278 656 279 659 ,
326 622 416 666 est,
448 628 535 655 non
555 627 725 670 aspere,
761 611 835 655 sed
865 612 975 656 sicut
997 611 1204 670 scriptum
1228 620 1315 664 est,
1350 630 1370 652 «
1399 613 1449 654 In
1470 611 1622 668 spiritu
1646 607 1711 652 le·
1756 623 1758 657 ς

328 701 349 724 n
381 682 525 725 nitatis
551 691 594 724 et
617 681 991 725 mansuetudinis¹
1015 701 1025 726 ι
1054 700 1072 722 »
1101 684 1212 724 Dant
1240 681 1355 724 enim
1381 680 1486 723 mihi
1509 679 1713 723 fiduciam
1788 707 1790 726 ,

278 785 279 789 ,
327 750 484 795 litterae
502 761 588 794 tuae
605 750 766 795 indices
783 751 1113 809 germanissimae
1130 751 1350 795 charitatis
1365 785 1375 804 ,
1395 759 1445 793 ut
1461 758 1602 793 tecum
1621 758 1714 792 tan·
1756 743 1758 804 J

325 837 457 882 quam
489 837 659 866 mecum
684 821 865 866 audeam
890 822 1098 882 colloqui.
1123 824 1220 867 Non
1250 836 1351 879 ergo
1373 836 1545 879 aspere,
1571 835 1714 879 quan·

328 902 421 937 tum
439 893 637 937 existimo
652 927 663 947 ‚
688 909 776 936 non
799 892 968 937 duriter
983 928 994 947 ‚
1021 909 1108 937 non
1132 892 1263 936 modo
1284 892 1512 950 imperioso
1533 891 1611 934 ista
1628 889 1714 934 tol·
1758 942 1759 946 Ἰ

269 964 271 966 ’
325 961 478 1006 luntur
503 982 512 1007 :
536 962 669 1019 magis
697 962 897 1006 docendo
923 978 1054 1022 quam
1079 961 1279 1021 jubendo
1296 996 1307 1015 ‚
1335 961 1468 1020 magis
1498 959 1716 1004 monendo

324 1049 456 1092 quam
479 1033 702 1076 minando.
732 1034 800 1077 Sic
819 1034 934 1076 enirn
952 1033 1168 1091 agendum
1188 1042 1252 1076 est
1271 1048 1372 1077 cum
1398 1030 1680 1075 multitudine
1703 1048 1712 1074 :
1758 1034 1760 1043 ²

327 1103 529 1146 severitas
551 1112 698 1146 autem
721 1103 959 1147 exercenda
983 1104 1109 1147 estin
1134 1113 1308 1162 peecata
1328 1116 1582 1161 paucorum.
1604 1103 1660 1144 Et
1682 1099 1717 1144 si
1755 1109 1760 1146 ἑ

330 1172 438 1231 quid
469 1173 712 1226 minamur,
749 1188 849 1216 curn
882 1172 1033 1216 dolore
1057 1173 1153 1226 fiat,
1188 1171 1242 1215 de
1273 1172 1502 1230 Scripturis
1533 1170 1715 1215 commi·
1758 1158 1763 1195 ἶ

331 1241 478 1286 nando
503 1241 739 1286 vindictam
764 1241 986 1285 futuram‘2
1003 1276 1013 1296 ‚
1045 1257 1100 1285 ne
1129 1258 1207 1286 nos
1228 1242 1306 1300 ipsi
1335 1242 1380 1284 in
1404 1251 1547 1284 nostra
1571 1250 1718 1300 potes·
1756 1263 1758 1266 ·

332 1321 447 1366 tate,
483 1312 557 1356 sed
596 1316 708 1356 Deus
741 1313 785 1355 in
820 1321 967 1356 nostro
1005 1327 1203 1356 sermone
1246 1312 1461 1356 timeatur.
1503 1315 1566 1355 lta
1602 1311 1719 1370 prius
1758 1331 1764 1351 ι

332 1383 630 1427 movebuntur
656 1382 866 1440 spiritales
900 1381 968 1425 vel
999 1381 1264 1440 spiritalibus
1291 1383 1498 1441 proximi,
1528 1395 1718 1441 quorum
1755 1368 1759 1380 ι

333 1452 608 1505 auctoritate,
623 1461 664 1495 et
685 1451 907 1495 lenissimis
929 1452 1107 1511 quidem
1131 1452 1205 1496 sed
1228 1452 1542 1497 instantissimis
1563 1451 1719 1495 admo-

337 1522 575 1565 nitionibus
597 1531 750 1566 caetera
775 1521 1012 1565 multitudo
1036 1521 1274 1581 frangatur.

394 1595 470 1636 Vl.
505 1592 587 1637 Sed
612 1593 816 1652 quoniam
842 1593 932 1636 istae
949 1593 991 1635 in
1011 1593 1267 1636 coemeteriis
1283 1593 1510 1636 ebrietates
1531 1600 1575 1635 et
1596 1591 1717 1635 luxu-

336 1662 445 1706 riosa
470 1662 690 1716 convivia,
717 1678 802 1705 non
826 1662 965 1705 solum
985 1663 1169 1705 honores
1186 1665 1428 1719 Martyrum
1452 1678 1475 1705 a
1498 1660 1658 1705 carnali
1677 1668 1720 1703 et

336 1733 531 1790 imperita
552 1730 676 1790 plebe
694 1732 811 1776 credi
829 1732 993 1785 solent,
1013 1733 1088 1774 sed
1106 1732 1233 1775 etiam
1253 1731 1400 1775 solatia
1420 1741 1717 1787 mortuorum;
1759 1731 1762 1772 ζ

336 1802 442 1845 mihi
475 1801 646 1844 videtur
674 1800 841 1844 facilius
869 1800 955 1844 illie
989 1801 1224 1844 dissuaderi
1250 1817 1371 1859 posse
1392 1802 1515 1844 istam
1539 1801 1717 1844 foedita-

338 1881 423 1916 tem
449 1887 496 1915 ac
519 1871 835 1930 turpitudinem
853 1906 864 1925 ‚
888 1872 922 1914 si
944 1871 1058 1914 etde
1083 1871 1312 1929 Scripturis
1337 1871 1618 1930 prohibeatur
1636 1904 1647 1922 ‚
1676 1878 1720 1913 et
1759 1878 1761 1883 ⁴

337 1944 578 1989 oblationes
603 1960 679 2002 pro
701 1945 922 2002 spiritibus
945 1944 1276 1996 dormientium,
1302 1959 1408 2002 quas
1432 1958 1529 1986 vere
1556 1941 1720 2001 aliquid

339 2015 543 2073 adjuvare
567 2015 832 2058 credendum
864 2023 952 2067 est,
983 2029 1111 2072 super
1135 2015 1244 2071 ipsas
1268 2014 1496 2056 memorias
1520 2028 1607 2055 non
1635 2013 1720 2056 sint
1780 2042 1785 2068 3

339 2093 618 2142 sumptuosae,
637 2093 767 2142 atque
782 2085 984 2126 omnibus
1001 2084 1246 2142 petentibus
1262 2084 1352 2126 sine
1374 2083 1528 2141 typho,
1553 2092 1597 2125 et
1619 2096 1718 2126 cum

340 2155 559 2198 alacritate
596 2155 872 2213 praebeantur
901 2172 910 2198 :
946 2169 1089 2212 neque
1116 2155 1387 2210 vendantur3
1417 2153 1491 2197 sed
1527 2153 1560 2197 si
1588 2153 1684 2213 quis
1703 2187 1715 2207 ,

339 2241 417 2285 pro
447 2224 650 2282 religione
679 2224 844 2284 aliquid
878 2224 1072 2283 pecunire
1103 2224 1260 2268 offerre
1291 2224 1499 2278 voluerit,
1536 2224 1579 2267 in
1603 2239 1718 2282 prae-

337 2295 444 2338 senti
469 2294 731 2355 pauperibus
753 2304 915 2352 eroget.
940 2297 1001 2337 Ita
1021 2310 1099 2338 nec
1122 2294 1316 2338 deserere
1337 2295 1605 2338 videbuntur
1627 2308 1718 2336 me·-

338 2367 493 2410 morias
525 2381 701 2411 suorum
735 2364 882 2424 (quod
906 2375 1046 2424 potest
1076 2365 1252 2423 gignere
1283 2381 1372 2409 non
1402 2364 1541 2409 levem
1575 2363 1716 2408 coi-,dis

332 2435 526 2481 dolorem
545 2471 555 2490 ‚
572 2439 589 2494 )
609 2446 652 2481 et
673 2436 717 2480 id
737 2435 1028 2480 celebrabitur
1051 2435 1095 2480 in
1119 2436 1308 2481 Ecclesia
1329 2435 1449 2495 quod
1475 2434 1544 2494 pie
1565 2444 1609 2479 et
1629 2435 1713 2480 lio-

376 2526 383 2541 ¹
406 2519 460 2552 Gal
480 2530 527 2560 vr,
551 2531 579 2552 ι.
596 2536 636 2543 —-
650 2526 662 2542 ²
681 2520 729 2552 Ita
752 2529 786 2552 se
802 2518 870 2562 ipse
887 2517 980 2562 gessit
997 2521 1126 2561 August.
1142 2524 1178 2552 ut
1195 2518 1320 2553 videtur
1345 2518 1378 2552 in
1395 2517 1501 2561 Epist.
1520 2528 1608 2552 xxix.
