1790 3187
303 207 355 247 42
740 219 771 243 s.
810 216 1042 242 ΑιαῑεΤιΝι
1078 217 1257 244 EPISCOPI

300 293 364 330 est
381 303 390 329 ε
405 302 424 326 «
446 286 595 343 Ipsum
613 297 791 343 quoque
807 281 883 341 qui
905 281 1049 340 puniri
1072 297 1161 326 non
1183 281 1355 338 debeat,
1375 282 1682 339 condemnare,

304 375 323 398 »
342 364 536 399 exterum
555 354 738 398 aestimas
764 368 786 396 a
808 361 882 395 tua
903 351 1077 396 virtute.
1100 351 1246 396 Virtus
1274 352 1389 396 enim
1418 362 1491 398 tua
1511 354 1687 414 justitiae

304 446 324 469 ι)
342 426 512 470 initium
531 434 609 480 est,
624 434 666 468 et
689 424 745 468 ob
763 423 847 467 hoe
869 421 991 483 quod
1013 422 1210 467 omnium
1227 425 1435 469 Dominus
1453 440 1520 480 es,
1542 426 1685 469 omni-

305 518 323 540 »
343 497 424 541 bus
437 505 479 540 te
495 510 668 555 parcere
686 493 804 539 facis.
823 493 1038 538 Virtutem
1063 493 1178 538 enim
1202 503 1250 538 tu
1275 495 1480 549 ostendis,
1501 495 1577 555 qui
1599 510 1688 539 non

304 587 323 610 »
345 566 530 612 crederis
563 582 652 610 esse
679 566 724 609 in
756 564 920 609 virtute
955 574 1283 609 consummatus
1303 600 1314 619 ,
1352 564 1427 609 sed
1459 566 1505 609 in
1536 564 1585 609 iis
1613 566 1688 625 qui

304 657 323 679 »
345 638 488 682 sciunt
521 635 745 680 audaciam
770 633 974 679 traducis.
1000 637 1065 678 Tu
1087 643 1231 678 autem
1254 636 1456 680 Dominus
1477 637 1688 681 virtutum

302 728 322 751 »
345 724 445 753 cum
481 706 795 768 tranquillitate
824 705 995 766 judicas
1016 740 1027 761 ,
1057 715 1100 750 et
1127 721 1225 750 cum
1262 721 1419 765 magna
1450 707 1688 752 reverentia

302 798 321 821 »
341 779 533 838 disponis
550 793 628 822 nos
652 780 680 820 ¹.
713 796 732 819 »

360 850 421 893 4⁰.
459 851 568 893 Item
601 849 720 908 quod
754 847 895 907 primo
921 847 967 890 in
997 847 1176 891 terrenis
1210 846 1340 891 rebus
1365 847 1414 891 fit
1445 847 1604 906 gradus
1635 847 1689 892 ad

299 919 521 965 coelestem
556 918 769 978 justitiam
798 953 809 973 ,
850 933 948 978 quae
979 918 1069 978 jam
1111 917 1378 963 firmioribus
1419 917 1658 976 imperatur
1675 953 1686 972 ,

301 991 511 1036 Dominus
536 988 757 1044 ostendit,
789 1004 890 1034 cum
921 989 980 1032 ait
1012 1007 1020 1032 :
1046 1007 1066 1030 «
1092 988 1135 1033 Si
1169 988 1212 1031 in
1253 987 1394 1034 alieno
1424 987 1572 1032 fideles
1602 1004 1691 1033 non

303 1081 322 1104 »
359 1061 501 1106 fuistis
520 1097 532 1117 ,
557 1069 749 1106 vestrum
783 1061 879 1121 quis
917 1059 1039 1104 dabit
1070 1059 1193 1104 vobis
1223 1062 1239 1085 2
1268 1061 1285 1101 ‘3
1318 1078 1337 1100 »
1369 1061 1425 1103 Et
1460 1058 1580 1119 quod
1612 1075 1690 1118 pro

300 1134 386 1179 suis
399 1132 600 1192 gradibus
616 1133 769 1177 animae
791 1131 1047 1187 doceantur,
1073 1140 1115 1176 et
1136 1131 1225 1191 ipse
1255 1131 1463 1175 Dominus
1487 1130 1690 1175 demons-

299 1213 385 1248 trat
407 1238 419 1258 ,
453 1202 600 1247 dicens
642 1219 651 1243 ε
693 1223 712 1244 ι(
751 1202 891 1247 Multa
920 1203 1074 1247 habeo*
1098 1202 1220 1247 vobis
1249 1202 1421 1257 dicere,
1460 1202 1536 1246 sed
1573 1217 1691 1247 nune

304 1292 325 1316 >›
349 1289 439 1319 non
464 1273 640 1333 potestis
668 1281 840 1332 portare
871 1272 943 1316 illa
976 1275 1007 1316 3.
1047 1291 1066 1314 »
1091 1276 1148 1317 Et
1170 1273 1402 1331 Apostolus
1426 1307 1437 1328 ,
1462 1287 1563 1316 cum
1595 1273 1655 1317 ait
1679 1292 1688 1318 :

306 1364 324 1387 »
348 1347 458 1404 Ego,
495 1343 670 1398 fratres,
696 1359 785 1388 non
808 1343 930 1403 potui
953 1343 1075 1388 vobis
1104 1342 1226 1403 loqui
1250 1343 1372 1403 quasi
1402 1341 1688 1402 spiritalibus,

301 1435 320 1457 »
344 1416 421 1461 sed
450 1416 574 1476 quasi
602 1414 846 1459 carnalibus
879 1436 889 1472 3
913 1414 979 1459 lae
1008 1414 1131 1459 vobis
1167 1424 1319 1473 potum
1347 1413 1478 1468 dedi,
1512 1429 1601 1458 non
1632 1429 1690 1457 es-

301 1505 320 1529 »
339 1503 434 1531 eam
457 1506 466 1531 ε
491 1501 636 1546 neque
665 1487 778 1529 enim
814 1485 1034 1544 poteratis,
1060 1484 1134 1530 sed
1159 1500 1301 1544 neque
1324 1484 1467 1528 adhue
1491 1484 1688 1544 potestis,

302 1577 322 1600 »
345 1557 488 1602 adhuc
507 1558 621 1601 enim
640 1556 738 1601 estis
761 1555 954 1601 carnales
976 1556 1008 1600 ⁴.
1025 1574 1044 1597 »
1065 1556 1192 1609 Quod
1216 1557 1332 1599 enim
1354 1556 1398 1599 in
1421 1555 1510 1599 istis
1533 1570 1690 1599 seeun-

298 1628 406 1673 dum
426 1627 582 1687 gradus
603 1643 702 1671 suos
732 1635 876 1671 actum
902 1636 980 1682 est,
1006 1627 1089 1671 hoc
1115 1627 1162 1670 in
1199 1627 1396 1670 universo
1420 1641 1578 1685 genere
1608 1627 1688 1669 hu·

301 1715 430 1744 mano
461 1699 530 1758 agi
556 1698 873 1757 cognoscimus,
898 1707 947 1741 ut
969 1697 1050 1741 alia
1073 1696 1234 1741 carnali
1257 1696 1437 1756 populo,
1462 1696 1543 1740 alia
1567 1697 1690 1756 spiri-

300 1769 405 1825 tali,
441 1785 518 1829 pro
555 1778 804 1828 temporum
833 1768 1119 1827 congruentia
1151 1767 1430 1828 juberentur.
1458 1769 1555 1813 Non
1588 1782 1689 1826 ergo

297 1842 474 1895 mirum,
502 1841 536 1884 si
558 1841 727 1884 hostem
753 1839 894 1899 decipi
916 1839 1097 1897 dignum
1120 1838 1436 1898 deciperejussi
1465 1846 1593 1893 sunt,
1615 1839 1690 1898 qui

297 1921 422 1956 erant
443 1911 587 1955 adhue
610 1910 731 1969 digni
765 1911 934 1955 hostem
959 1910 1173 1969 decipere.
1201 1912 1297 1955 Non
1319 1910 1435 1953 enim
1458 1911 1547 1970 jam
1567 1919 1689 1954 erant

298 1982 443 2027 idonei
465 1981 624 2042 quibus
642 1981 884 2025 diceretur:
907 2000 921 2020 «
938 1980 1115 2039 Diligite
1132 1980 1328 2024 inimicos
1349 1982 1534 2025 vestros⁵
1555 1999 1598 2025 ι»
1614 1979 1689 2025 sed

298 2053 403 2097 tales
437 2062 559 2096 erant
580 2052 741 2112 quibus
764 2050 1070 2096 tantummodo
1099 2051 1183 2096 diei
1216 2060 1460 2110 oporteret:
1488 2071 1507 2093 «
1532 2050 1689 2110 Diliges

300 2143 319 2166 »
347 2124 594 2184 proximum
619 2133 761 2179 tuum,
785 2133 827 2168 et
851 2123 994 2168 oderis
1020 2124 1249 2168 inimicum
1272 2134 1398 2167 tuum
1417 2124 1447 2166 ⁰.
1485 2141 1504 2164 »
1531 2122 1688 2168 Adhuc

298 2196 413 2239 enim
441 2194 511 2238 ille
544 2195 763 2254 proximus
800 2209 931 2254 quam
968 2193 1054 2238 late
1089 2193 1398 2252 intelligendus
1425 2203 1565 2248 esset,
1599 2209 1686 2238 non

298 2275 389 2309 erat
421 2265 625 2323 temporis
662 2264 1101 2309 trs=<l->:=e.1nch0atio
1124 2280 1226 2323 ergo
1259 2265 1459 2325 quaedam
1490 2263 1600 2308 faeta
1624 2272 1688 2308 est

298 2336 379 2380 sub
411 2335 674 2394 paedagogo,
704 2343 750 2378 ut
775 2336 978 2393 magistro
1016 2335 1223 2394 perfectio
1265 2344 1543 2393 servaretur,
1586 2350 1685 2378 cum

298 2417 444 2451 tamen
466 2405 581 2450 idem
606 2410 733 2462 Deus,
754 2415 798 2450 et
814 2406 1105 2467 paedagogum
1120 2407 1310 2467 parvulis
1333 2407 1518 2461 dederit,
1545 2406 1685 2465 legem

349 2515 356 2530 ¹
383 2508 457 2550 Sap.
486 2518 541 2546 xn,
563 2507 601 2538 15
620 2512 653 2539 et
670 2514 843 2550 seqq.—²
868 2510 945 2540 Luc.
969 2519 1037 2550 xvi,
1062 2507 1300 2541 12-——3Joam
1327 2519 1392 2549 xvu,
1416 2517 1465 2540 12.
1486 2506 1550 2537 -4
1575 2519 1585 2539 1
1611 2509 1672 2540 Cor

298 2575 346 2604 ιιι,
370 2575 397 2596 ι.
413 2561 478 2586 -5
498 2563 611 2596 Matth.
632 2574 662 2602 v,
683 2562 736 2605 44.
755 2581 795 2586 --
813 2562 829 2586 ⁰
847 2564 928 2597 lbid.
948 2563 1003 2606 43.
