1790 3187
229 216 281 242 nn
315 212 498 241 mvssnsis
530 214 685 250 QUAEs‘r.
722 214 776 241 AD
807 213 1065 242 simmacum.
1102 215 1184 241 Lm.
1222 216 1269 241 11.
1369 205 1449 243 187

77 375 965 394 mmmmmmmmmmmwwm
969 377 1241 393 mmmm
1247 378 1315 392 Μ
1319 378 1457 393 mv

604 513 806 563 LIBER
848 514 911 565 ΙΙ.

76 685 137 730 In
154 693 354 729 caeteras
369 683 650 741 quoestz'ones
666 684 872 742 quinque
895 681 972 727 vel
984 698 1074 727 sese
1089 699 1120 727 α
1139 682 1457 742 Simpliciano

390 756 665 814 propositas
688 770 750 798 ex
774 753 905 798 libris
930 754 1130 817 Regum.

715 927 809 937 ..r-.-
818 931 831 934 Q

600 1026 925 1070 PRAEFATIO,

129 1163 236 1208 Satis
265 1163 355 1223 jam
395 1163 449 1206 de
488 1162 695 1222 Apostolo
731 1177 796 1205 me
835 1161 889 1206 ad
924 1162 1142 1222 proposita
1183 1160 1455 1221 respondisse

69 1234 263 1278 existimo
290 1254 297 1277 z
325 1249 442 1277 nune.
466 1233 519 1276 ad
543 1249 587 1276 ea
615 1249 713 1293 quae
736 1231 790 1275 de
820 1231 939 1276 libris
965 1236 1217 1291 Regnorum
1242 1232 1458 1291 requisisti

72 1304 185 1350 aliud
208 1305 416 1349 volumen
436 1304 687 1363 aggrediar3
708 1320 807 1364 quae
825 1340 834 1358 ,
863 1305 972 1348 sicut
992 1305 1129 1348 multa
1148 1312 1189 1346 et
1209 1319 1346 1363 prope
1368 1318 1459 1347 om-

72 1376 358 1431 nia‘veterum
381 1376 592 1419 librorum
613 1411 622 1429 ‚
650 1376 898 1433 figuratiora
923 1384 1025 1418 sunt
1042 1410 1052 1429 ,
1081 1384 1124 1418 et
1150 1374 1455 1431 mysteriorum

69 1446 354 1491 velaminibus
386 1446 598 1490 involuta.
625 1447 833 1499 Quamvis
862 1456 1005 1489 autem
1031 1461 1080 1488 ex
1113 1460 1164 1488 eo
1191 1446 1313 1504 quod
1336 1453 1457 1488 tran—

69 1517 260 1562 sierimus
283 1516 336 1561 ad
357 1517 577 1562 Christum
592 1553 601 1571 ‚
627 1517 850 1560 auferatur
872 1516 1070 1560 velamen
1088 1518 1100 1541 1
1129 1535 1136 1559 :
1165 1525 1310 1559 tamen
1334 1514 1457 1558 vide-

73 1604 164 1632 mus
188 1589 365 1632 nuncin
384 1589 636 1645 aenigmate,
663 1597 767 1631 tunc
790 1597 933 1631 autem
961 1585 1067 1630 facie
1091 1586 1144 1630 ad
1174 1585 1344 1630 faeiem.
1372 1589 1459 1629 Ve-

70 1660 208 1704 lamen
231 1661 394 1720 quippe
418 1645 536 1703 omni
561 1659 692 1704 modo
718 1657 970 1703 intercludit
990 1668 1210 1718 aspectum
1233 1680 1244 1716 ·,
1270 1658 1456 1716 aenigma

68 1746 168 1775 vero
186 1767 196 1785 ‚
225 1741 430 1790 tanquam
454 1747 524 1787 per
553 1731 779 1789 speculum
799 1766 808 1783 ,
835 1731 945 1774 sicut
967 1730 1082 1773 idem
1113 1729 1345 1789 Apostolus
1369 1730 1426 1773 ait
1445 1766 1455 1783 ‚

71 1822 90 1844 «
119 1802 329 1846 Videmus
348 1817 464 1845 nunc
486 1818 562 1861 per
584 1801 808 1860 speculum
834 1802 876 1844 in
902 1803 1132 1860 aenigmate
1147 1805 1162 1827 '²
1182 1837 1192 1855 ,
1221 1820 1240 1841 n
1267 1817 1347 1845 nec
1370 1802 1459 1844 evi-

68 1873 359 1917 dentissimam
379 1874 543 1931 detegit
566 1873 750 1930 speciem
770 1909 780 1927 ,
809 1888 889 1916 nec
913 1888 1086 1931 prorsus
1106 1872 1273 1931 obtegit
1298 1874 1458 1916 verita-

71 1954 170 1988 tem.
207 1944 445 2003 Aggrediar
477 1960 580 2002 ergo
605 1954 648 1987 et
680 1945 783 1998 ista,
813 1942 925 1987 duce
956 1944 1162 1998 Domino,
1199 1943 1283 1987 tuis
1312 1944 1456 2002 potius

69 2014 317 2060 sublevatus
360 2015 629 2059 orationibus
648 2051 658 2069 ,
697 2030 827 2075 quarn
873 2015 1142 2074 jussionibus
1182 2024 1452 2073 aggravatus.

69 2087 306 2130 Praesertim
331 2087 431 2145 quia
455 2101 507 2129 ex
530 2085 709 2144 epistola
733 2094 806 2128 tua
830 2101 917 2129 non
941 2086 1024 2128 hoc
1041 2095 1081 2128 te
1116 2084 1307 2129 intellexi
1329 2102 1454 2146 quae-

69 2173 158 2201 rere
176 2193 186 2213 ,
212 2158 318 2218 quid
353 2159 448 2202 haec
475 2158 520 2201 in
546 2157 772 2217 prophetia
799 2157 1045 2215 significent
1071 2177 1078 2201 :
1105 2158 1148 2200 in
1170 2173 1258 2216 quo
1289 2173 1333 2200 re
1354 2173 1456 2201 vera

69 2227 367 2287 obtemperare
399 2228 506 2271 mihi
539 2237 647 2272 esset
683 2226 1011 2284 difficillimum3
1053 2228 1151 2286 quia
1193 2236 1235 2270 et
1273 2226 1328 2270 de
1368 2237 1457 2271 tota

69 2301 315 2343 eorumdem
341 2300 616 2344 contextione
638 2299 849 2343 librorum
874 2298 1076 2343 ducenda
1103 2308 1211 2342 esset
1242 2300 1426 2343 intentio
1444 2335 1453 2349 ,

69 2379 110 2413 et
137 2371 167 2414 si
192 2383 296 2414 esset
325 2370 567 2430 promptior
590 2369 836 2414 intellectus
853 2406 862 2423 ‚
893 2368 1150 2429 magnitudo
1179 2378 1326 2413 tamen
1358 2386 1456 2429 ope-

70 2441 122 2485 ris
152 2441 401 2500 impediret3
426 2457 526 2501 quae
548 2442 581 2484 si
603 2442 830 2485 subeunda
854 2451 941 2495 est,
964 2439 1172 2500 prolixius
1193 2441 1328 2486 otium
1349 2450 1453 2485 tem⁷

119 2546 123 2559 ¹
146 2546 164 2569 ¹2
185 2540 322 2577 Cor.'m‚
346 2539 473 2571 16.—2
498 2550 508 2570 1
531 2541 602 2570 Cor.
623 2550 688 2575 xiii,
713 2548 763 2570 12.
