1790 3187
363 209 444 246 352
788 224 818 246 s.
858 220 1087 249 AUGUSTINI
1121 221 1300 248 EPISCOPI

419 285 473 326 X.
512 282 675 327 Deinde
699 284 894 328 hortatus
919 300 1039 339 sum,
1066 294 1114 328 ut
1137 285 1514 328 transmarinarum
1545 285 1739 329 ecclesia·
1780 288 1790 320 Γ

361 368 472 407 rum,
493 353 537 396 in
555 353 713 413 quibus
728 354 883 412 partim
904 354 982 398 ista
1005 364 1175 414 recepta
1193 370 1420 413 nunquam
1442 363 1560 409 sunt,
1585 355 1740 413 partim
1788 362 1790 415 ]

352 422 440 482 jam
462 438 534 480 per
550 424 686 467 bonos
705 433 891 468 rectores
904 425 1067 485 populo
1085 425 1415 484 obtemperante
1427 434 1617 469 correcta
1632 427 1738 482 (13),
1789 424 1790 427 ’

357 494 593 538 imitatores
617 509 706 538 esse
743 494 968 540 vellemus.
1007 499 1063 540 Et
1096 495 1302 556 quoniam
1335 495 1389 539 de
1422 495 1595 540 basilica
1627 495 1741 540 beati

358 565 540 625 apostoli
565 566 678 610 Petri
712 567 822 624 (14),
850 567 1117 626 quotidianae
1139 567 1387 611 vinolentiae
1409 565 1740 625 proferebantur

357 635 550 695 exempla
574 656 584 691 3
610 635 699 679 dixi
733 637 872 695 primo
896 637 1064 681 audisse
1086 652 1163 681 nos
1186 652 1298 696 saepe
1330 652 1419 680 esse
1443 637 1708 695 prohibitum
1729 672 1739 691 ,

356 707 431 750 sed
468 705 589 766 quod
613 716 806 751 remotus
828 707 883 751 sit
902 707 1023 752 locus
1045 708 1099 751 ab
1122 707 1312 767 episcopi
1334 707 1674 761 conversatione,
1700 715 1743 750 et

355 776 400 819 in
425 785 542 820 tanta
568 776 740 821 civitate
773 792 929 836 magna
958 779 1011 821 sit
1042 777 1281 821 carnalium
1319 777 1579 832 multitudo,
1615 793 1759 836 pere-r

356 847 486 907 grinis
509 849 762 908 praesertim,
788 849 864 908 qui
892 849 990 893 novi
1014 848 1201 893 subinde
1218 850 1418 903 veniunt,
1438 859 1559 893 tanto
1581 849 1742 893 violen-

356 920 456 973 tius,
491 929 657 979 quanto
680 920 871 964 inscitius
898 919 1017 963 illam
1044 920 1407 964 consuetudinem
1432 920 1737 973 retinentibus,

353 999 441 1034 tam
466 991 699 1034 immanem
735 1000 900 1050 pestem
930 991 1128 1036 nondum
1158 991 1372 1049 compesci
1402 991 1629 1051 sedarique
1658 987 1759 1052 po-J

353 1061 499 1105 tuisse.
528 1063 839 1105 Verumtamen
862 1077 939 1105 nos
962 1062 996 1105 si
1021 1066 1197 1106 Petrum
1228 1061 1471 1122 apostolum
1500 1063 1758 1106 honorare-¹

352 1147 477 1186 mus,
505 1131 665 1175 debere
702 1141 916 1191 praecepta
957 1134 1049 1191 ejus
1082 1132 1258 1186 audire,
1295 1143 1337 1176 et
1367 1132 1506 1176 multo
1542 1123 1759 1177 devotius²

353 1202 578 1263 epistolam
614 1204 655 1247 in
681 1219 766 1263 qua
791 1202 989 1248 voluntas
1011 1204 1102 1264 ejus
1128 1213 1323 1263 apparet,
1349 1219 1481 1264 quam
1519 1201 1759 1249 basilicaml

351 1274 396 1318 in
419 1291 505 1334 qua
528 1290 618 1318 non
651 1283 859 1334 apparet,
890 1275 1052 1319 intueri
1080 1295 1088 1319 :
1121 1276 1354 1335 statimque
1386 1284 1564 1334 accepto
1589 1274 1739 1320 codice

351 1346 526 1390 recitavi
545 1345 622 1389 ubi
641 1346 720 1391 ait:
738 1346 939 1391 «Christo
953 1347 1067 1390 enim
1082 1362 1204 1406 passo
1218 1362 1296 1405 pro
1315 1346 1439 1390 nobis
1455 1362 1531 1405 per
1543 1361 1732 1400 carnem,

356 1437 373 1459 υ
399 1426 442 1462 et
463 1432 538 1462 vos
560 1417 710 1461 eadem
741 1417 1003 1477 cogitatione
1027 1418 1268 1472 armamini,
1290 1418 1390 1477 quia
1412 1417 1485 1477 qui
1508 1433 1652 1476 passus
1675 1427 1759 1461 est'»

354 1505 373 1528 »
399 1502 544 1544 carne,
580 1486 704 1531 desiit
725 1504 748 1531 a
771 1503 915 1541 carne,
945 1496 992 1531 ut
1007 1489 1097 1547 jam
1124 1503 1211 1532 non
1235 1488 1461 1531 hominum
1492 1487 1732 1541 desideriis,

354 1576 372 1598 n
399 1557 475 1601 sed
496 1556 722 1601 voluntate
752 1557 828 1601 Dei
854 1556 1069 1616 reliquum
1094 1567 1264 1617 tempus
1286 1559 1330 1601 in
1353 1558 1612 1602 carnevivat.
1642 1556 1737 1603 Suf-

354 1646 371 1668 >a
399 1627 488 1671 ficit
502 1628 616 1670 enim
640 1627 761 1671 vobis
782 1628 1049 1686 praeteritum
1072 1637 1241 1686 tempus
1263 1627 1486 1671 voluntate
1507 1629 1733 1672 hominum

352 1717 371 1739 »
399 1697 641 1756 perfecisse,
663 1697 936 1741 ambulantes
963 1699 1005 1741 in
1042 1698 1311 1752 libidinibus,
1337 1697 1574 1751 desideriis,
1595 1698 1734 1741 ebrie·
1756 1713 1758 1737 ι

353 1788 372 1809 »
403 1779 512 1823 tate,
547 1769 936 1830 comessationibus
968 1778 1010 1813 et
1050 1769 1248 1813 nefandis
1284 1769 1501 1813 idolorum
1540 1769 1732 1812 servituti

354 1860 371 1882 »
402 1840 483 1884 bus
503 1844 561 1884 ¹.»
584 1841 752 1893 Quibus
775 1840 916 1899 gestis,
942 1855 1041 1884 cum
1062 1855 1211 1884 omnes
1234 1856 1323 1883 uno
1341 1840 1485 1883 animo
1507 1840 1551 1883 in
1576 1839 1732 1883 bonam
1756 1832 1758 1847 ⁵

350 1915 616 1955 voluntatem
651 1911 711 1954 ire
738 1921 989 1970 contempta
1022 1910 1133 1954 mala
1156 1910 1473 1955 consuetudine
1495 1925 1731 1961 cernerem,

349 1992 521 2042 potatus
548 1998 641 2026 sum
673 1992 722 2026 ut
755 1982 995 2026 meridiano
1026 1992 1219 2040 tempore
1239 1982 1394 2026 divinis
1414 1981 1669 2026 lectionibus
1692 1990 1734 2024 et

350 2054 520 2114 psalmis
541 2056 795 2099 interessent
817 2075 826 2110 3
849 2055 905 2097 ita
935 2054 1059 2097 illum
1078 2053 1192 2097 diem
1213 2054 1352 2097 multo
1374 2053 1581 2097 mundius
1603 2062 1733 2112 atque

347 2126 553 2170 sincerius
576 2125 745 2185 placere
767 2123 1079 2169 celebrandum
1100 2143 1108 2168 :
1145 2133 1187 2168 et
1220 2133 1334 2168 certe
1357 2125 1412 2168 de
1450 2123 1732 2167 multitudine

348 2197 699 2242 convenientium
723 2194 850 2240 facile
876 2211 997 2255 posse
1021 2211 1242 2255 apparere,
1268 2196 1342 2255 qui
1373 2204 1579 2248 urentem,
1594 2204 1637 2238 et
1658 2194 1733 2253 qui
1755 2188 1757 2196 ⁴

349 2278 544 2313 ventrem
568 2275 835 2328 sequeretur.
859 2269 922 2310 Ita
946 2265 1064 2310 lectis
1087 2266 1292 2310 omnibus
1317 2281 1456 2310 sermo
1480 2266 1734 2309 terminatus

350 2349 427 2384 est.

407 2413 487 2455 XI.
526 2410 850 2454 Promeridiano
872 2417 1014 2452 autem
1044 2408 1113 2450 dic
1136 2409 1272 2467 major
1307 2423 1438 2467 quam
1474 2417 1574 2451 ante
1603 2407 1733 2451 meri-

350 2481 464 2527 diem
488 2481 613 2526 affuit
635 2479 892 2536 multitud03
914 2490 956 2524 et
983 2495 1119 2539 usque
1136 2478 1190 2522 ad
1209 2480 1473 2538 horam,qua
1496 2494 1594 2523 cum
1619 2478 1731 2538 epiS-
1754 2495 1757 2537 γ

399 2576 407 2591 ¹
437 2579 446 2600 ι
474 2570 558 2600 Petr.
583 2577 628 2605 iv,
651 2579 677 2599 ι.
1754 2570 1756 2605 Ι

1754 2669 1755 2688 l

1754 2712 1755 2742 l
