1790 3187
574 212 771 242 ErisToLA
808 215 961 243 xxxv1.
1380 203 1465 243 393

79 282 210 342 possit
231 280 422 341 opponi,
448 278 626 340 quando
647 280 760 324 sicut
783 281 1023 326 accusanda
1046 290 1148 326 sunt
1170 281 1337 326 ebriosa
1358 296 1465 326 con-

77 352 214 405 vivia,
234 361 277 395 et
301 350 441 395 omnis
470 365 600 394 vorax
622 365 670 394 ac
697 352 937 395 temulenta
969 352 1185 410 luxuries3
1214 352 1273 396 sic
1295 361 1467 396 accusat

77 422 258 483 prandia
279 421 576 475 sabbatorum,
598 436 696 465 cum
718 422 882 480 possint
899 433 942 467 et
961 423 1050 482 ipsa
1063 439 1152 468 esse
1168 422 1466 468 modestorum

76 503 208 554 atque
234 491 492 537 sobriorum.
520 494 577 536 Et
601 491 700 536 ideo
723 507 811 536 non
834 502 897 537 est
925 493 987 537 illi
1019 493 1074 538 ad
1093 493 1260 552 singula
1286 508 1467 553 respon-

76 564 294 618 dendum,
327 563 533 624 quoniam
559 578 638 623 pro
661 562 830 607 sabbati
855 563 1039 624 prandio
1069 565 1170 610 vitia
1193 564 1378 609 luxuriae
1400 579 1468 607 re-

75 634 388 696 prehendendo
406 671 417 690 ‚
437 635 587 680 eadem
611 645 742 696 atque
766 636 917 680 eadem
941 653 1055 697 saepe
1077 636 1210 692 dicit,
1235 635 1467 681 aliudnon

74 706 338 751 inveniendo
357 708 476 767 quod
499 707 636 760 dicat,
659 708 740 751 nisi
769 708 886 767 quod
914 709 1098 752 inaniter
1122 718 1166 753 et
1187 708 1241 753 ad
1265 723 1354 752 rem
1378 721 1468 751 non

74 777 295 837 pertinens
318 777 438 822 dicit.
470 779 626 821 Utrum
650 793 740 822 non
762 779 815 822 sit
837 778 1322 839 sabbatojejunandum
1348 792 1469 838 quae-

73 848 184 892 ritur
201 884 212 901 ,
237 864 326 892 non
344 857 493 892 utrum
516 848 699 892 sabbato
718 864 805 893 non
823 849 876 892 sit
896 848 1206 892 luxuriandum
1221 869 1232 905 3
1250 847 1372 908 quod
1389 861 1469 891 nec

73 918 302 963 Dominico
338 918 527 972 faciunt,
565 919 640 977 qui
672 921 809 961 Deum
845 918 1028 971 timent,
1069 918 1269 978 quamvis
1309 917 1355 961 in
1393 915 1470 960 illo

72 988 225 1048 utique
248 1004 334 1032 non
359 989 575 1048 jejunent.
607 988 712 1041 Quis
735 996 879 1032 autem
904 987 1069 1032 diceret
1090 987 1210 1048 quod
1237 988 1316 1032 iste
1339 1001 1469 1032 ausus

73 1069 137 1103 est
160 1060 330 1103 dicere?
367 1078 387 1101 α
414 1057 669 1112 Quomodo,
703 1058 874 1118 inquit,
901 1073 980 1117 pro
1004 1058 1128 1102 nobis
1145 1092 1156 1111 ‚
1181 1067 1257 1102 aut
1280 1073 1358 1117 per
1391 1072 1469 1101 nos

72 1140 163 1175 rata
188 1139 318 1174 crunt
350 1133 463 1183 Deo,
500 1139 576 1174 aut
605 1129 735 1186 digna
753 1164 764 1183 ,
788 1145 888 1189 quoe
913 1145 991 1174 nos
1020 1129 1285 1173 sanctificata
1315 1129 1386 1173 die
1415 1126 1470 1172 ad

72 1210 302 1260 peccatum
336 1202 531 1259 cogant?
563 1218 582 1241 »
624 1200 944 1245 Sanctificatam
976 1200 1090 1244 diem
1125 1199 1296 1244 sabbati
1328 1199 1470 1244 confi-

73 1281 212 1326 tetur,
233 1281 276 1316 et
296 1272 350 1317 ad
371 1281 601 1331 peccatum
617 1271 722 1315 dicit
736 1272 832 1329 cogi
848 1272 1068 1326 homines,
1090 1272 1191 1332 quia
1210 1272 1466 1331 prandetur.

73 1345 137 1387 Ac
160 1357 236 1401 per
259 1343 341 1385 hoc
360 1341 600 1386 secundum
619 1343 748 1386 istum
762 1377 774 1396 ,
795 1352 870 1386 aut
894 1342 985 1386 dies
1004 1343 1257 1386 Dominicus
1278 1341 1471 1386 sanctifi-

73 1422 195 1458 catus
217 1428 306 1456 non
326 1421 412 1467 est,
435 1421 478 1456 et
501 1412 655 1471 incipit
675 1427 766 1456 esse
786 1412 1018 1458 sabbatum
1041 1411 1196 1457 melius
1221 1431 1230 1457 :
1257 1421 1331 1456 aut
1352 1411 1387 1456 si
1409 1418 1472 1455 est

73 1491 117 1528 et
148 1483 396 1527 Dominicus
425 1484 516 1527 dies
542 1483 861 1538 sanctificatus,
897 1483 952 1527 ad
987 1492 1216 1542 peccatum
1249 1482 1468 1540 cogimur,

74 1554 176 1614 quia
199 1555 478 1614 prandemus.

134 1627 232 1671 XV.
270 1629 326 1671 Et
353 1634 538 1670 conatur
575 1625 836 1669 testimoniis
873 1624 1060 1683 probare
1098 1621 1257 1667 divinis
1290 1622 1476 1666 sabbato

70 1696 378 1757 jejunandum.
415 1697 499 1741 Sed
521 1695 640 1739 unde
661 1696 746 1740 hoc
769 1696 925 1754 probet
959 1694 1140 1739 omnino
1168 1708 1258 1737 non
1289 1693 1469 1736 invenit.

80 1786 101 1810 (ι
125 1767 436 1820 Manducavit,
462 1767 631 1825 inquit,
656 1775 698 1810 et
722 1766 834 1810 bibit
855 1765 993 1810 Jacob
1016 1765 1165 1809 vinum
1181 1799 1192 1819 ,
1225 1774 1269 1808 et
1296 1764 1474 1808 satiatus

77 1857 99 1880 »
124 1848 215 1894 est,
250 1848 292 1882 et
324 1838 494 1882 recessit
519 1854 542 1882 a
572 1841 663 1882 Deo
692 1837 869 1881 salutari
897 1852 1002 1891 suo,
1034 1846 1078 1881 et
1104 1836 1359 1882 ceciderunt
1386 1850 1473 1880 una

82 1926 102 1950 »
131 1907 203 1952 die
225 1908 378 1967 viginti
398 1908 477 1951 tria
500 1907 677 1964 milslia¹,
702 1925 721 1948 »
748 1907 869 1967 quasi
893 1907 1057 1951 dictum
1072 1907 1126 1951 sit
1148 1926 1157 1952 :
1183 1906 1475 1952 Pranditsab-

73 1979 177 2023 bato
199 1980 360 2032 Jacob,
391 1987 434 2022 et
457 1978 629 2022 recessit
659 1994 682 2022 a
712 1981 799 2022 Deo
827 1977 1006 2022 salutari
1030 1993 1124 2023 suo.
1156 1980 1212 2022 Et
1241 1975 1475 2037 Apostolus

76 2050 256 2111 quando
278 2050 634 2094 commemoravit
659 2050 864 2094 cecidisse
892 2059 958 2094 tot
986 2048 1141 2104 millia,
1168 2064 1257 2093 non
1281 2050 1365 2106 ait3
1390 2050 1476 2094 Ne-

77 2136 164 2181 que
186 2121 477 2180 prandeamus
495 2120 678 2165 sabbato
694 2155 705 2175 ,
731 2121 843 2165 sicut
874 2119 936 2164 illi
957 2120 1230 2180 pranderunt
1250 2140 1258 2165 :
1284 2120 1360 2165 sed
1385 2119 1472 2175 ait,

81 2211 101 2235 «
126 2194 280 2253 Neque
307 2191 573 2235 fornicemur
589 2227 600 2246 ,
628 2193 739 2236 sicut
764 2191 943 2251 quidam
967 2207 1118 2235 eorum
1149 2190 1349 2235 fornicati
1372 2199 1476 2235 sunt

80 2281 100 2305 »
126 2273 170 2307 et
191 2262 446 2307 ceciderunt
469 2279 556 2306 una
588 2263 659 2307 die
686 2264 841 2322 viginti
874 2263 954 2307 tria
978 2261 1156 2306 milit-2².
1188 2280 1208 2302 »
1245 2260 1362 2315 Quid
1393 2261 1474 2306 sibi

76 2334 204 2379 etiam
223 2335 319 2380 vult
341 2333 462 2393 quod
480 2335 560 2388 ait,
585 2353 605 2376 «
627 2334 746 2379 Sedit
770 2345 914 2379 autem
936 2333 1125 2393 populus
1147 2333 1412 2378 manducare
1430 2342 1473 2378 et

82 2425 103 2447 η
130 2406 302 2460 bibere,
323 2415 366 2449 et
382 2415 662 2449 surrexerunt
679 2404 856 2449 ludere?
875 2424 893 2447 »
918 2404 1066 2449 Posuit
1084 2403 1262 2464 quidem
1277 2414 1321 2449 et
1341 2408 1476 2464 Apos-

78 2475 193 2521 tolus
218 2475 300 2519 hoc
323 2475 643 2531 testiinonium,
668 2475 745 2519 sed
769 2484 817 2519 ut
839 2491 862 2518 a
884 2475 1092 2520 servitute
1113 2473 1330 2519 idolorum
1345 2508 1357 2529 ,
1383 2488 1472 2518 non

128 2560 135 2579 ¹
157 2556 258 2591 Exod.
277 2569 379 2599 xxxu,
399 2570 421 2601 9
445 2563 479 2590 et
501 2559 556 2592 28.
575 2577 613 2582 —
633 2565 644 2581 ²
670 2570 680 2591 x
703 2560 775 2591 Cor.
800 2570 831 2596 x,
854 2559 885 2590 8.
