1790 3187
202 229 256 257 DE
289 226 476 256 mvERsls
508 227 664 264 QUAEs'r.
702 225 758 254 AD
788 226 1047 256 SIMPLICIAN.
1084 230 1166 256 Lm.
1204 230 1252 257 11.
1349 219 1429 257 201

10 303 13 355 ’ς
47 294 294 349 confidere,
335 294 435 354 quia
475 308 561 336 non
602 293 897 352 improbamus
936 294 1055 355 quod
1092 293 1189 338 illos
1224 295 1436 354 accepisse

11 358 13 364 ’
47 365 346 422 concedimus3
370 364 445 408 sed
468 375 667 423 oportere
702 380 962 424 cognoscere
985 367 1161 410 unitatis
1183 367 1434 410 societatem

47 436 221 484 vinculo
249 435 467 480 charitatis
495 435 760 490 iucundam,
787 437 877 480 sine
905 453 990 496 qua
1014 437 1194 481 omnino
1217 436 1435 497 quidquid

12 507 14 562 Ῐ
47 510 206 554 habere
240 506 486 566 potuerint,
519 507 715 566 quamvis
747 522 823 566 per
850 523 892 551 se
922 517 1121 552 sanctum
1151 523 1199 552 ac
1221 522 1434 552 veneran-

12 566 14 571 ¹
46 579 178 634 dum,
220 579 300 638 ipsi
333 587 478 623 tamen
525 577 634 622 nihil
667 587 797 633 sunt,
833 587 955 623 tanto
986 577 1252 638 indigniores
1289 578 1435 623 effecti

46 651 144 698 vitae
177 659 351 695 aeternae
391 650 591 709 praemio,
629 659 795 709 quanto
824 649 907 694 illis
936 649 1061 695 donis
1093 665 1182 695 non
1227 650 1339 694 bene
1368 650 1434 696 usi

45 730 167 775 sunt,
193 737 293 781 quae
319 721 364 765 in
387 721 468 765 hac
498 721 605 776 vita,
639 737 738 781 quae
761 721 1005 765 transitoria
1036 730 1125 773 est,
1151 730 1430 781 acceperunt.

46 795 141 839 Non
163 801 309 837 autem
346 793 456 836 bene
479 793 646 848 utitur,
679 792 758 835 nisi
786 792 990 850 charitas3
1015 802 1057 836 et
1081 793 1266 837 charitas
1289 793 1435 837 omnia

45 863 201 909 tolerat
218 899 228 918 ‚
263 872 392 922 atque
420 863 517 906 ideo
544 878 632 906 non
656 862 812 906 scindit
841 864 1053 907 unitatem
1076 898 1086 917 ,
1112 865 1235 923 cujus
1259 864 1348 923 ipsa
1372 872 1435 908 est

45 932 322 979 fortissimum
349 932 571 978 vinculum
587 935 613 976 ¹.
638 936 733 978 Non
756 934 872 977 enim
891 943 933 977 et
950 949 1096 977 servus
1114 932 1187 978 ille
1206 950 1294 978 non
1312 949 1434 979 acce-

44 1006 106 1066 pit
126 1004 334 1049 talentum
352 1040 362 1060 ,
385 1014 459 1049 aut
475 1004 637 1064 aliquid
657 1004 776 1048 aliud
794 1003 1055 1064 intelligitur
1071 1004 1286 1049 talentum
1301 1021 1433 1066 quam

46 1091 201 1121 munus
223 1075 402 1136 aliquod
431 1076 583 1136 utique
606 1075 802 1119 divinum
833 1095 841 1120 z
871 1077 946 1120 secl
965 1111 976 1131 ,
1013 1095 1033 1118 «
1058 1076 1143 1130 Qui
1170 1076 1329 1132 habet,
1355 1077 1435 1121 da-

47 1165 66 1189 »
92 1146 210 1190 bitur
231 1148 267 1189 ci
289 1182 299 1201 ,
324 1147 400 1205 qui
419 1155 562 1190 autem
585 1147 849 1202 nonhabet,
871 1156 913 1191 et
930 1146 1197 1206 quodhabet
1211 1146 1435 1192 auferetur

47 1235 66 1260 »
92 1217 144 1261 ab
167 1232 218 1261 eo
232 1220 263 1260 2.
293 1235 313 1258 »
340 1216 469 1270 Quod
492 1233 579 1262 non
606 1217 765 1262 auferri
790 1233 877 1262 non
900 1227 1066 1277 potest3
1093 1218 1167 1262 sed
1199 1218 1317 1262 aliud
1342 1234 1433 1263 non

43 1288 171 1333 habet
187 1324 197 1343 ‚
221 1298 271 1332 ut
294 1290 448 1333 merito
472 1288 694 1333 auferatur
712 1289 829 1350 quod
851 1289 982 1333 habet
1004 1309 1012 1334 z
1034 1305 1122 1334 non
1140 1289 1274 1334 habet
1291 1290 1434 1334 chari-

44 1369 172 1404 tatem
196 1360 374 1415 utendi,
401 1370 450 1404 ut
477 1359 699 1405 auferatur
727 1359 943 1421 quidquid
971 1359 1089 1404 aliud
1120 1361 1253 1404 habet
1270 1396 1281 1416 ‚
1311 1360 1433 1422 quod

42 1432 132 1477 sine
152 1434 361 1477 charitate
389 1449 478 1478 non
502 1434 691 1493 prodest.

103 1506 188 1547 110.
216 1506 312 1549 Non
334 1504 464 1562 igitur
486 1505 643 1548 mirum
667 1513 755 1558 est,
795 1517 941 1562 regem
962 1501 1064 1548 Saiil
1093 1511 1135 1547 et
1163 1518 1214 1548 eo
1236 1511 1433 1562 tempore

42 1590 127 1634 quo
145 1578 334 1634 primum
361 1585 516 1620 unctus
536 1585 620 1631 est,
647 1575 860 1635 accepisse
888 1575 1087 1634 spiritum
1112 1575 1401 1634 prophetandi
1417 1611 1428 1631 ‚

41 1655 82 1691 et
118 1656 264 1705 postea
282 1662 382 1691 cum
419 1658 527 1692 esset
563 1656 738 1706 propter
766 1645 1109 1691 inobedientiam
1142 1648 1428 1706 reprobatus,

42 1718 268 1763 recedente
300 1720 355 1763 ab
383 1735 433 1763 eo
471 1719 623 1778 spiritu
661 1718 833 1762 Domini
865 1727 1088 1777 arreptum
1117 1733 1206 1761 esse
1239 1717 1431 1776 maligno

39 1790 192 1850 spiritu
224 1806 247 1834 a
272 1791 455 1834 Domino
488 1809 495 1834 :
524 1790 597 1850 qui
631 1791 759 1834 etiam
791 1789 964 1849 spiritus
994 1790 1165 1834 Domini
1188 1789 1431 1849 appellatus

39 1870 101 1905 est
140 1870 316 1920 propter
341 1861 652 1918 ministerium3
684 1861 785 1921 quia
814 1861 1018 1905 omnibus
1048 1861 1177 1904 etiam
1207 1862 1431 1920 spiritibus

39 1930 159 1975 malis
195 1932 304 1975 bene
342 1933 482 1976 utitur
511 1932 748 1987 Dominus,
781 1932 851 1976 vel
880 1932 933 1976 ad
957 1931 1281 1976 damnationem
1317 1948 1431 1992 quo-

40 2003 234 2048 rumdam
252 2038 263 2059 ,
282 2003 351 2047 vel
369 2003 424 2048 ad
446 2004 796 2049 emendationem
814 2039 824 2057 ‚
847 2004 918 2049 vel
939 2006 992 2049 ad
1022 2005 1325 2065 probationem
1353 2024 1361 2050 ;
1387 2014 1431 2050 et

26 2074 234 2134 'quamvis
263 2091 350 2120 non
374 2076 425 2120 sit
448 2075 692 2134 malignitas
724 2077 908 2121 Domino
924 2113 934 2132 ,
969 2093 1059 2122 non
1092 2087 1156 2122 est
1178 2087 1323 2121 tamen
1346 2093 1429 2137 po-

26 2135 166 2191 'testas
196 2147 275 2192 nisi
307 2164 329 2191 a
366 2150 499 2192 Deo3.
541 2149 775 2208 Dictusque
813 2159 876 2193 est
900 2150 1028 2193 etiam
1061 2165 1191 2209 sopor
1223 2150 1426 2204 Domini,

42 2218 114 2277 qui
146 2229 433 2278 occupaverat
466 2219 621 2263 milites
648 2221 839 2280 ejusdem
874 2221 973 2265 Saiil
993 2257 1002 2275 ‚
1041 2237 1139 2264 cum
1173 2220 1310 2265 David
1338 2222 1429 2265 has-

43 2296 126 2333 tam
149 2299 191 2333 et
221 2292 435 2350 scyphum
470 2290 714 2335 abstulisset
740 2308 763 2335 a
795 2293 934 2351 capite
967 2292 1251 2336 dormientis⁴
1292 2312 1300 2337 :
1339 2308 1428 2337 non

43 2361 138 2419 quia
166 2371 270 2405 tunc
298 2378 426 2421 sopor
451 2364 494 2405 in
524 2364 708 2407 Domino
731 2373 844 2419 erat,
872 2373 920 2407 ut
952 2364 1041 2423 ipse
1079 2364 1319 2422 dormiret3
1353 2365 1429 2410 sed

43 2431 139 2488 quia
168 2432 240 2476 ille
266 2449 421 2492 sopor,
452 2434 526 2493 qui
558 2444 662 2478 tunc
687 2435 882 2478 homines
917 2435 1282 2494 apprehenderat,
1316 2450 1428 2481 nutu

93 2538 99 2553 ¹
127 2544 138 2564 ι
161 2535 233 2566 Cor.
256 2546 321 2577 xm,
353 2547 382 2577 7.
401 2542 468 2558 —2
498 2536 612 2568 Matth.
646 2549 735 2575 uun,
766 2535 906 2578 ¹29.-—3
937 2540 1029 2570 Rom.
1057 2548 1129 2577 xm,
1156 2537 1269 2570 1.-4
1303 2550 1313 2570 ι
1348 2541 1426 2580 Reg-

30 2597 124 2641 :xxvn
146 2597 196 2621 12.
