1790 3187
333 265 416 304 326
763 278 796 301 s.
833 274 1063 302 AUGUSTtNI
1095 275 1277 303 EPISC0P1

330 341 510 385 solidius
530 340 706 397 cogitari
729 337 968 397 quidquam
1001 348 1157 399 potest.
1184 340 1326 385 Prima
1348 341 1442 385 haec
1464 341 1713 401 aliquantu·
1764 352 1773 366 ²

330 410 422 454 lum
444 411 552 454 dui-‘a
582 425 670 453 esse
693 412 902 455 confiteor
928 431 936 456 :
966 412 1038 456 itta
1062 428 1164 456 vero
1186 411 1338 455 ultima
1357 428 1436 456 nec
1458 411 1566 456 dura
1590 411 1711 456 dixe·
1772 399 1773 412 ἵ

331 483 430 534 rim,
456 482 553 540 quia
578 481 826 529 dulcissima
859 493 977 538 sunt,
1013 500 1093 529 nec
1116 485 1288 538 mollia,
1313 484 1414 543 quia
1437 483 1678 527 firmissima
1700 503 1709 529 ε
1763 473 1772 515 ⁵·

332 553 439 612 quid
463 553 595 610 igitur
619 554 698 596 nisi
725 556 843 613 quod
862 554 945 598 dici
969 570 1055 598 non
1079 564 1236 614 potest,
1262 554 1335 597 sed
1360 553 1476 597 credi
1499 564 1644 597 tamen
1672 562 1714 599 et

332 623 492 680 sperari
511 632 553 666 et
574 623 706 665 amari
735 626 909 682 potest?
933 624 1115 669 Vincula
1138 639 1240 668 vero
1264 625 1392 683 hujus
1421 625 1573 667 mundi
1596 639 1714 682 aspe-

332 760 468 806 lon-em
489 796 500 816 ‚
531 762 739 807 incertam
763 763 1032 823 voluptatem
1057 784 1069 820 ς
1093 764 1251 808 durum
1270 763 1463 810 laborem
1482 797 1494 817 ‚
1518 762 1714 811 timidam

331 828 521 892 quietem
537 853 548 890 3
565 849 654 877 rem
675 833 846 893 plenam
874 835 1070 889 miseriae,
1085 850 1203 894 spem
1223 833 1504 879 beatitudinis
1521 834 1711 881 inanem.

331 903 487 948 His-ne
514 914 563 947 tu
597 905 747 948 inseris
775 913 818 949 et
845 905 1006 951 cottum
1041 917 1083 950 et
1108 922 1260 950 manus
1291 915 1335 950 et
1360 906 1514 965 pedes,
1545 921 1647 952 cum
1674 915 1717 951 et
1774 924 1779 937 ⁴

330 974 570 1018 honoribus
584 975 885 1033 hujuscemodi
900 977 1123 1035 subjugari
1139 977 1331 1031 affectas,
1347 986 1390 1020 et
1412 976 1523 1021 facta
1539 986 1612 1021 tua
1628 991 1716 1020 non

331 1044 456 1088 aliter
483 1044 707 1088 fructuosa
739 1047 952 1089 existimas
973 1081 983 1101 ,
1010 1057 1053 1090 et
1084 1048 1220 1091 ambis
1241 1048 1477 1101 inhaerere,
1508 1063 1596 1106 quo
1627 1061 1717 1090 non

329 1115 462 1158 modo
480 1115 686 1159 invitatus
701 1151 712 1170 ,
736 1116 811 1159 sed
837 1132 916 1161 nce
937 1118 1187 1176 compulsus
1208 1118 1385 1176 quidem
1408 1118 1468 1161 ire
1491 1117 1677 1160 debuisti
1700 1118 1718 1160 Ρ

331 1186 413 1229 Hic
444 1194 492 1228 tu
520 1184 699 1230 fortasse
719 1188 964 1230 Terentiani
991 1187 1101 1231 servi
1118 1188 1223 1231 mihi
1244 1203 1496 1246 responsum
1519 1186 1714 1242 dederis,
1764 1205 1765 1217 ³

336 1275 357 1298 «
373 1256 484 1309 Ohe,
503 1265 552 1299 tu
574 1258 704 1300 verba
720 1256 864 1300 fundis
884 1258 952 1302 hic
970 1259 1247 1317 sapientia¹.»
1266 1260 1383 1317 Cape
1398 1258 1529 1316 igitur
1548 1267 1596 1301 ut
1616 1256 1719 1301 sun-

331 1325 431 1370 dam
460 1327 602 1385 potius
625 1343 756 1387 quam
781 1327 1021 1373 effundam.
1049 1332 1136 1373 Aut
1154 1328 1198 1372 ·si
1220 1343 1299 1386 ego
1320 1338 1468 1380 canto,
1508 1336 1554 1371 tu
1573 1336 1718 1371 autem

332 1396 387 1441 ad
411 1398 535 1442 aliam
558 1414 709 1443 vocem
726 1399 869 1453 saltas,
895 1414 974 1443 nec
995 1400 1055 1443 sic
1077 1399 1254 1459 quidem
1270 1414 1337 1442 me
1355 1399 1554 1458 poenitet.
1577 1397 1719 1442 Habet
1764 1433 1766 1438 .

330 1469 444 1513 enim
464 1486 585 1514 suam
609 1470 902 1514 hilaiitatcm
893 1486 984 1529 ipsa
1014 1471 1229 1524 cantatio,
1256 1470 1385 1514 etiam
1409 1485 1509 1514 cum
1540 1469 1595 1512 ad
1623 1483 1716 1511 eam
1775 1520 1778 1527 Ι

333 1542 528 1586 membra
571 1557 660 1584 non
698 1549 869 1591 movet,
907 1541 977 1584 cui
1011 1543 1137 1599 plena
1173 1541 1391 1584 charitatis
1422 1539 1718 1584 modulatione
1779 1590 1781 1594 ι

335 1601 727 1649 cantatui.Ve1ba
760 1598 958 1659 quaedam
991 1601 1035 1643 in
1058 1601 1247 1659 epistolis
1277 1601 1360 1643 tuis
1378 1615 1446 1643 nie
1469 1607 1716 1653 moverunt,

335 1673 411 1718 sed
451 1674 505 1716 de
533 1672 599 1716 his
638 1681 846 1726 tractate,
881 1686 980 1715 cum
1007 1671 1222 1716 factorum
1252 1671 1441 1732 vitaeque
1466 1672 1598 1718 totius
1636 1681 1722 1717 tuae
1773 1685 1787 1727 τ·

334 1759 437 1790 cura
451 1752 680 1803 excoquat,
705 1743 905 1802 ineptum
928 1743 1092 1801 putavi.

786 1876 999 1921 Carmen
1016 1878 1033 1903 ‘²
1073 1875 1280 1922 Lz'centz'i

633 1945 704 1991 ad
719 1948 1044 2008 Augustlnum
1060 1956 1424 2005 praeceptorem.

400 2083 480 2126 m.
503 2083 721 2126 Arcanum
741 2082 944 2125 Varronis
964 2081 1045 2124 iter
1062 2080 1296 2124 scrutando
1315 2079 1525 2140 profundi

396 2155 520 2198 Mens
543 2153 691 2208 hebet,
717 2151 1027 2212 adversamque
1046 2151 1156 2210 fugit
1176 2152 1409 2196 conterrita
1432 2152 1590 2196 lucem.

397 2227 487 2270 Nec
512 2224 688 2278 mirum5
708 2224 823 2284 jacet
844 2223 982 2267 omnis
1005 2223 1118 2266 enim
1139 2238 1230 2266 mea
1248 2237 1350 2266 cura
1373 2221 1547 2281 legendi

402 2297 461 2340 Te
481 2311 569 2339 non
591 2294 722 2338 dante
745 2310 938 2348 manum,
965 2303 1006 2338 et
1023 2309 1283 2352 consurgere
1301 2293 1390 2338 sola
1415 2303 1603 2339 veretur.

401 2368 508 2412 Nam
529 2365 655 2410 simul
673 2376 720 2410 ut
745 2365 946 2425 perplexa
970 2365 1048 2408 viri
1071 2363 1326 2423 compendia
1346 2364 1457 2408 tanti

404 2436 589 2481 Volvere
612 2438 745 2481 suasit
763 2452 897 2492 amor,
920 2451 1147 2495 sacrosque
1170 2436 1382 2493 attingere
1410 2449 1574 2490 sensus,

404 2507 509 2561 Quis
532 2523 762 2552 numerum
781 2507 902 2551 dedit
923 2506 994 2549 ille
1014 2515 1154 2560 tonos,
1176 2503 1478 2565 mundumque
1494 2503 1687 2549 tonando

398 2601 407 2616 ¹
425 2595 553 2626 Terent.
574 2593 607 2626 in
623 2593 760 2636 Adelph.
779 2597 844 2626 act.
863 2603 895 2634 v,
916 2602 1002 2626 scen.
1028 2603 1057 2624 ι.
1072 2607 1115 2616 -
1127 2598 1141 2615 ²
1166 2590 1249 2623 Alias
1266 2589 1408 2633 Epistola
1425 2600 1474 2622 xi..

1757 2027 1760 2060 Ι
1776 2055 1779 2057 Α
