1790 3187
278 245 329 270 niz
361 244 550 272 ntvznsm
581 244 738 279 szs'r.
775 245 929 271 oenoe.
964 245 1128 272 TRtms.
1343 233 1399 271 59

13 309 145 367 virgo.
170 309 259 353 Cur
293 315 439 351 autem
471 307 668 367 quinque
698 306 827 351 dictae
855 308 968 362 sint,
1003 317 1052 352 ut
1089 308 1195 352 mihi
1225 307 1400 353 videtur

11 378 248 438 expositum
271 386 349 422 est.
379 377 461 422 Sed
485 376 681 421 videmus
703 393 820 421 nunc
850 378 893 421 in
915 378 1161 437 aenigmate,
1187 387 1294 422 tunc
1320 394 1399 423 au-

13 459 100 497 tem
122 446 230 493 facie
263 449 317 492 ad
340 448 492 492 faciem
509 450 540 503 ¹,
566 457 609 492 et
632 463 750 492 nunc
769 463 819 492 ex
860 458 1006 507 parte,
1042 458 1146 494 tunc
1181 458 1328 494 autem
1350 464 1401 493 ex

13 528 119 565 toto.
143 521 291 578 Ipsum
314 527 458 562 autem
479 518 524 561 in
539 518 768 576 aenigmate
787 527 829 561 et
853 533 903 562 ex
926 527 1047 578 parte
1065 519 1243 563 nuncin
1264 520 1402 577 Scrip-

15 590 120 636 turis
143 589 308 648 aliquid
331 603 528 643 cernere,
554 588 674 647 quod
699 597 844 632 tamen
866 589 918 633 sit
946 588 1188 634 secundum
1213 588 1401 633 catholi-

13 675 108 706 cam
131 658 284 714 fidem,
312 674 362 702 ex
390 658 465 703 illo
495 659 674 718 pignore
697 659 926 717 contingit,
951 658 1072 719 quod
1095 650 1260 719 accepit
1281 659 1402 718 virgo

14 731 201 776 Ecclesia
232 730 382 774 humili
416 731 605 774 adventu
633 731 777 789 sponsi
800 731 891 785 sui,
924 747 1023 791 quae
1050 730 1112 775 illi
1141 730 1298 775 ultimo
1322 730 1402 774 ad-

13 811 147 848 ventu
165 817 262 846 cum
287 801 430 845 veniet
452 802 495 845 in
516 799 711 845 claritate
728 810 917 860 nuptura
942 811 1004 846 est
1020 837 1032 859 ,
1061 817 1159 846 cum
1184 803 1274 861 jam
1294 801 1402 846 facie

13 872 68 918 ad
90 872 243 917 faciem
266 873 558 917 contuebitur.
589 891 608 914 «
644 871 770 917 Dedit
789 872 904 916 enim
935 873 1060 917 nobis
1082 873 1242 932 pignus
1266 873 1402 931 Spiri-

17 961 37 984 »
65 951 157 986 tum
181 944 418 997 sanctum2,
444 962 462 983 »
485 942 596 986 sicut
617 941 722 987 dicit
740 942 988 1002 Apostolus.
1017 945 1071 987 Et
1094 942 1193 986 ideo
1224 943 1304 986 ista
1327 957 1402 985 ex-

16 1012 170 1072 positio
194 1011 300 1056 nihil
322 1021 488 1056 certum
503 1013 714 1067 intuetur,
740 1012 822 1056 nisi
842 1022 890 1057 ut
910 1014 1149 1057 secundum
1169 1011 1299 1056 fidem
1323 1012 1402 1067 sit3

14 1098 156 1142 neque
177 1081 269 1126 aliis
287 1082 557 1142 praejudicat,
578 1099 677 1143 quae
699 1082 984 1128 nihilominus
1013 1082 1254 1128 secundnm
1273 1081 1403 1126 fidem

13 1167 103 1198 esse
122 1154 358 1212 potuerint.

72 1226 269 1277 Qnfflstrto
298 1227 389 1267 LX.
416 1252 473 1257 —
499 1225 619 1269 Sicut
644 1224 750 1269 scire
785 1227 898 1268 Deus
920 1224 1104 1279 dicitur,
1141 1224 1271 1268 etiam
1304 1237 1406 1267 cum

14 1294 220 1338 scientem
251 1295 375 1349 facit,
398 1295 508 1339 sicut
535 1295 742 1354 scriptum
763 1305 842 1347 est,
872 1314 890 1336 «
917 1298 1071 1339 Tentat
1093 1309 1169 1339 vos
1197 1293 1406 1338 Dominus

17 1383 37 1405 »
66 1367 178 1408 Deus
200 1374 364 1419 vester,
393 1374 441 1408 ut
470 1365 575 1408 sciat
603 1365 637 1408 si
663 1364 850 1422 diligatis
873 1380 989 1408 eum.
1027 1383 1046 1405 »
1078 1367 1176 1409 Non
1206 1364 1322 1406 enim
1344 1363 1407 1406 sic

17 1434 183 1478 dietum
207 1444 268 1478 est
300 1435 410 1490 hoc,
436 1436 557 1495 quasi
586 1435 750 1478 nesciat
782 1437 925 1478 Deus:
962 1433 1037 1478 sed
1071 1443 1121 1478 ut
1154 1434 1234 1493 ipsi,
1271 1433 1407 1478 sciant

17 1513 228 1564 quantum
267 1505 311 1548 in
351 1505 523 1549 Domini
555 1505 788 1550 dilectione
825 1503 1114 1564 profecerint3
1147 1505 1290 1565 quod,
1326 1504 1408 1548 nisi

17 1574 329 1618 tentationibus
362 1591 461 1635 quae
505 1575 737 1630 accidunt,
774 1591 861 1620 nou
898 1575 1026 1634 plene
1071 1575 1126 1619 ab
1158 1575 1409 1619 hominibus

17 1644 278 1702 agnoscitur.
306 1647 360 1688 Et
381 1645 519 1704 ipsum
556 1647 752 1700 Tentat3‚
784 1661 862 1705 pro
882 1661 933 1689 eo
954 1647 1147 1705 positum
1177 1655 1262 1699 est,
1287 1645 1408 1705 quod

19 1716 173 1760 tentari
192 1716 307 1760 sinit.
333 1717 394 1760 Sit
413 1727 569 1760 etcum
588 1717 747 1760 dicitur
770 1717 957 1771 nescire,
981 1727 1056 1760 aut
1079 1733 1157 1776 pro
1176 1732 1226 1760 eo
1250 1715 1410 1760 dicitur

19 1785 138 1846 quod
159 1801 246 1830 non
269 1787 482 1845 approbat
509 1822 518 1841 ‚
543 1787 587 1830 id
610 1796 694 1841 est,
727 1788 771 1830 in
796 1786 1021 1846 disciplina
1046 1796 1088 1831 et
1110 1786 1310 1831 doctrina
1333 1801 1408 1830 sua

21 1872 109 1900 non
133 1858 343 1915 agnoscit,
369 1858 479 1901 sicut
509 1857 675 1901 dictum
699 1867 778 1901 est.
807 1876 826 1898 «
846 1858 998 1901 Nescio
1021 1859 1121 1900 vos4
1143 1877 1151 1901 :
1185 1876 1204 1897 η
1239 1866 1314 1900 aut
1331 1872 1410 1915 pro

22 1943 73 1971 eo
102 1928 223 1987 quod
254 1926 415 1972 utiliter
439 1928 674 1972 nescientes
704 1928 836 1982 facit,
873 1928 993 1987 quod
1026 1927 1134 1972 scire
1155 1928 1310 1972 inutile
1327 1936 1405 1971 est.

23 1998 129 2043 Ideo
150 1998 261 2043 bene
283 2000 508 2058 accipitur,
534 1998 575 2043 id
595 1999 713 2059 quod
739 2000 904 2043 dictum
928 2009 1006 2054 est,
1033 2000 1173 2043 solum
1198 2000 1304 2043 scire
1328 2002 1410 2043 Pa-

22 2080 153 2125 trem,
179 2070 238 2114 sic
267 2070 433 2114 dictum
454 2087 566 2125 esse⁷
592 2072 690 2131 quia
724 2070 826 2115 facit
856 2072 1015 2115 Filium
1049 2071 1156 2115 scire
1184 2090 1192 2116 :
1217 2081 1260 2115 et
1289 2070 1407 2131 quod

0 2179 1 2182 ,
21 2139 184 2185 dictum
210 2142 463 2193 est‚nescire
487 2141 666 2196 Filium,
686 2142 744 2186 sic
768 2141 933 2186 dictum
960 2158 1065 2197 esse,
1081 2142 1181 2201 quia
1197 2142 1297 2186 facit
1316 2157 1408 2185 nes-

0 2212 1 2220 ’
21 2211 107 2255 cire
123 2211 332 2266 homines,
348 2211 393 2255 id
413 2221 496 2267 est,
517 2228 605 2256 non
625 2212 770 2272 prodit
789 2213 847 2256 eis
861 2212 979 2272 quod
1003 2213 1215 2257 inutiliter
1230 2214 1404 2257 scirent.

81 2283 277 2334 Qcaesno
300 2284 414 2326 LXI.
440 2309 494 2315 —
519 2284 577 2327 1⁰.
611 2284 817 2343 Quinque
840 2299 970 2342 panes
995 2282 1213 2337 hordacei‚
1248 2282 1410 2342 quibus

24 2352 68 2396 in
90 2362 236 2396 monte
254 2354 462 2397 Dominus
492 2354 640 2397 turbas
664 2354 823 2413 pavit⁵‚
848 2353 1092 2411 significant
1122 2362 1314 2397 veterem
1343 2353 1408 2397 le-

27 2437 144 2482 gem3
163 2424 251 2469 sive
272 2426 373 2485 quia
396 2424 593 2470 nondum
610 2425 890 2485 spiritalibus,
914 2424 987 2469 sed
1006 2424 1149 2469 adhuc
1163 2424 1409 2469 carnalibus

1 2584 6 2720 i

4 2791 7 2818 ι

5 2821 9 2957 ἱ

6 2979 9 3010 i

74 2531 84 2546 ¹
118 2536 128 2556 ι
154 2526 225 2557 Cor.
252 2537 321 2559 xm.
338 2545 375 2550 —·
396 2535 407 2549 Ἰ
435 2536 454 2559 s).
474 2529 546 2560 Cor.
568 2538 597 2560 v.
616 2546 656 2551 -
671 2527 683 2551 3
714 2528 835 2559 Matth.
859 2538 947 2567 xxiv,
969 2526 1174 2559 36.-41d.
1198 2537 1275 2568 xxv,
1301 2538 1348 2558 ιν..
1368 2544 1408 2549 —-

32 2577 45 2602 5
63 2581 152 2612 Joan.
174 2591 219 2621 vi,
237 2592 267 2622 9.
