1790 3187
249 200 331 240 534
774 211 1044 254 ΑΝΝοΤΑξΓιοΝ
1052 213 1111 239 Es.

235 273 348 322 nent
369 277 423 320 ad
446 292 609 321 annum
631 277 791 321 Christi
813 281 919 332 314,
945 285 1051 321 teste
1074 278 1317 336 Augustino
1343 279 1387 323 in
1421 278 1499 324 lib.
1526 290 1623 339 post

244 347 391 393 collat.
417 362 512 407 cap.
539 354 609 391 33.

613 503 871 546 Amonno
902 502 995 559 (28)
1024 515 1124 561 pag.
1159 505 1260 546 428.

307 662 467 708 Missa
487 664 794 720 tractatoria,
817 664 888 708 hic
910 663 1019 708 nihil
1041 663 1160 708 aliud
1182 672 1245 709 est
1274 679 1404 725 quam
1429 665 1637 723 synodica

249 733 446 793 epistola.
471 736 800 794 Nonnunquam
817 749 920 779 vero
947 734 1140 794 diploma
1163 743 1227 779 est
1243 735 1429 794 publicae
1452 737 1640 782 evectio-

249 805 316 850 nis
339 806 619 864 usurpandae,
640 815 690 850 ut
710 806 755 850 in
773 806 1044 852 Constantini
1069 806 1212 851 edicto
1231 806 1284 851 ad
1299 807 1531 852 Ablavium
1551 811 1637 852 PP.

252 891 342 936 quo
364 876 491 936 jubet
514 877 737 924 tractorias
766 877 860 922 dari
882 877 1092 938 episcopis
1121 876 1176 922 ad
1205 877 1456 925 Arelatense
1481 877 1637 925 concil.

251 947 543 994 venientibus.

625 1093 884 1137 ΑΝΝοΤΑΤΙο
915 1093 1008 1149 (29)
1039 1105 1136 1151 pag.
1172 1094 1273 1136 435.

316 1252 472 1296 Isthaec
502 1253 633 1296 Gesta
660 1250 840 1296 fuerunt
862 1250 1061 1296 confecta
1091 1266 1206 1295 anno
1237 1256 1336 1295 320.
1369 1250 1572 1296 Citantur
1603 1251 1649 1295 in

257 1324 335 1368 lib.
362 1343 414 1367 111
436 1332 586 1368 contra
608 1325 812 1368 Crescon.
845 1339 940 1382 cap.
976 1330 1048 1379 29,
1078 1332 1122 1367 et
1148 1322 1410 1367 exhibentur
1432 1322 1478 1366 in
1508 1324 1650 1366 Bene-

261 1394 526 1439 dictinorum
554 1393 755 1438 editionis
782 1403 902 1438 tomo
937 1412 983 1438 1x
1009 1394 1056 1437 in
1087 1394 1356 1453 Appendice.
1382 1392 1651 1438 Eorumdem

260 1466 391 1511 etiam
412 1465 612 1511 meminit
629 1466 815 1525 Optatus
836 1465 883 1510 in
904 1464 984 1509 lib.
1010 1483 1025 1508 1
1046 1473 1198 1510 contra
1220 1464 1572 1510 Parmenianum.

699 1626 954 1669 Amnomno
985 1625 1078 1681 (30)
1110 1620 1225 1667 ibid.

324 1785 413 1829 Has
445 1781 609 1828 litteras
629 1781 765 1827 habes
786 1782 832 1826 in
857 1781 994 1826 Gestis
1025 1779 1269 1841 Zenophili,
1298 1789 1420 1826 tomo
1436 1797 1563 1826 xvm.

642 1944 898 1987 Ammona-10
928 1940 1023 2000 (31)
1053 1953 1153 1999 pag.
1188 1942 1290 1988 442.

328 2097 615 2143 Maximianus
624 2099 654 2142 C
662 2098 781 2142 artha
788 2097 973 2156 ginensis
985 2096 1193 2140 diaconus
1205 2094 1428 2140 Donatista
1439 2093 1659 2139 Primiano

272 2169 473 2228 episcopo
495 2183 574 2212 suo
592 2167 804 2223 infensus,
825 2177 977 2213 auctor
993 2167 1094 2215 novi
1113 2166 1367 2221 schismatis,
1389 2165 1527 2209 extitit
1545 2165 1658 2209 circa

273 2253 438 2282 annum
467 2244 567 2293 393,
589 2236 859 2297 proeeidens
864 2238 1086 2301 frustum
1106 2236 1165 2281 de
1181 2236 1374 2298 frusto,
1399 2244 1448 2279 ut
1478 2235 1538 2279 ait
1565 2237 1659 2279 Au-

274 2309 487 2367 gustinus,
520 2310 565 2352 in
588 2311 786 2354 Enarrat.
821 2317 846 2353 2
873 2310 916 2353 in
944 2309 1054 2353 Psal.
1081 2327 1235 2364 xxxw,
1261 2308 1339 2352 ubi
1366 2316 1409 2352 et
1429 2305 1562 2351 refert
1587 2321 1661 2363 sy-

274 2377 476 2422 nodicam
491 2378 714 2438 epistolam
730 2380 1048 2442 Donatistarum
1064 2380 1379 2438 Episcoporum
1392 2377 1468 2436 qui
1483 2375 1662 2421 Primia-

276 2443 383 2492 num
406 2450 452 2493 in
469 2452 821 2513 Cabarsussitano
843 2451 1027 2505 concilio
1049 2450 1329 2504 damnarunt,
1349 2457 1393 2492 et
1412 2448 1458 2492 in
1479 2448 1570 2506 ejus
1591 2445 1661 2494 lo-

278 2536 378 2589 cum
393 2522 686 2582 subrogarunt
699 2522 1028 2574 Maximianum.
1051 2523 1107 2566 At
1124 2534 1238 2574 anno
1254 2518 1445 2578 proxime
1465 2517 1662 2578 sequenti
