1790 3187
585 214 783 244 mus-rom
816 217 911 244 xm.
1358 207 1437 248 281

55 284 169 330 forte
206 281 392 343 aliquid,
418 283 450 326 si
474 281 715 342 quidquam
745 291 887 341 posset
911 297 1001 327 esse
1016 281 1277 342 jucundius,
1298 291 1442 328 totum

55 354 176 415 quod
192 354 376 398 debetur
399 352 621 411 efflagites.
650 355 772 396 Hanc
794 352 926 409 igitur
948 351 1171 412 epistolam
1192 354 1443 398 numerabis

54 427 167 469 inter
196 426 382 469 minores
414 422 614 481 epistolas
645 438 787 477 meaS‚
819 439 952 483 quam
976 424 1082 478 tibi,
1118 439 1207 468 non
1233 424 1313 468 sibi
1332 424 1439 469 nihil

54 496 163 540 mihi
189 495 245 539 de
267 510 419 539 acervo
443 495 652 537 minuere.
679 496 775 538 Non
799 494 914 538 enim
938 504 981 539 et
1004 503 1052 538 tu
1081 495 1213 539 mittis
1236 495 1440 551 minores,

53 582 154 626 quae
177 581 263 609 non
283 564 486 609 eumdem
510 579 712 608 acervum
730 574 931 622 augeant.
953 567 1097 618 Quare
1119 563 1228 609 illud
1246 565 1366 625 quod
1389 564 1444 609 de

55 635 167 681 Filio
195 636 269 680 Dei
293 636 450 696 quaeris
478 651 556 680 cur
580 635 670 695 ipse
694 635 837 694 potius
861 635 1033 680 dicatur
1057 636 1276 680 hominem
1300 652 1444 681 susce-

54 706 164 766 pisse
185 722 316 766 quam
340 709 467 750 Pater
488 720 588 750 cum
618 705 748 749 simul
770 715 954 766 uterque
975 707 1045 759 sit,
1070 706 1293 764 dignosces
1316 706 1442 752 facil-

52 776 154 820 lime
184 778 217 821 si
239 777 652 821 sermocinationum
675 786 937 830 nostrarum,
963 777 1124 836 quibus
1144 787 1194 822 ut
1216 778 1443 837 potuimus

53 849 172 904 (nam
196 846 418 891 ineffabile
435 845 644 907 quiddam
667 849 749 904 est)
771 847 878 907 quid
892 847 946 891 sit
966 847 1040 891 Dei
1060 846 1212 902 Filius,
1229 863 1319 908 quo
1342 863 1444 893 con-

49 917 192 976 juncti
217 917 371 972 simus,
397 916 648 961 recorderis.
675 918 801 970 Quod
834 926 883 961 ut
908 918 978 962 hic
1000 917 1188 962 breviter
1213 918 1440 976 attingam,

53 987 280 1046 disciplina
299 988 389 1047 ipsa
407 997 449 1032 et
470 986 610 1032 forma
639 988 729 1041 Dei,
755 1003 832 1047 per
853 1003 985 1047 quam
1019 987 1129 1033 saeta
1152 998 1254 1033 sunt
1277 989 1440 1044 omnia,

54 1073 154 1117 quae
185 1057 295 1102 facta
326 1067 428 1102 sunt
454 1058 588 1102 Filius
607 1067 903 1118 nuncupatur.
933 1057 1159 1119 Quidquid
1187 1068 1332 1103 autem
1368 1075 1445 1119 per

54 1137 302 1187 susceptum
337 1127 460 1172 illum
488 1128 709 1173 hominem
741 1138 910 1187 gestum
948 1138 1042 1185 est,
1071 1128 1127 1175 ad
1154 1129 1443 1175 eruditionem

54 1197 497 1259 informationemque
518 1209 709 1245 nostram
731 1210 901 1259 gestum
923 1209 1002 1245 est.

56 1303 267 1363 (Vacat
304 1303 526 1349 LXVII
560 1303 797 1348 linearum
830 1306 1039 1364 spatium
1069 1307 1115 1350 in
1139 1305 1249 1352 MS.
1279 1303 1444 1352 codice

60 1372 312 1420 Vaticano
342 1372 467 1420 unde
486 1373 716 1435 Epistola
735 1384 873 1421 eruta
897 1378 1022 1435 est.)

56 1530 106 1546 m
110 1531 668 1549 mmmmssmmssmmm
673 1533 811 1549 MMWU
815 1533 1159 1551 &mmmmm
1163 1533 1372 1550 =wuwv=wvv
1376 1533 1445 1549 m

478 1655 801 1703 EPOETOIA
840 1658 956 1703 Ut}
982 1650 1013 1704 ¹.

467 1790 692 1823 NEBmmo
729 1790 1030 1824 AUGUSTINUS.

63 1907 390 1968 Quaestionem
412 1905 471 1951 cle
488 1909 664 1952 animoe
688 1907 900 1967 quodam
920 1924 1140 1968 corpore,
1166 1908 1237 1953 acl
1257 1925 1306 1953 se
1328 1906 1450 1953 m'lzzl

352 1978 672 2037 pertinentem
701 1988 845 2041 rogat
875 1977 1135 2024 dimittant.

117 2113 151 2154 Ι.
197 2112 382 2155 USITATA
419 2112 496 2155 tibi
528 2113 716 2156 scribere
750 2128 838 2157 non
874 2113 1008 2168 libet,
1042 2129 1155 2158 nova
1197 2129 1286 2158 non
1324 2113 1441 2159 licet.

56 2179 254 2224 Alterum
273 2181 387 2224 euim
402 2180 530 2226 video
552 2182 631 2226 tibi
650 2198 738 2227 non
764 2184 1012 2238 convenire,
1029 2182 1214 2228 alterum
1236 2200 1323 2228 non
1339 2185 1446 2228 mihi

58 2263 221 2293 vacare.
247 2252 357 2295 Nam
381 2266 432 2294 ex
456 2267 545 2310 quo
567 2252 651 2295 abii
677 2254 752 2296 abs
771 2262 828 2306 te,
856 2252 974 2296 nulla
999 2254 1105 2297 mihi
1125 2255 1442 2313 opportunitas,

58 2319 227 2364 nullum
251 2323 388 2364 otium
411 2322 562 2365 datum
584 2333 647 2366 est
671 2339 736 2376 ea,
757 2340 858 2383 quae
879 2324 994 2367 inter
1016 2340 1093 2368 nos
1113 2340 1310 2385 quaerere
1331 2325 1444 2369 sole-

59 2403 168 2445 mus,
194 2390 388 2449 agitandi
412 2401 543 2452 atque
566 2393 781 2438 versandi.
804 2396 914 2438 Sunt
935 2394 1112 2453 quidem
1136 2394 1357 2452 hyemales
1375 2396 1446 2439 ni-

107 2503 115 2521 ¹
136 2498 223 2530 Alias
236 2510 365 2533 ccxvm.
386 2512 455 2544 quae
479 2507 586 2535 autem
601 2513 655 2535 xni
682 2509 764 2544 erat,
783 2514 868 2537 nunc
886 2515 996 2537 vam.
1012 2521 1053 2527 —
1066 2505 1190 2547 Scripta
1209 2515 1247 2536 an
1267 2505 1352 2537 forte
1367 2506 1442 2548 389,

60 2557 148 2586 certe
169 2559 245 2587 ante
263 2556 339 2598 391.
