1790 3187
339 214 417 252 152
758 226 790 253 s.
826 221 1056 251 Arouscrrm
1089 224 1268 252 muscom

338 310 356 331 »
376 290 578 344 Domini,
602 288 735 345 magis
752 303 882 346 quam
912 288 1108 332 habitare
1133 289 1177 332 in
1201 289 1486 334 tabernaculis
1508 301 1706 349 peccato-

337 380 356 401 »
376 376 469 404 rum
483 363 495 385 '¹
524 378 568 405 2»
595 359 716 418 quasi
730 373 818 402 non
839 358 1021 414 habitet,
1047 360 1242 418 quamvis
1264 359 1325 402 ibi
1343 360 1411 414 sit,
1427 360 1502 420 qui
1517 361 1706 420 abJ'ectus
1730 389 1732 391 >

332 433 392 476 ibi
417 440 477 475 est
498 466 508 485 ‚
537 431 803 488 ubicumque
829 429 882 473 sit
901 448 909 474 :
929 428 1047 473 unde
1065 430 1252 474 insinuat
1273 430 1585 475 habitationem
1608 448 1706 477 cum

335 503 527 563 quodam
549 501 797 561 principatu
818 499 1158 559 intelligendam.
1184 501 1246 546 Sit
1268 510 1411 545 autem
1430 516 1507 560 per
1530 503 1707 561 gratiam

334 575 409 618 fiat
432 575 477 617 in
501 572 626 616 nobis
648 572 768 632 quod
793 570 876 616 alio
909 570 1004 616 loco
1024 572 1149 617 dicit:
1167 591 1186 614 «
1206 575 1262 616 Ut
1272 587 1361 617 non
1382 583 1531 630 regnet
1553 589 1706 632 pecca-

336 654 461 688 »tum
483 645 528 687 in
550 652 697 687 nostro
716 641 887 686 mortali
906 657 1084 702 corpore
1098 642 1153 687 ad
1175 642 1467 688 obediendum
1488 644 1707 690 desideriis

336 735 355 758 »
368 717 474 775 ejus,
495 715 581 774 jam
596 729 676 758 nec
699 713 893 758 habitare
913 714 1085 773 proprie
1100 713 1257 758 dicitur
1278 717 1310 758 2.
1339 732 1359 755 »

393 786 481 828 11⁰.
502 783 655 828 «Velle
673 784 805 839 enirn,
828 784 984 843 inquit,
1010 783 1176 843 adjacet
1197 785 1319 840 mihi,
1342 784 1546 843 perficere
1565 793 1706 829 autem

334 877 353 900 ³>
380 858 546 901 bonum
570 871 658 900 non
676 856 848 900 invenio
866 857 881 881 ³
904 874 942 899 ».
968 855 1043 899 His
1062 855 1203 900 verbis
1221 855 1393 900 videtur
1409 871 1498 900 non
1513 856 1708 900 rectein-

332 926 751 986 [elligentibusvelut
764 925 1123 970 auferreliberum
1137 926 1379 971 arbitrium.
1395 926 1478 971 Sed
1488 926 1709 987 quomodo

327 998 496 1054 aufert,
535 1015 634 1043 cum
659 997 774 1042 dicat
801 1017 809 1042 ¹.
840 1017 859 1039 «
884 997 1006 1041 Velle
1029 997 1193 1058 adjacet
1224 998 1330 1042 mihi
1355 1000 1372 1042 P
1393 1016 1412 1038 »
1442 999 1569 1043 Certe
1595 998 1709 1042 enim

328 1072 470 1129 ipsum
487 1068 598 1114 velle
613 1069 656 1112 in
680 1077 890 1128 potestate
922 1077 984 1112 est
1004 1103 1015 1123 ,
1041 1069 1246 1127 quoniam
1270 1067 1435 1127 adjacet
1458 1068 1582 1112 nobis
1603 1087 1610 1111 :
1635 1067 1707 1112 sed

326 1140 445 1199 quod
469 1140 670 1198 perficere
693 1139 857 1182 bonum
892 1154 980 1181 non
1000 1147 1062 1181 est
1083 1138 1126 1181 in
1151 1146 1383 1197 potestate,
1420 1139 1474 1182 ad
1507 1137 1707 1181 meritum

329 1212 511 1271 pertinet
534 1208 749 1268 originalis
767 1209 946 1267 peccati.
961 1211 1058 1254 Non
1081 1209 1195 1252 enim
1219 1219 1281 1253 est
1299 1210 1390 1253 haec
1405 1211 1541 1268 prima
1556 1219 1707 1253 natura
1752 1212 1754 1228 l

326 1281 535 1335 hominis,
562 1279 636 1324 sed
654 1279 799 1323 delicti
817 1294 973 1338 poena,
1000 1293 1075 1338 per
1097 1294 1229 1338 quam
1251 1278 1365 1323 facta
1397 1289 1460 1323 est
1481 1280 1572 1338 ipsa
1600 1294 1708 1324 mor-
1752 1288 1753 1323 ἐ

328 1352 465 1396 talitas
491 1387 501 1407 ‚
527 1351 650 1412 quasi
684 1351 873 1394 secunda
911 1359 1066 1393 natura
1091 1385 1101 1404 ,
1139 1350 1255 1394 unde
1288 1366 1366 1394 nos
1395 1351 1529 1408 gratia
1556 1350 1710 1395 liberat
1751 1390 1754 1400 ,

327 1422 561 1468 conditoris
583 1421 778 1465 subditos
812 1420 890 1463 sibi
922 1436 997 1480 per
1025 1421 1171 1464 fidem.
1214 1421 1297 1466 Sed
1326 1422 1416 1465 istae
1446 1437 1564 1466 nunc
1586 1437 1710 1466 voces
1751 1462 1753 1478 1

326 1504 427 1539 sunt
439 1493 519 1537 sub
534 1492 628 1551 lege
644 1492 831 1536 hominis
854 1492 1093 1548 constituti,
1116 1494 1311 1537 nondum
1335 1493 1416 1537 sub
1440 1493 1590 1551 gratia.
1614 1495 1708 1538 Non

327 1565 442 1610 enim
465 1564 585 1624 quod
609 1562 703 1607 vult
725 1562 828 1607 facit
843 1563 1023 1617 bonum,
1041 1563 1116 1622 qui
1139 1562 1337 1607 nondum
1360 1573 1423 1607 est
1440 1563 1520 1607 sub
1543 1565 1674 1621 gratia
1696 1585 1707 1621 3
1751 1554 1753 1591 {

328 1637 402 1682 sed
424 1635 543 1697 quod
566 1651 655 1679 non
677 1635 771 1680 vult
789 1633 953 1677 malum
971 1669 981 1689 ‚
1002 1635 1085 1678 hoc
1104 1635 1206 1693 agit,
1231 1642 1461 1694 superante
1479 1635 1709 1694 concupis·
1751 1639 1753 1659 ³
1788 1647 1790 1691 j

328 1708 486 1762 centia,
507 1722 595 1750 non
613 1706 753 1750 solum
776 1704 949 1749 vinculo
972 1705 1245 1749 mortalitatis
1263 1740 1273 1760 ‚
1293 1704 1367 1749 sed
1391 1704 1507 1749 mole
1528 1721 1710 1750 consue*

330 1779 489 1824 tudinis
507 1777 722 1822 roborata.
747 1776 789 1821 Si
807 1785 952 1820 autem
972 1776 1092 1835 quod
1114 1791 1201 1820 non
1225 1774 1334 1831 vult,
1364 1776 1447 1820 hoc
1468 1775 1573 1820 facit
1593 1812 1602 1832 ,
1622 1778 1709 1836 jam

330 1866 417 1894 non
439 1850 530 1908 ipse
549 1856 752 1907 operatur
766 1845 891 1901 illud,
907 1846 981 1890 sed
999 1846 1118 1905 quod
1139 1846 1368 1890 habitatin
1388 1861 1439 1891 eo
1455 1856 1680 1906 peccatum
1700 1867 1708 1892 :
1750 1894 1752 1909 ἶ
1786 1859 1790 1892 ε·

329 1922 440 1965 sicut
457 1920 653 1979 superius
673 1918 837 1962 dictum
861 1927 923 1961 est
944 1926 987 1961 et
1010 1917 1267 1975 expositum.

391 1995 479 2034 12⁰.
510 2009 530 2032 «
556 1990 737 2034 Invenio
765 2004 866 2047 ergo
885 2024 895 2043 ‚
916 1989 1079 2048 inquit,
1106 1988 1243 2046 legem
1267 1987 1372 2032 mihi
1394 1986 1556 2033 volenti
1573 1989 1711 2034 facere
1750 1978 1751 2020 Ῑ

333 2082 353 2105 »
381 2064 564 2116 bonum,
585 2060 791 2120 quoniam
807 2059 913 2103 mihi
936 2059 1098 2102 malum
1114 2059 1282 2118 adjacet
1297 2060 1310 2084 4
1326 2078 1361 2103 2»
1388 2059 1432 2102 id
1450 2060 1712 2115 est,invenio
1749 2072 1752 2088 ²

332 2133 470 2192 legem
485 2133 650 2176 bonum
665 2131 771 2174 mihi
793 2145 898 2185 esse,
918 2145 1018 2174 cum
1031 2129 1130 2174 volo
1153 2128 1294 2174 facere
1309 2129 1429 2189 quod
1445 2129 1514 2174 lex
1533 2131 1663 2176 habet
1677 2135 1708 2190 ⁵3

331 2204 539 2265 quoniam
562 2201 669 2246 mihi
691 2200 853 2246 malum
877 2202 1072 2259 adjacet,
1093 2200 1146 2244 ad
1168 2199 1293 2244 facile
1317 2200 1579 2245 faciendum.
1602 2203 1708 2255 Quia

332 2276 527 2335 superius
551 2273 669 2334 quod
697 2273 781 2327 ait,
812 2270 971 2315 «Velle
996 2271 1164 2331 adjacet
1189 2272 1291 2316 mihi
1314 2291 1322 2316 ε
1344 2290 1363 2313 »
1389 2272 1444 2316 ad
1463 2272 1709 2318 facilitatem
1748 2275 1751 2323 ξ

333 2347 454 2390 dixit.
478 2344 593 2398 Quid
615 2344 729 2388 enim
745 2341 911 2387 facilius
924 2343 1087 2387 homini
1101 2342 1179 2386 sub
1197 2342 1289 2400 lege
1311 2345 1559 2399 constituto,
1581 2359 1710 2404 quam
1748 2342 1750 2348 ’

335 2416 445 2461 velle
479 2416 646 2460 bonum
668 2423 711 2459 et
736 2413 877 2458 facere
907 2412 1066 2457 malum
1087 2414 1105 2456 P
1128 2415 1236 2458 Nam
1258 2422 1300 2458 et
1322 2412 1432 2458 illud
1454 2414 1709 2460 difficultate
1748 2411 1749 2415 ¹

386 2527 393 2541 ¹
422 2518 780 2558 l’sal.txxx111‚11.-—
798 2524 809 2539 “¹
838 2520 926 2549 Rom.
953 2515 1225 2559 v1,12.——31-.
1254 2528 1306 2558 vn,
1333 2517 1707 2551 18.-41bid.21.—-
1748 2527 1749 2541 ¹

338 2575 351 2598 5
375 2576 475 2606 Forte
492 2574 596 2615 jubel.
