<?xml version="1.0" encoding="UTF-8"?>
<!DOCTYPE html PUBLIC "-//W3C//DTD XHTML 1.0 Transitional//EN"
    "http://www.w3.org/TR/xhtml1/DTD/xhtml1-transitional.dtd">
<html xmlns="http://www.w3.org/1999/xhtml" xml:lang="en" lang="en">
 <head>
  <title>
</title>
<meta http-equiv="Content-Type" content="text/html;charset=utf-8" />
  <meta name='ocr-system' content='tesseract 3.04.00' />
  <meta name='ocr-capabilities' content='ocr_page ocr_carea ocr_par ocr_line ocrx_word'/>
</head>
<body>
  <div class='ocr_page' id='page_1' title='image "./operaomniaaccura38auguuoft_0519.png"; bbox 0 0 1790 3187; ppageno 0'>
   <div class='ocr_carea' id='block_1_1' title="bbox 642 244 1484 285">
    <p class='ocr_par' dir='ltr' id='par_1_1' title="bbox 642 244 1484 285">
     <span class='ocr_line' id='line_1_1' title="bbox 642 244 1484 285; baseline -0.001 -1"><span class='ocrx_word' id='word_1_1' title='bbox 642 258 840 285; x_wconf 74' lang='lat' dir='ltr'><strong>EPISTOLA</strong></span> <span class='ocrx_word' id='word_1_2' title='bbox 875 259 944 284; x_wconf 63' lang='grc' dir='ltr'>ιν.</span> <span class='ocrx_word' id='word_1_3' title='bbox 1401 244 1484 284; x_wconf 87' lang='grc'>509</span> 
     </span>
    </p>
   </div>
   <div class='ocr_carea' id='block_1_2' title="bbox 92 321 1492 2525">
    <p class='ocr_par' dir='ltr' id='par_1_2' title="bbox 92 321 1492 2026">
     <span class='ocr_line' id='line_1_2' title="bbox 93 321 1485 381; baseline 0.002 -17"><span class='ocrx_word' id='word_1_4' title='bbox 93 322 337 380; x_wconf 85' lang='lat' dir='ltr'>proximum</span> <span class='ocrx_word' id='word_1_5' title='bbox 363 323 596 381; x_wconf 73' lang='lat' dir='ltr'>pertinent,</span> <span class='ocrx_word' id='word_1_6' title='bbox 618 323 662 366; x_wconf 87' lang='lat' dir='ltr'>id</span> <span class='ocrx_word' id='word_1_7' title='bbox 689 333 768 376; x_wconf 86' lang='lat' dir='ltr'>cst,</span> <span class='ocrx_word' id='word_1_8' title='bbox 791 322 843 366; x_wconf 84' lang='lat' dir='ltr'>ad</span> <span class='ocrx_word' id='word_1_9' title='bbox 862 321 1101 376; x_wconf 84' lang='lat' dir='ltr'>hominem,</span> <span class='ocrx_word' id='word_1_10' title='bbox 1122 321 1223 381; x_wconf 76' lang='lat' dir='ltr'>quia</span> <span class='ocrx_word' id='word_1_11' title='bbox 1241 322 1285 364; x_wconf 92' lang='lat' dir='ltr'>in</span> <span class='ocrx_word' id='word_1_12' title='bbox 1309 322 1485 367; x_wconf 87' lang='lat' dir='ltr'>duobus</span> 
     </span>
     <span class='ocr_line' id='line_1_3' title="bbox 93 391 1486 453; baseline 0.001 -17"><span class='ocrx_word' id='word_1_13' title='bbox 93 394 318 452; x_wconf 73' lang='lat' dir='ltr'>praeceptis</span> <span class='ocrx_word' id='word_1_14' title='bbox 342 402 430 437; x_wconf 83' lang='lat' dir='ltr'>tota</span> <span class='ocrx_word' id='word_1_15' title='bbox 452 397 536 437; x_wconf 84' lang='lat' dir='ltr'>Lex</span> <span class='ocrx_word' id='word_1_16' title='bbox 559 393 723 453; x_wconf 80' lang='lat' dir='ltr'><strong>pendet</strong></span> <span class='ocrx_word' id='word_1_17' title='bbox 740 396 792 450; x_wconf 89' lang='lat'>¹.)</span> <span class='ocrx_word' id='word_1_18' title='bbox 817 394 990 438; x_wconf 80' lang='lat' dir='ltr'>tertium</span> <span class='ocrx_word' id='word_1_19' title='bbox 1023 393 1080 437; x_wconf 87' lang='lat' dir='ltr'>ibi</span> <span class='ocrx_word' id='word_1_20' title='bbox 1106 391 1160 436; x_wconf 88' lang='lat' dir='ltr'>de</span> <span class='ocrx_word' id='word_1_21' title='bbox 1183 392 1486 437; x_wconf 79' lang='lat' dir='ltr'>observatione</span> 
     </span>
     <span class='ocr_line' id='line_1_4' title="bbox 92 464 1486 525; baseline -0.001 -17"><span class='ocrx_word' id='word_1_22' title='bbox 92 464 262 509; x_wconf 83' lang='lat' dir='ltr'>sabbati</span> <span class='ocrx_word' id='word_1_23' title='bbox 282 465 470 524; x_wconf 84' lang='lat' dir='ltr'>positum</span> <span class='ocrx_word' id='word_1_24' title='bbox 495 475 586 510; x_wconf 88' lang='lat' dir='ltr'>est:</span> <span class='ocrx_word' id='word_1_25' title='bbox 611 465 720 508; x_wconf 85' lang='lat' dir='ltr'>utin</span> <span class='ocrx_word' id='word_1_26' title='bbox 745 465 886 524; x_wconf 89' lang='lat' dir='ltr'>primo</span> <span class='ocrx_word' id='word_1_27' title='bbox 912 474 1131 525; x_wconf 70' lang='lat' dir='ltr'>praecepto</span> <span class='ocrx_word' id='word_1_28' title='bbox 1155 467 1326 508; x_wconf 86' lang='lat' dir='ltr'>Patrem</span> <span class='ocrx_word' id='word_1_29' title='bbox 1360 464 1486 508; x_wconf 89' lang='lat' dir='ltr'>intel—</span> 
     </span>
     <span class='ocr_line' id='line_1_5' title="bbox 93 534 1485 596; baseline -0.001 -17"><span class='ocrx_word' id='word_1_30' title='bbox 93 534 294 595; x_wconf 68' lang='lat' dir='ltr'>ligamus,</span> <span class='ocrx_word' id='word_1_31' title='bbox 314 536 389 580; x_wconf 89' lang='lat' dir='ltr'>ubi</span> <span class='ocrx_word' id='word_1_32' title='bbox 413 538 671 596; x_wconf 72' lang='lat' dir='ltr'>prohibetur</span> <span class='ocrx_word' id='word_1_33' title='bbox 689 537 772 581; x_wconf 87' lang='lat' dir='ltr'>coli</span> <span class='ocrx_word' id='word_1_34' title='bbox 791 537 934 596; x_wconf 81' lang='lat' dir='ltr'>aliqua</span> <span class='ocrx_word' id='word_1_35' title='bbox 958 538 1000 580; x_wconf 90' lang='lat' dir='ltr'>in</span> <span class='ocrx_word' id='word_1_36' title='bbox 1018 535 1235 595; x_wconf 83' lang='lat' dir='ltr'>figmentis</span> <span class='ocrx_word' id='word_1_37' title='bbox 1256 535 1485 580; x_wconf 88' lang='lat' dir='ltr'>hominum</span> 
     </span>
     <span class='ocr_line' id='line_1_6' title="bbox 93 604 1486 668; baseline 0.001 -19"><span class='ocrx_word' id='word_1_38' title='bbox 93 608 168 650; x_wconf 87' lang='lat' dir='ltr'>Dei</span> <span class='ocrx_word' id='word_1_39' title='bbox 192 607 431 652; x_wconf 80' lang='lat' dir='ltr'>similitudo</span> <span class='ocrx_word' id='word_1_40' title='bbox 454 628 464 666; x_wconf 83' lang='lat'>3</span> <span class='ocrx_word' id='word_1_41' title='bbox 492 623 578 653; x_wconf 91' lang='lat' dir='ltr'>non</span> <span class='ocrx_word' id='word_1_42' title='bbox 603 608 704 668; x_wconf 80' lang='lat' dir='ltr'>quia</span> <span class='ocrx_word' id='word_1_43' title='bbox 731 623 817 652; x_wconf 90' lang='lat' dir='ltr'>non</span> <span class='ocrx_word' id='word_1_44' title='bbox 842 607 972 652; x_wconf 82' lang='lat' dir='ltr'>habet</span> <span class='ocrx_word' id='word_1_45' title='bbox 999 607 1226 665; x_wconf 79' lang='lat' dir='ltr'>imaginem</span> <span class='ocrx_word' id='word_1_46' title='bbox 1252 609 1385 663; x_wconf 89' lang='lat' dir='ltr'>Deus,</span> <span class='ocrx_word' id='word_1_47' title='bbox 1410 604 1486 650; x_wconf 91' lang='lat' dir='ltr'>sed</span> 
     </span>
     <span class='ocr_line' id='line_1_7' title="bbox 93 675 1488 740; baseline 0 -19"><span class='ocrx_word' id='word_1_48' title='bbox 93 678 194 738; x_wconf 84' lang='lat' dir='ltr'>quia</span> <span class='ocrx_word' id='word_1_49' title='bbox 211 679 331 723; x_wconf 78' lang='lat' dir='ltr'>nulla</span> <span class='ocrx_word' id='word_1_50' title='bbox 348 679 491 738; x_wconf 78' lang='lat' dir='ltr'>imago</span> <span class='ocrx_word' id='word_1_51' title='bbox 506 681 598 740; x_wconf 84' lang='lat' dir='ltr'>ejus</span> <span class='ocrx_word' id='word_1_52' title='bbox 615 679 698 724; x_wconf 89' lang='lat' dir='ltr'>coli</span> <span class='ocrx_word' id='word_1_53' title='bbox 711 678 856 734; x_wconf 89' lang='lat' dir='ltr'>debet,</span> <span class='ocrx_word' id='word_1_54' title='bbox 874 679 954 723; x_wconf 88' lang='lat' dir='ltr'>nisi</span> <span class='ocrx_word' id='word_1_55' title='bbox 969 678 1041 723; x_wconf 84' lang='lat' dir='ltr'>illa</span> <span class='ocrx_word' id='word_1_56' title='bbox 1056 694 1155 739; x_wconf 70' lang='lat' dir='ltr'>quae</span> <span class='ocrx_word' id='word_1_57' title='bbox 1179 679 1262 723; x_wconf 86' lang='lat' dir='ltr'>hoc</span> <span class='ocrx_word' id='word_1_58' title='bbox 1281 687 1346 722; x_wconf 84' lang='lat' dir='ltr'>est</span> <span class='ocrx_word' id='word_1_59' title='bbox 1367 675 1488 737; x_wconf 90' lang='lat' dir='ltr'>quod</span> 
     </span>
     <span class='ocr_line' id='line_1_8' title="bbox 92 750 1486 811; baseline -0.001 -17"><span class='ocrx_word' id='word_1_60' title='bbox 92 751 205 809; x_wconf 65' lang='lat' dir='ltr'>ipsc,</span> <span class='ocrx_word' id='word_1_61' title='bbox 230 766 310 794; x_wconf 85' lang='lat' dir='ltr'>nec</span> <span class='ocrx_word' id='word_1_62' title='bbox 329 751 419 811; x_wconf 84' lang='lat' dir='ltr'>ipsa</span> <span class='ocrx_word' id='word_1_63' title='bbox 442 767 520 810; x_wconf 89' lang='lat' dir='ltr'>pro</span> <span class='ocrx_word' id='word_1_64' title='bbox 541 750 617 796; x_wconf 79' lang='lat' dir='ltr'>illo</span> <span class='ocrx_word' id='word_1_65' title='bbox 635 751 709 796; x_wconf 91' lang='lat' dir='ltr'>sed</span> <span class='ocrx_word' id='word_1_66' title='bbox 728 767 828 796; x_wconf 87' lang='lat' dir='ltr'>cum</span> <span class='ocrx_word' id='word_1_67' title='bbox 851 750 942 796; x_wconf 86' lang='lat' dir='ltr'>illo.</span> <span class='ocrx_word' id='word_1_68' title='bbox 969 753 1026 795; x_wconf 88' lang='lat' dir='ltr'>Et</span> <span class='ocrx_word' id='word_1_69' title='bbox 1048 750 1149 810; x_wconf 84' lang='lat' dir='ltr'>quia</span> <span class='ocrx_word' id='word_1_70' title='bbox 1171 758 1369 795; x_wconf 85' lang='lat' dir='ltr'>creatura</span> <span class='ocrx_word' id='word_1_71' title='bbox 1385 764 1486 793; x_wconf 91' lang='lat' dir='ltr'>mu-</span> 
     </span>
     <span class='ocr_line' id='line_1_9' title="bbox 94 820 1488 883; baseline -0.001 -18"><span class='ocrx_word' id='word_1_72' title='bbox 94 820 232 866; x_wconf 77' lang='lat' dir='ltr'>tabilis</span> <span class='ocrx_word' id='word_1_73' title='bbox 263 831 341 877; x_wconf 87' lang='lat' dir='ltr'>est,</span> <span class='ocrx_word' id='word_1_74' title='bbox 371 838 420 867; x_wconf 85' lang='lat' dir='ltr'>ac</span> <span class='ocrx_word' id='word_1_75' title='bbox 446 832 671 883; x_wconf 79' lang='lat' dir='ltr'>propterea</span> <span class='ocrx_word' id='word_1_76' title='bbox 693 823 852 867; x_wconf 88' lang='lat' dir='ltr'>dicitur</span> <span class='ocrx_word' id='word_1_77' title='bbox 879 840 898 865; x_wconf 88' lang='lat'>«</span> <span class='ocrx_word' id='word_1_78' title='bbox 923 822 1062 866; x_wconf 90' lang='lat' dir='ltr'>omnis</span> <span class='ocrx_word' id='word_1_79' title='bbox 1086 831 1284 867; x_wconf 81' lang='lat' dir='ltr'>creatura</span> <span class='ocrx_word' id='word_1_80' title='bbox 1305 820 1488 866; x_wconf 82' lang='lat' dir='ltr'>vanitati</span> 
     </span>
     <span class='ocr_line' id='line_1_10' title="bbox 96 892 1489 955; baseline 0.001 -21"><span class='ocrx_word' id='word_1_81' title='bbox 96 911 115 934; x_wconf 89' lang='lat'>»</span> <span class='ocrx_word' id='word_1_82' title='bbox 141 892 336 953; x_wconf 85' lang='lat' dir='ltr'>subjecta</span> <span class='ocrx_word' id='word_1_83' title='bbox 362 895 395 950; x_wconf 78' lang='lat'>2,</span> <span class='ocrx_word' id='word_1_84' title='bbox 435 913 454 936; x_wconf 87' lang='lat'>»</span> <span class='ocrx_word' id='word_1_85' title='bbox 483 895 691 955; x_wconf 82' lang='lat' dir='ltr'>quoniam</span> <span class='ocrx_word' id='word_1_86' title='bbox 730 905 885 940; x_wconf 85' lang='lat' dir='ltr'>natura</span> <span class='ocrx_word' id='word_1_87' title='bbox 920 894 1111 939; x_wconf 86' lang='lat' dir='ltr'>universi</span> <span class='ocrx_word' id='word_1_88' title='bbox 1147 894 1276 938; x_wconf 84' lang='lat' dir='ltr'>etiam</span> <span class='ocrx_word' id='word_1_89' title='bbox 1298 893 1344 937; x_wconf 91' lang='lat' dir='ltr'>in</span> <span class='ocrx_word' id='word_1_90' title='bbox 1366 901 1489 952; x_wconf 86' lang='lat' dir='ltr'>parte</span> 
     </span>
     <span class='ocr_line' id='line_1_11' title="bbox 92 962 1490 1026; baseline -0.001 -18"><span class='ocrx_word' id='word_1_91' title='bbox 92 973 377 1020; x_wconf 82' lang='lat' dir='ltr'>monstratur,</span> <span class='ocrx_word' id='word_1_92' title='bbox 406 981 461 1010; x_wconf 88' lang='lat' dir='ltr'>ne</span> <span class='ocrx_word' id='word_1_93' title='bbox 485 966 715 1026; x_wconf 83' lang='lat' dir='ltr'>quisquam</span> <span class='ocrx_word' id='word_1_94' title='bbox 737 965 898 1010; x_wconf 86' lang='lat' dir='ltr'>Filium</span> <span class='ocrx_word' id='word_1_95' title='bbox 931 965 1008 1008; x_wconf 90' lang='lat' dir='ltr'>Dei</span> <span class='ocrx_word' id='word_1_96' title='bbox 1029 965 1223 1008; x_wconf 80' lang='lat' dir='ltr'>Verbum</span> <span class='ocrx_word' id='word_1_97' title='bbox 1242 998 1253 1019; x_wconf 88' lang='lat'>,</span> <span class='ocrx_word' id='word_1_98' title='bbox 1271 978 1349 1023; x_wconf 88' lang='lat' dir='ltr'>per</span> <span class='ocrx_word' id='word_1_99' title='bbox 1369 962 1490 1023; x_wconf 90' lang='lat' dir='ltr'>quod</span> 
     </span>
     <span class='ocr_line' id='line_1_12' title="bbox 92 1031 1490 1096; baseline -0.002 -17"><span class='ocrx_word' id='word_1_100' title='bbox 92 1034 208 1079; x_wconf 85' lang='lat' dir='ltr'>facta</span> <span class='ocrx_word' id='word_1_101' title='bbox 238 1045 355 1091; x_wconf 88' lang='lat' dir='ltr'>sunt,</span> <span class='ocrx_word' id='word_1_102' title='bbox 383 1036 525 1080; x_wconf 81' lang='lat' dir='ltr'>omnia</span> <span class='ocrx_word' id='word_1_103' title='bbox 544 1045 718 1096; x_wconf 84' lang='lat' dir='ltr'>putaret</span> <span class='ocrx_word' id='word_1_104' title='bbox 740 1051 830 1080; x_wconf 89' lang='lat' dir='ltr'>esse</span> <span class='ocrx_word' id='word_1_105' title='bbox 864 1045 1125 1091; x_wconf 83' lang='lat' dir='ltr'>creaturam,</span> <span class='ocrx_word' id='word_1_106' title='bbox 1151 1035 1349 1095; x_wconf 90' lang='lat' dir='ltr'>sequitur</span> <span class='ocrx_word' id='word_1_107' title='bbox 1371 1031 1490 1078; x_wconf 84' lang='lat' dir='ltr'>aliud</span> 
     </span>
     <span class='ocr_line' id='line_1_13' title="bbox 93 1105 1490 1168; baseline 0 -19"><span class='ocrx_word' id='word_1_108' title='bbox 93 1117 361 1167; x_wconf 63' lang='lat' dir='ltr'>praeceptum</span> <span class='ocrx_word' id='word_1_109' title='bbox 391 1127 400 1153; x_wconf 72' lang='grc' dir='ltr'>ε</span> <span class='ocrx_word' id='word_1_110' title='bbox 423 1127 442 1150; x_wconf 91' lang='lat'>«</span> <span class='ocrx_word' id='word_1_111' title='bbox 466 1110 563 1154; x_wconf 90' lang='lat' dir='ltr'>Non</span> <span class='ocrx_word' id='word_1_112' title='bbox 587 1109 769 1168; x_wconf 79' lang='lat' dir='ltr'>accipies</span> <span class='ocrx_word' id='word_1_113' title='bbox 791 1108 837 1152; x_wconf 89' lang='lat' dir='ltr'>in</span> <span class='ocrx_word' id='word_1_114' title='bbox 854 1124 1017 1153; x_wconf 81' lang='lat' dir='ltr'>vanum</span> <span class='ocrx_word' id='word_1_115' title='bbox 1042 1123 1204 1153; x_wconf 89' lang='lat' dir='ltr'>nomen</span> <span class='ocrx_word' id='word_1_116' title='bbox 1218 1106 1395 1152; x_wconf 86' lang='lat' dir='ltr'>Domini</span> <span class='ocrx_word' id='word_1_117' title='bbox 1410 1105 1490 1150; x_wconf 91' lang='lat' dir='ltr'>Dei</span> 
     </span>
     <span class='ocr_line' id='line_1_14' title="bbox 95 1178 1490 1241; baseline 0.002 -23"><span class='ocrx_word' id='word_1_118' title='bbox 95 1196 116 1219; x_wconf 86' lang='lat'>»</span> <span class='ocrx_word' id='word_1_119' title='bbox 133 1180 198 1222; x_wconf 91' lang='lat' dir='ltr'>tui</span> <span class='ocrx_word' id='word_1_120' title='bbox 212 1181 243 1222; x_wconf 76' lang='lat'>3.</span> <span class='ocrx_word' id='word_1_121' title='bbox 269 1198 288 1221; x_wconf 92' lang='lat'>»</span> <span class='ocrx_word' id='word_1_122' title='bbox 319 1180 503 1238; x_wconf 82' lang='lat' dir='ltr'>Spiritus</span> <span class='ocrx_word' id='word_1_123' title='bbox 521 1189 665 1225; x_wconf 83' lang='lat' dir='ltr'>autem</span> <span class='ocrx_word' id='word_1_124' title='bbox 690 1190 881 1239; x_wconf 76' lang='lat' dir='ltr'>sanctus,</span> <span class='ocrx_word' id='word_1_125' title='bbox 901 1181 945 1225; x_wconf 87' lang='lat' dir='ltr'>in</span> <span class='ocrx_word' id='word_1_126' title='bbox 966 1195 1054 1241; x_wconf 90' lang='lat' dir='ltr'>quo</span> <span class='ocrx_word' id='word_1_127' title='bbox 1072 1179 1199 1224; x_wconf 88' lang='lat' dir='ltr'>nobis</span> <span class='ocrx_word' id='word_1_128' title='bbox 1220 1178 1295 1223; x_wconf 82' lang='lat' dir='ltr'>illa</span> <span class='ocrx_word' id='word_1_129' title='bbox 1317 1178 1490 1238; x_wconf 85' lang='lat' dir='ltr'>requies</span> 
     </span>
     <span class='ocr_line' id='line_1_15' title="bbox 95 1248 1486 1312; baseline 0.001 -19"><span class='ocrx_word' id='word_1_130' title='bbox 95 1250 319 1305; x_wconf 76' lang='lat' dir='ltr'>tribuitur,</span> <span class='ocrx_word' id='word_1_131' title='bbox 335 1267 468 1311; x_wconf 83' lang='lat' dir='ltr'>quam</span> <span class='ocrx_word' id='word_1_132' title='bbox 488 1253 653 1312; x_wconf 86' lang='lat' dir='ltr'>ubique</span> <span class='ocrx_word' id='word_1_133' title='bbox 681 1268 892 1308; x_wconf 82' lang='lat' dir='ltr'>amamus,</span> <span class='ocrx_word' id='word_1_134' title='bbox 914 1252 987 1297; x_wconf 88' lang='lat' dir='ltr'>sed</span> <span class='ocrx_word' id='word_1_135' title='bbox 1013 1251 1092 1296; x_wconf 87' lang='lat' dir='ltr'>nisi</span> <span class='ocrx_word' id='word_1_136' title='bbox 1116 1255 1256 1296; x_wconf 87' lang='lat' dir='ltr'>Deum</span> <span class='ocrx_word' id='word_1_137' title='bbox 1279 1248 1486 1305; x_wconf 82' lang='lat' dir='ltr'>amando,</span> 
     </span>
     <span class='ocr_line' id='line_1_16' title="bbox 93 1320 1490 1385; baseline 0 -20"><span class='ocrx_word' id='word_1_138' title='bbox 93 1336 182 1366; x_wconf 89' lang='lat' dir='ltr'>non</span> <span class='ocrx_word' id='word_1_139' title='bbox 207 1323 467 1378; x_wconf 85' lang='lat' dir='ltr'>invenimus,</span> <span class='ocrx_word' id='word_1_140' title='bbox 487 1340 588 1369; x_wconf 86' lang='lat' dir='ltr'>cum</span> <span class='ocrx_word' id='word_1_141' title='bbox 611 1325 796 1369; x_wconf 80' lang='lat' dir='ltr'>charitas</span> <span class='ocrx_word' id='word_1_142' title='bbox 818 1325 908 1385; x_wconf 89' lang='lat' dir='ltr'>ejus</span> <span class='ocrx_word' id='word_1_143' title='bbox 933 1322 1196 1368; x_wconf 89' lang='lat' dir='ltr'>dissunditur</span> <span class='ocrx_word' id='word_1_144' title='bbox 1215 1323 1260 1367; x_wconf 90' lang='lat' dir='ltr'>in</span> <span class='ocrx_word' id='word_1_145' title='bbox 1282 1320 1490 1368; x_wconf 86' lang='lat' dir='ltr'>cordibus</span> 
     </span>
     <span class='ocr_line' id='line_1_17' title="bbox 93 1392 1490 1455; baseline -0.001 -19"><span class='ocrx_word' id='word_1_146' title='bbox 93 1393 249 1437; x_wconf 88' lang='lat' dir='ltr'>nostris</span> <span class='ocrx_word' id='word_1_147' title='bbox 275 1409 352 1452; x_wconf 83' lang='lat' dir='ltr'>per</span> <span class='ocrx_word' id='word_1_148' title='bbox 387 1395 594 1453; x_wconf 89' lang='lat' dir='ltr'>Spiritum</span> <span class='ocrx_word' id='word_1_149' title='bbox 618 1405 817 1441; x_wconf 80' lang='lat' dir='ltr'>sanctum</span> <span class='ocrx_word' id='word_1_150' title='bbox 841 1395 916 1455; x_wconf 87' lang='lat' dir='ltr'>qui</span> <span class='ocrx_word' id='word_1_151' title='bbox 941 1394 1068 1439; x_wconf 83' lang='lat' dir='ltr'>datus</span> <span class='ocrx_word' id='word_1_152' title='bbox 1093 1403 1158 1438; x_wconf 86' lang='lat' dir='ltr'>est</span> <span class='ocrx_word' id='word_1_153' title='bbox 1179 1393 1303 1438; x_wconf 89' lang='lat' dir='ltr'>nobis</span> <span class='ocrx_word' id='word_1_154' title='bbox 1326 1393 1360 1449; x_wconf 76' lang='lat'>4,</span> <span class='ocrx_word' id='word_1_155' title='bbox 1386 1392 1490 1452; x_wconf 88' lang='lat' dir='ltr'>quia</span> 
     </span>
     <span class='ocr_line' id='line_1_18' title="bbox 92 1462 1490 1527; baseline -0.001 -20"><span class='ocrx_word' id='word_1_156' title='bbox 92 1464 375 1510; x_wconf 81' lang='lat' dir='ltr'>sanctificavit</span> <span class='ocrx_word' id='word_1_157' title='bbox 402 1469 516 1510; x_wconf 83' lang='lat' dir='ltr'>Deus</span> <span class='ocrx_word' id='word_1_158' title='bbox 539 1466 651 1510; x_wconf 86' lang='lat' dir='ltr'>diem</span> <span class='ocrx_word' id='word_1_159' title='bbox 672 1468 904 1527; x_wconf 87' lang='lat' dir='ltr'>septimum</span> <span class='ocrx_word' id='word_1_160' title='bbox 930 1467 974 1509; x_wconf 91' lang='lat' dir='ltr'>in</span> <span class='ocrx_word' id='word_1_161' title='bbox 999 1482 1088 1526; x_wconf 88' lang='lat' dir='ltr'>quo</span> <span class='ocrx_word' id='word_1_162' title='bbox 1107 1464 1337 1526; x_wconf 81' lang='lat' dir='ltr'>requievit,</span> <span class='ocrx_word' id='word_1_163' title='bbox 1360 1462 1490 1507; x_wconf 85' lang='lat' dir='ltr'>tertio</span> 
     </span>
     <span class='ocr_line' id='line_1_19' title="bbox 94 1534 1489 1598; baseline 0 -22"><span class='ocrx_word' id='word_1_164' title='bbox 94 1546 314 1595; x_wconf 69' lang='lat' dir='ltr'>praecepto</span> <span class='ocrx_word' id='word_1_165' title='bbox 341 1537 466 1596; x_wconf 79' lang='lat' dir='ltr'>Legis</span> <span class='ocrx_word' id='word_1_166' title='bbox 487 1538 758 1596; x_wconf 77' lang='lat' dir='ltr'>insinuatur3</span> <span class='ocrx_word' id='word_1_167' title='bbox 796 1536 915 1598; x_wconf 87' lang='lat' dir='ltr'>quod</span> <span class='ocrx_word' id='word_1_168' title='bbox 938 1536 1147 1595; x_wconf 82' lang='lat' dir='ltr'>scriptum</span> <span class='ocrx_word' id='word_1_169' title='bbox 1169 1545 1232 1579; x_wconf 83' lang='lat' dir='ltr'>est</span> <span class='ocrx_word' id='word_1_170' title='bbox 1254 1534 1309 1579; x_wconf 90' lang='lat' dir='ltr'>de</span> <span class='ocrx_word' id='word_1_171' title='bbox 1337 1534 1489 1578; x_wconf 88' lang='lat' dir='ltr'>obser-</span> 
     </span>
     <span class='ocr_line' id='line_1_20' title="bbox 94 1604 1491 1669; baseline -0.001 -19"><span class='ocrx_word' id='word_1_172' title='bbox 94 1607 267 1651; x_wconf 81' lang='lat' dir='ltr'>vatione</span> <span class='ocrx_word' id='word_1_173' title='bbox 285 1608 451 1652; x_wconf 77' lang='lat' dir='ltr'>sabbati</span> <span class='ocrx_word' id='word_1_174' title='bbox 471 1630 481 1667; x_wconf 77' lang='lat'>3</span> <span class='ocrx_word' id='word_1_175' title='bbox 501 1625 589 1654; x_wconf 88' lang='lat' dir='ltr'>non</span> <span class='ocrx_word' id='word_1_176' title='bbox 607 1619 654 1653; x_wconf 84' lang='lat' dir='ltr'>ut</span> <span class='ocrx_word' id='word_1_177' title='bbox 668 1611 757 1669; x_wconf 76' lang='lat' dir='ltr'>jam</span> <span class='ocrx_word' id='word_1_178' title='bbox 777 1609 821 1653; x_wconf 89' lang='lat' dir='ltr'>in</span> <span class='ocrx_word' id='word_1_179' title='bbox 846 1610 923 1654; x_wconf 83' lang='lat' dir='ltr'>ista</span> <span class='ocrx_word' id='word_1_180' title='bbox 944 1609 1031 1654; x_wconf 78' lang='lat' dir='ltr'>vita</span> <span class='ocrx_word' id='word_1_181' title='bbox 1050 1623 1127 1652; x_wconf 87' lang='lat' dir='ltr'>nos</span> <span class='ocrx_word' id='word_1_182' title='bbox 1146 1607 1367 1667; x_wconf 83' lang='lat' dir='ltr'>quiescere</span> <span class='ocrx_word' id='word_1_183' title='bbox 1386 1604 1491 1649; x_wconf 77' lang='lat' dir='ltr'>exis-</span> 
     </span>
     <span class='ocr_line' id='line_1_21' title="bbox 97 1677 1492 1741; baseline 0 -21"><span class='ocrx_word' id='word_1_184' title='bbox 97 1677 314 1735; x_wconf 84' lang='lat' dir='ltr'>timemus,</span> <span class='ocrx_word' id='word_1_185' title='bbox 333 1680 407 1724; x_wconf 82' lang='lat' dir='ltr'>sed</span> <span class='ocrx_word' id='word_1_186' title='bbox 430 1691 478 1724; x_wconf 85' lang='lat' dir='ltr'>ut</span> <span class='ocrx_word' id='word_1_187' title='bbox 496 1681 641 1725; x_wconf 77' lang='lat' dir='ltr'>omnia</span> <span class='ocrx_word' id='word_1_188' title='bbox 665 1698 765 1741; x_wconf 65' lang='lat' dir='ltr'>quae</span> <span class='ocrx_word' id='word_1_189' title='bbox 796 1682 907 1725; x_wconf 83' lang='lat' dir='ltr'>bene</span> <span class='ocrx_word' id='word_1_190' title='bbox 931 1695 1164 1740; x_wconf 73' lang='lat' dir='ltr'>operamur</span> <span class='ocrx_word' id='word_1_191' title='bbox 1187 1694 1276 1723; x_wconf 86' lang='lat' dir='ltr'>non</span> <span class='ocrx_word' id='word_1_192' title='bbox 1299 1677 1492 1722; x_wconf 82' lang='lat' dir='ltr'>habeant</span> 
     </span>
     <span class='ocr_line' id='line_1_22' title="bbox 94 1749 1487 1811; baseline 0 -20"><span class='ocrx_word' id='word_1_193' title='bbox 94 1749 383 1795; x_wconf 84' lang='lat' dir='ltr'>intentionem</span> <span class='ocrx_word' id='word_1_194' title='bbox 413 1787 423 1805; x_wconf 90' lang='lat'>,</span> <span class='ocrx_word' id='word_1_195' title='bbox 469 1753 547 1795; x_wconf 87' lang='lat' dir='ltr'>nisi</span> <span class='ocrx_word' id='word_1_196' title='bbox 589 1753 634 1795; x_wconf 87' lang='lat' dir='ltr'>in</span> <span class='ocrx_word' id='word_1_197' title='bbox 679 1752 871 1796; x_wconf 83' lang='lat' dir='ltr'>futuram</span> <span class='ocrx_word' id='word_1_198' title='bbox 919 1751 1113 1811; x_wconf 85' lang='lat' dir='ltr'>requiem</span> <span class='ocrx_word' id='word_1_199' title='bbox 1164 1750 1487 1809; x_wconf 78' lang='lat' dir='ltr'>Sempiternam.</span> 
     </span>
     <span class='ocr_line' id='line_1_23' title="bbox 95 1819 1487 1883; baseline -0.001 -18"><span class='ocrx_word' id='word_1_200' title='bbox 95 1823 317 1866; x_wconf 84' lang='lat' dir='ltr'>Memento</span> <span class='ocrx_word' id='word_1_201' title='bbox 341 1823 455 1866; x_wconf 86' lang='lat' dir='ltr'>enim</span> <span class='ocrx_word' id='word_1_202' title='bbox 480 1823 684 1878; x_wconf 76' lang='lat' dir='ltr'>maxime,</span> <span class='ocrx_word' id='word_1_203' title='bbox 710 1822 829 1883; x_wconf 88' lang='lat' dir='ltr'>quod</span> <span class='ocrx_word' id='word_1_204' title='bbox 862 1825 952 1883; x_wconf 80' lang='lat' dir='ltr'>jam</span> <span class='ocrx_word' id='word_1_205' title='bbox 977 1838 1104 1883; x_wconf 84' lang='lat' dir='ltr'>supra</span> <span class='ocrx_word' id='word_1_206' title='bbox 1133 1819 1487 1874; x_wconf 87' lang='lat' dir='ltr'>commemoravi,</span> 
     </span>
     <span class='ocr_line' id='line_1_24' title="bbox 95 1892 1490 1955; baseline 0 -20"><span class='ocrx_word' id='word_1_207' title='bbox 95 1892 197 1952; x_wconf 86' lang='lat' dir='ltr'>quia</span> <span class='ocrx_word' id='word_1_208' title='bbox 217 1912 235 1933; x_wconf 93' lang='lat'>«</span> <span class='ocrx_word' id='word_1_209' title='bbox 253 1909 327 1953; x_wconf 86' lang='lat' dir='ltr'>spe</span> <span class='ocrx_word' id='word_1_210' title='bbox 341 1894 444 1938; x_wconf 78' lang='lat' dir='ltr'>salvi</span> <span class='ocrx_word' id='word_1_211' title='bbox 469 1893 571 1939; x_wconf 76' lang='lat' dir='ltr'>facti</span> <span class='ocrx_word' id='word_1_212' title='bbox 594 1910 742 1939; x_wconf 91' lang='lat' dir='ltr'>sumus</span> <span class='ocrx_word' id='word_1_213' title='bbox 761 1915 771 1952; x_wconf 77' lang='lat'>3</span> <span class='ocrx_word' id='word_1_214' title='bbox 790 1909 884 1954; x_wconf 86' lang='lat' dir='ltr'>spes</span> <span class='ocrx_word' id='word_1_215' title='bbox 907 1904 1052 1939; x_wconf 78' lang='lat' dir='ltr'>autem</span> <span class='ocrx_word' id='word_1_216' title='bbox 1079 1910 1179 1955; x_wconf 71' lang='lat' dir='ltr'>quae</span> <span class='ocrx_word' id='word_1_217' title='bbox 1201 1893 1376 1939; x_wconf 84' lang='lat' dir='ltr'>videtur</span> <span class='ocrx_word' id='word_1_218' title='bbox 1400 1906 1490 1936; x_wconf 89' lang='lat' dir='ltr'>non</span> 
     </span>
     <span class='ocr_line' id='line_1_25' title="bbox 99 1969 407 2026; baseline 0.006 -20"><span class='ocrx_word' id='word_1_219' title='bbox 99 1975 194 2010; x_wconf 84' lang='lat' dir='ltr'>»est</span> <span class='ocrx_word' id='word_1_220' title='bbox 216 1982 311 2026; x_wconf 89' lang='lat' dir='ltr'>spes</span> <span class='ocrx_word' id='word_1_221' title='bbox 328 1969 358 2011; x_wconf 87' lang='lat'>⁵.</span> <span class='ocrx_word' id='word_1_222' title='bbox 388 1985 407 2009; x_wconf 86' lang='lat'>»</span> 
     </span>
    </p>

    <p class='ocr_par' dir='ltr' id='par_1_3' title="bbox 96 2035 1492 2525">
     <span class='ocr_line' id='line_1_26' title="bbox 154 2035 1490 2098; baseline -0.001 -17"><span class='ocrx_word' id='word_1_223' title='bbox 154 2040 276 2082; x_wconf 84' lang='lat' dir='ltr'>XXI.</span> <span class='ocrx_word' id='word_1_224' title='bbox 313 2038 380 2082; x_wconf 88' lang='lat' dir='ltr'>Ad</span> <span class='ocrx_word' id='word_1_225' title='bbox 410 2039 551 2098; x_wconf 86' lang='lat' dir='ltr'>ipsum</span> <span class='ocrx_word' id='word_1_226' title='bbox 583 2048 728 2083; x_wconf 79' lang='lat' dir='ltr'>autem</span> <span class='ocrx_word' id='word_1_227' title='bbox 762 2040 904 2097; x_wconf 83' lang='lat' dir='ltr'>ignem</span> <span class='ocrx_word' id='word_1_228' title='bbox 929 2038 1086 2082; x_wconf 76' lang='lat' dir='ltr'>amoris</span> <span class='ocrx_word' id='word_1_229' title='bbox 1127 2035 1414 2081; x_wconf 83' lang='lat' dir='ltr'>nutriendum</span> <span class='ocrx_word' id='word_1_230' title='bbox 1446 2044 1490 2079; x_wconf 85' lang='lat' dir='ltr'>et</span> 
     </span>
     <span class='ocr_line' id='line_1_27' title="bbox 96 2105 1490 2170; baseline -0.002 -18"><span class='ocrx_word' id='word_1_231' title='bbox 96 2110 293 2153; x_wconf 81' lang='lat' dir='ltr'>flandum</span> <span class='ocrx_word' id='word_1_232' title='bbox 317 2109 660 2170; x_wconf 75' lang='lat' dir='ltr'>quodammodo,</span> <span class='ocrx_word' id='word_1_233' title='bbox 682 2126 770 2170; x_wconf 87' lang='lat' dir='ltr'>quo</span> <span class='ocrx_word' id='word_1_234' title='bbox 789 2119 995 2170; x_wconf 78' lang='lat' dir='ltr'>tanquam</span> <span class='ocrx_word' id='word_1_235' title='bbox 1013 2108 1208 2169; x_wconf 88' lang='lat' dir='ltr'>pondere</span> <span class='ocrx_word' id='word_1_236' title='bbox 1230 2122 1401 2152; x_wconf 87' lang='lat' dir='ltr'>sursum</span> <span class='ocrx_word' id='word_1_237' title='bbox 1419 2105 1490 2151; x_wconf 88' lang='lat' dir='ltr'>vel</span> 
     </span>
     <span class='ocr_line' id='line_1_28' title="bbox 96 2178 1486 2242; baseline -0.003 -17"><span class='ocrx_word' id='word_1_238' title='bbox 96 2182 332 2226; x_wconf 87' lang='lat' dir='ltr'>introrsum</span> <span class='ocrx_word' id='word_1_239' title='bbox 368 2181 606 2227; x_wconf 79' lang='lat' dir='ltr'>referamur</span> <span class='ocrx_word' id='word_1_240' title='bbox 629 2183 682 2226; x_wconf 81' lang='lat' dir='ltr'>ad</span> <span class='ocrx_word' id='word_1_241' title='bbox 710 2182 922 2242; x_wconf 82' lang='lat' dir='ltr'>requiem,</span> <span class='ocrx_word' id='word_1_242' title='bbox 954 2182 1033 2224; x_wconf 86' lang='lat' dir='ltr'>ista</span> <span class='ocrx_word' id='word_1_243' title='bbox 1069 2180 1214 2225; x_wconf 85' lang='lat' dir='ltr'>omnia</span> <span class='ocrx_word' id='word_1_244' title='bbox 1248 2178 1486 2238; x_wconf 84' lang='lat' dir='ltr'>pertinent,</span> 
     </span>
     <span class='ocr_line' id='line_1_29' title="bbox 96 2250 1491 2312; baseline -0.002 -16"><span class='ocrx_word' id='word_1_245' title='bbox 96 2268 196 2312; x_wconf 70' lang='lat' dir='ltr'>quae</span> <span class='ocrx_word' id='word_1_246' title='bbox 234 2253 358 2298; x_wconf 87' lang='lat' dir='ltr'>nobis</span> <span class='ocrx_word' id='word_1_247' title='bbox 392 2253 576 2312; x_wconf 79' lang='lat' dir='ltr'>figurate</span> <span class='ocrx_word' id='word_1_248' title='bbox 606 2252 883 2296; x_wconf 82' lang='lat' dir='ltr'>insinuantur</span> <span class='ocrx_word' id='word_1_249' title='bbox 911 2270 918 2296; x_wconf 76' lang='grc' dir='ltr'>ε</span> <span class='ocrx_word' id='word_1_250' title='bbox 952 2251 1049 2311; x_wconf 84' lang='lat' dir='ltr'>plus</span> <span class='ocrx_word' id='word_1_251' title='bbox 1082 2250 1196 2294; x_wconf 91' lang='lat' dir='ltr'>enim</span> <span class='ocrx_word' id='word_1_252' title='bbox 1232 2256 1412 2293; x_wconf 87' lang='lat' dir='ltr'>movent</span> <span class='ocrx_word' id='word_1_253' title='bbox 1447 2256 1491 2293; x_wconf 84' lang='lat' dir='ltr'>et</span> 
     </span>
     <span class='ocr_line' id='line_1_30' title="bbox 98 2321 1489 2384; baseline -0.003 -16"><span class='ocrx_word' id='word_1_254' title='bbox 98 2324 345 2369; x_wconf 81' lang='lat' dir='ltr'>accendunt</span> <span class='ocrx_word' id='word_1_255' title='bbox 377 2340 586 2380; x_wconf 83' lang='lat' dir='ltr'>amorem,</span> <span class='ocrx_word' id='word_1_256' title='bbox 611 2340 743 2384; x_wconf 81' lang='lat' dir='ltr'>quam</span> <span class='ocrx_word' id='word_1_257' title='bbox 766 2325 800 2369; x_wconf 90' lang='lat' dir='ltr'>si</span> <span class='ocrx_word' id='word_1_258' title='bbox 823 2323 940 2367; x_wconf 83' lang='lat' dir='ltr'>nuda</span> <span class='ocrx_word' id='word_1_259' title='bbox 958 2323 1049 2367; x_wconf 79' lang='lat' dir='ltr'>sine</span> <span class='ocrx_word' id='word_1_260' title='bbox 1071 2321 1170 2366; x_wconf 84' lang='lat' dir='ltr'>ullis</span> <span class='ocrx_word' id='word_1_261' title='bbox 1193 2328 1489 2366; x_wconf 83' lang='lat' dir='ltr'>sacramento-</span> 
     </span>
     <span class='ocr_line' id='line_1_31' title="bbox 98 2390 1491 2455; baseline -0.004 -16"><span class='ocrx_word' id='word_1_262' title='bbox 98 2411 194 2440; x_wconf 88' lang='lat' dir='ltr'>rum</span> <span class='ocrx_word' id='word_1_263' title='bbox 213 2395 569 2440; x_wconf 86' lang='lat' dir='ltr'>similitudinibus</span> <span class='ocrx_word' id='word_1_264' title='bbox 588 2404 870 2455; x_wconf 86' lang='lat' dir='ltr'>ponerentur.</span> <span class='ocrx_word' id='word_1_265' title='bbox 893 2395 1029 2454; x_wconf 88' lang='lat' dir='ltr'>Cujus</span> <span class='ocrx_word' id='word_1_266' title='bbox 1051 2394 1111 2437; x_wconf 87' lang='lat' dir='ltr'>rei</span> <span class='ocrx_word' id='word_1_267' title='bbox 1125 2407 1297 2438; x_wconf 80' lang='lat' dir='ltr'>causam</span> <span class='ocrx_word' id='word_1_268' title='bbox 1311 2390 1491 2436; x_wconf 87' lang='lat' dir='ltr'>difficile</span> 
     </span>
     <span class='ocr_line' id='line_1_32' title="bbox 98 2462 1492 2525; baseline -0.004 -13"><span class='ocrx_word' id='word_1_269' title='bbox 98 2478 162 2514; x_wconf 84' lang='lat' dir='ltr'>est</span> <span class='ocrx_word' id='word_1_270' title='bbox 179 2469 336 2514; x_wconf 88' lang='lat' dir='ltr'>dicere.</span> <span class='ocrx_word' id='word_1_271' title='bbox 357 2467 442 2514; x_wconf 85' lang='lat' dir='ltr'>Sed</span> <span class='ocrx_word' id='word_1_272' title='bbox 460 2469 678 2513; x_wconf 82' lang='lat' dir='ltr'>tamenita</span> <span class='ocrx_word' id='word_1_273' title='bbox 700 2484 743 2513; x_wconf 88' lang='lat' dir='ltr'>se</span> <span class='ocrx_word' id='word_1_274' title='bbox 763 2467 912 2522; x_wconf 79' lang='lat' dir='ltr'>habet,</span> <span class='ocrx_word' id='word_1_275' title='bbox 930 2475 979 2510; x_wconf 89' lang='lat' dir='ltr'>ut</span> <span class='ocrx_word' id='word_1_276' title='bbox 1003 2465 1168 2525; x_wconf 84' lang='lat' dir='ltr'>aliquid</span> <span class='ocrx_word' id='word_1_277' title='bbox 1188 2480 1266 2524; x_wconf 87' lang='lat' dir='ltr'>per</span> <span class='ocrx_word' id='word_1_278' title='bbox 1288 2462 1492 2522; x_wconf 84' lang='lat' dir='ltr'>allegori-</span> 
     </span>
    </p>
   </div>
   <div class='ocr_carea' id='block_1_3' title="bbox 101 2568 1487 2671">
    <p class='ocr_par' dir='ltr' id='par_1_4' title="bbox 101 2568 1487 2671">
     <span class='ocr_line' id='line_1_33' title="bbox 147 2568 1487 2616; baseline -0.005 -9"><span class='ocrx_word' id='word_1_279' title='bbox 147 2582 154 2598; x_wconf 90' lang='lat'>¹</span> <span class='ocrx_word' id='word_1_280' title='bbox 187 2575 308 2607; x_wconf 83' lang='lat' dir='ltr'>Matth.</span> <span class='ocrx_word' id='word_1_281' title='bbox 330 2585 415 2616; x_wconf 77' lang='lat' dir='ltr'>xxii,</span> <span class='ocrx_word' id='word_1_282' title='bbox 446 2574 502 2616; x_wconf 77' lang='grc' dir='ltr'>4ο.</span> <span class='ocrx_word' id='word_1_283' title='bbox 517 2590 559 2596; x_wconf 93' lang='grc'>-</span> <span class='ocrx_word' id='word_1_284' title='bbox 575 2580 587 2596; x_wconf 83' lang='lat'>²</span> <span class='ocrx_word' id='word_1_285' title='bbox 608 2576 699 2606; x_wconf 84' lang='lat' dir='ltr'>Rom.</span> <span class='ocrx_word' id='word_1_286' title='bbox 726 2583 794 2614; x_wconf 80' lang='lat' dir='ltr'>vm,</span> <span class='ocrx_word' id='word_1_287' title='bbox 829 2580 882 2604; x_wconf 81' lang='lat'>20.</span> <span class='ocrx_word' id='word_1_288' title='bbox 902 2587 938 2593; x_wconf 81' lang='lat'>--</span> <span class='ocrx_word' id='word_1_289' title='bbox 959 2568 971 2593; x_wconf 82' lang='lat'>3</span> <span class='ocrx_word' id='word_1_290' title='bbox 990 2570 1091 2605; x_wconf 77' lang='lat' dir='ltr'>Exod.</span> <span class='ocrx_word' id='word_1_291' title='bbox 1113 2580 1168 2609; x_wconf 84' lang='lat' dir='ltr'>xx,</span> <span class='ocrx_word' id='word_1_292' title='bbox 1190 2580 1220 2612; x_wconf 80' lang='lat'>7.</span> <span class='ocrx_word' id='word_1_293' title='bbox 1251 2572 1345 2602; x_wconf 87' lang='lat' dir='ltr'>Deut.</span> <span class='ocrx_word' id='word_1_294' title='bbox 1371 2578 1403 2610; x_wconf 77' lang='grc' dir='ltr'>ν,</span> <span class='ocrx_word' id='word_1_295' title='bbox 1436 2579 1487 2601; x_wconf 86' lang='lat'>11.</span> 
     </span>
     <span class='ocr_line' id='line_1_34' title="bbox 101 2627 705 2671; baseline -0.005 -8"><span class='ocrx_word' id='word_1_296' title='bbox 101 2629 167 2658; x_wconf 65' lang='lat'>.-.4</span> <span class='ocrx_word' id='word_1_297' title='bbox 188 2632 280 2663; x_wconf 72' lang='lat' dir='ltr'>Rom.</span> <span class='ocrx_word' id='word_1_298' title='bbox 302 2641 335 2671; x_wconf 91' lang='lat' dir='ltr'>v,</span> <span class='ocrx_word' id='word_1_299' title='bbox 354 2629 384 2662; x_wconf 80' lang='grc'>5.</span> <span class='ocrx_word' id='word_1_300' title='bbox 404 2627 472 2654; x_wconf 83' lang='grc'>-5</span> <span class='ocrx_word' id='word_1_301' title='bbox 491 2631 537 2662; x_wconf 81' lang='lat' dir='ltr'>Id.</span> <span class='ocrx_word' id='word_1_302' title='bbox 563 2629 705 2671; x_wconf 62' lang='lat' dir='ltr'>v11!‚24.</span> 
     </span>
    </p>
   </div>
  </div>
 </body>
</html>
