1790 3187
303 206 355 243 38
744 218 774 242 s.
813 214 1044 242 Aueusnm
1077 216 1256 244 muscosa

300 281 537 326 certissimo
559 279 711 324 ordine
733 278 1055 331 administrare,
1081 277 1522 324 accommodatissime
1541 288 1684 325 tamen

301 351 356 396 ad
387 351 595 395 humilem
636 352 872 394 humanam
903 349 1234 407 intelligentiam
1264 365 1311 394 ea
1345 366 1443 409 quae
1471 351 1685 410 incipiunt
1733 380 1737 384 -
1782 339 1785 350 '

303 438 392 467 esse
409 457 420 478 ‚
454 437 597 481 neque
627 429 899 480 perseverant
922 430 1135 479 quantum
1165 431 1489 479 perseveratura
1517 430 1684 481 sperata

300 503 424 548 sunt,
452 494 574 553 quasi
597 507 675 551 per
697 490 999 550 poenitentiam
1018 492 1096 536 Dei
1117 491 1323 536 dicuntur
1346 491 1504 536 ablata.

359 567 556 618 Quffisno
576 566 693 608 LIII.
716 590 768 596 -
787 564 846 606 1⁰.
873 563 1079 623 Quisquis
1103 563 1292 607 duorum
1310 566 1685 608 Testamentorum

299 636 660 695 dispensationes¹
681 669 692 690 ‚
712 649 794 693 pro
821 642 1065 692 temporum
1087 635 1393 692 congruentia,
1419 635 1584 692 generis
1599 635 1683 678 hu-

294 707 413 750 mani
430 705 660 763 diligenter
675 703 876 748 aetatibus
899 703 1154 748 distributas
1172 705 1388 762 intuetur3
1407 704 1506 748 satis
1529 709 1686 764 (quan-

296 785 390 820 tum
411 775 632 833 existimo)
651 773 859 833 intelligit
873 809 884 828 ‚
908 773 1016 834 quid
1039 774 1213 834 proprie
1235 773 1368 833 priori
1389 774 1505 818 aetati
1520 775 1687 832 generis

300 847 505 901 humani,
541 847 649 906 quid
676 846 900 906 posteriori
928 846 1173 890 conveniat.
1209 845 1361 890 Divina
1395 846 1510 889 enim
1538 845 1686 905 provi-

298 917 446 962 dentia
468 917 651 977 pulchre
673 917 820 962 omnia
842 917 1095 962 moderante
1112 952 1122 972 ,
1142 916 1201 960 ita
1224 916 1422 961 universa
1441 915 1686 975 generatio-

299 1004 406 1033 num
424 989 551 1033 series
573 989 628 1032 ab
645 987 786 1033 Adam
801 1003 939 1048 usque
953 987 1008 1033 ad
1027 988 1159 1031 finem
1178 987 1324 1032 saeculi
1341 987 1684 1042 administratur,

300 1069 511 1120 tanquam
541 1060 670 1104 unius
699 1059 886 1104 hominis
909 1077 933 1104 a
961 1059 1145 1118 pueritia
1174 1074 1311 1119 usque
1340 1058 1395 1103 ad
1422 1067 1688 1103 senectutem

300 1131 507 1190 temporis
529 1131 596 1175 sui
617 1139 806 1175 tractum
824 1130 962 1174 aetatis
979 1129 1185 1188 gradibus
1210 1129 1494 1174 terminantis.
1515 1131 1572 1173 Et
1588 1129 1688 1174 ideo

299 1202 514 1245 virtutum
543 1202 673 1245 etiam
709 1202 868 1260 gradus
900 1201 946 1245 in
978 1201 1195 1256 moribus,
1231 1201 1372 1246 donec
1405 1200 1604 1246 veniatur
1633 1200 1688 1245 ad

299 1287 515 1316 summam
548 1272 737 1316 hominis
768 1271 1095 1332 perfectamque
1124 1273 1353 1328 virtutem,
1386 1280 1558 1331 oportet
1587 1287 1688 1316 eum

301 1342 596 1401 distinguere,
633 1343 711 1402 qui
745 1342 901 1387 divinis
937 1342 1202 1388 lectionibus
1238 1343 1359 1402 pium
1392 1343 1585 1387 animum
1617 1343 1688 1387 in-

300 1414 442 1458 tendit
470 1433 479 1458 :
513 1429 568 1458 ne
601 1413 715 1458 forte
738 1429 839 1458 cum
869 1414 1082 1458 invenerit
1104 1412 1339 1474 aliquando
1362 1413 1506 1473 parvis
1533 1428 1684 1472 parva,

300 1483 535 1544 aliquando
568 1485 730 1543 majora
759 1484 992 1544 majoribus
1014 1485 1240 1543 imperari,
1267 1492 1470 1543 reputans
1498 1484 1541 1527 in
1563 1498 1687 1528 com—

302 1556 526 1615 paratione
562 1557 775 1615 majorum
800 1565 976 1615 peccata
1005 1570 1094 1599 esse
1123 1554 1196 1599 illa
1225 1571 1324 1615 quae
1359 1555 1526 1599 minora
1556 1563 1685 1610 sunt,

299 1641 389 1670 non
419 1626 654 1677 arbitretur
686 1626 881 1671 decuisse
909 1635 959 1670 ut
989 1625 1090 1670 talia
1130 1629 1242 1670 Deus
1266 1626 1519 1670 hominibus
1548 1626 1687 1684 impe-

299 1705 427 1741 raret.
462 1696 546 1742 Sed
567 1712 686 1741 nunc
715 1696 770 1741 de
792 1698 1004 1743 virtutum
1035 1697 1240 1756 gradibus
1261 1697 1389 1741 nimis
1417 1695 1597 1754 longum
1625 1706 1690 1742 est

298 1767 535 1826 disputare.
562 1769 874 1811 Verumtamen
898 1768 1019 1827 quod
1043 1767 1099 1811 ad
1120 1777 1377 1826 praesentem
1399 1768 1690 1827 quaestionem

299 1837 619 1882 discutiendam
640 1839 738 1882 satis
755 1847 818 1882 est
833 1873 844 1892 ‚
868 1847 1084 1898 quantum
1104 1839 1159 1882 ad
1176 1837 1484 1898 decipiendum
1502 1839 1685 1893 attinet,

299 1924 468 1953 summa
502 1917 544 1952 et
566 1908 758 1967 perfecta
784 1909 920 1954 virtus
952 1919 1014 1954 est
1048 1909 1269 1952 neminem
1295 1908 1495 1968 decipere
1512 1943 1524 1964 ‚
1557 1918 1689 1969 atque

300 1978 412 2022 illud
435 1978 639 2023 exhibere
660 1978 780 2038 quod
804 1979 971 2023 dictum
994 1988 1084 2023 est:
1116 1998 1134 2020 «
1171 1979 1233 2024 Sit
1254 1979 1298 2022 in
1321 1994 1395 2022 ore
1419 1988 1562 2023 vestro
1577 2013 1588 2034 ,
1613 1981 1691 2023 Est

302 2067 322 2091 »
348 2058 438 2104 est,
457 2052 556 2095 Non
581 2051 710 2094 non2.
737 2069 755 2091 »
786 2050 869 2094 Sed
891 2050 993 2109 quia
1016 2051 1098 2094 hoc
1121 2051 1179 2093 eis
1202 2050 1464 2109 imperatum
1481 2059 1545 2093 est
1560 2084 1570 2104 ‚
1594 2050 1689 2109 qui-

300 2120 382 2164 bus
400 2120 491 2179 jam
515 2135 698 2180 regnum
720 2120 934 2165 coelorum
957 2120 1216 2179 promissum
1240 2128 1332 2178 est3
1361 2135 1517 2178 magna
1542 2129 1690 2164 autem

299 2191 436 2236 virtus
458 2201 521 2236 est
544 2193 637 2236 haec
660 2191 841 2250 implere
867 2193 1047 2251 majora,
1079 2192 1237 2251 quibus
1263 2191 1449 2236 debetur
1472 2192 1556 2235 hoc
1577 2206 1691 2250 prae-

298 2262 459 2319 mium3
487 2280 507 2303 «
534 2264 736 2320 Regnum
753 2263 868 2306 enim
886 2261 1100 2306 coelorum
1119 2262 1206 2306 vim
1227 2263 1388 2321 patitur
1404 2296 1415 2317 ‚
1436 2270 1480 2305 et
1501 2261 1578 2321 qui
1600 2261 1688 2304 vim

302 2348 322 2371 »
347 2330 535 2386 faciunt,
559 2331 771 2390 diripiunt
788 2331 922 2376 illud³
944 2352 952 2376 ;
980 2350 998 2373 »
1024 2331 1312 2392 quaerendum
1329 2340 1394 2376 est
1415 2331 1577 2391 quibus
1595 2346 1686 2390 gra-

298 2400 428 2445 dibus
445 2403 501 2446 ad
518 2403 642 2446 istam
657 2403 949 2447 summitatem
967 2402 1366 2463 perfectionemque
1382 2404 1585 2448 veniatur
1607 2421 1615 2448 :
1642 2403 1687 2446 in

300 2473 458 2531 quibus
488 2473 641 2533 utique
677 2474 883 2532 gradibus
913 2474 1197 2519 inveniuntur
1228 2474 1314 2530 illi,
1349 2474 1511 2533 quibus
1543 2473 1686 2518 adhuc

354 2564 359 2580 ¹
386 2558 483 2590 Exod.
504 2569 558 2599 xn,
580 2559 683 2591 35».—
700 2566 711 2581 2
735 2560 846 2592 Matth.
867 2571 900 2601 v,
925 2560 978 2601 37.
997 2577 1034 2583 -—
1054 2559 1133 2593 ³1d.
1156 2572 1199 2601 xi,
1227 2569 1274 2592 12.
