1790 3187
335 214 386 241 DE
420 214 605 242 mvnnsrs
637 214 794 250 oumsr.
831 216 977 243 oc'roe..
1013 218 1177 243 TRtBUS.
1394 205 1441 244 41

68 291 181 337 ccat,
206 281 325 342 quod
361 280 464 324 alios
497 279 634 322 tacere
663 295 749 322 non
780 279 956 331 deceat3
983 280 1216 324 ministeria
1246 280 1447 341 quaedam

67 362 166 397 sunt
204 352 370 407 media,
412 351 572 411 quibus
617 349 746 408 digna
779 351 1067 410 injunguntur
1100 352 1270 409 officia3
1309 361 1358 396 ut
1390 354 1449 396 eis

67 433 189 468 utens
212 424 301 483 ipsa
327 423 515 484 justitia,
546 438 632 465 non
655 421 793 466 solum
825 422 920 466 talia
950 425 1037 482 pati
1060 438 1280 482 quemque
1308 423 1447 482 impe-

67 504 151 549 ret,
172 494 315 555 qualia
332 495 419 555 pati
434 509 532 537 eum
553 493 699 548 decet,
721 492 794 537 sed
814 493 942 537 etiam
966 495 1015 538 iis
1034 492 1318 550 facientibus,
1339 509 1449 554 quos

67 565 165 612 talia
188 564 328 610 facere
351 580 439 609 non
460 564 602 609 minus
620 563 756 609 decet.
776 567 1050 624 Quapropter
1067 580 1167 609 cum
1191 574 1234 609 et
1256 566 1449 624 AEgyptii

66 638 320 698 deceptione
341 636 459 695 digni
481 638 668 693 essent¹3
691 646 733 680 et
754 637 943 696 populus
970 635 1099 680 lsrael
1121 651 1199 696 pro
1227 635 1300 680 illa
1323 646 1450 680 aetate

66 710 229 768 generis
263 708 445 752 humani
473 708 518 752 in
542 707 613 751 tali
648 708 790 752 adhuc
820 706 957 767 gradu
991 723 1161 752 morum
1192 709 1455 752 constitutus

66 789 203 836 esset,
223 790 270 825 ut
287 796 376 825 non
396 780 574 838 indigne
591 779 760 824 hostem
782 778 1024 838 deciperet3
1051 778 1213 824 factum
1238 788 1300 823 est
1322 789 1371 823 ut
1388 781 1456 839 ju-

68 852 189 896 beret
206 854 320 896 Deus
337 887 347 907 ,
371 851 439 896 vel
458 850 600 911 potius
620 866 697 910 pro
713 849 886 894 illorum
907 849 1145 909 cupiditate
1164 850 1452 909 permitteret,

68 933 116 967 ut
132 939 230 968 vasa
252 939 379 968 aurea
401 932 444 967 et
458 931 658 980 argentea
673 958 682 976 ‚
710 923 870 982 quibus
893 923 1036 966 adhuc
1060 922 1219 966 terreni
1240 922 1361 981 regni
1385 937 1454 981 ap-

65 995 267 1054 petitores
290 994 544 1049 inhiabant,
571 1003 613 1038 et
635 1003 831 1053 peterent
859 994 913 1037 ab
943 994 1157 1054 AEgyptiis
1189 1009 1279 1038 non
1305 992 1454 1037 reddi-

67 1066 172 1119 turi,
213 1075 254 1109 et
283 1066 527 1125 acciperent
553 1065 675 1124 quasi
708 1064 936 1109 reddituri.
974 1068 1114 1119 Quam
1147 1074 1189 1108 ct
1210 1063 1454 1108 mercedem

66 1146 150 1181 tam
176 1136 373 1181 diuturni
399 1137 558 1181 laboris
595 1146 726 1197 atquc
755 1137 895 1196 operis
924 1153 1003 1196 pro
1037 1137 1189 1181 talium
1213 1137 1455 1180 animarum

67 1207 204 1268 gradu
234 1224 322 1253 non
344 1209 547 1268 injustam
573 1211 686 1252 Deus
705 1223 792 1251 esse
815 1208 953 1253 voluit
970 1243 980 1262 ,
1008 1219 1050 1252 et
1073 1223 1249 1267 poenam
1280 1206 1455 1251 illorum

67 1294 175 1339 quos
208 1279 337 1337 digne
360 1280 465 1323 fecit
490 1280 712 1332 amittere,
741 1279 785 1322 id
819 1280 938 1339 quod
972 1279 1154 1323 reddere
1188 1278 1452 1322 debuerunt.

67 1353 162 1395 Non
191 1351 336 1410 itaque
359 1353 473 1395 Deus
492 1350 698 1409 deceptor
717 1359 803 1404 est,
832 1350 950 1409 quod
974 1353 1149 1393 credere
1175 1348 1389 1392 nefarium
1415 1357 1457 1391 et

65 1422 245 1481 impium
264 1437 352 1466 esse
374 1423 470 1481 quis
493 1438 582 1466 non
605 1421 848 1478 intelligat?
871 1423 946 1465 sed
970 1421 1225 1465 meritorum
1249 1429 1291 1464 et
1314 1435 1457 1479 perso-

64 1507 218 1537 narum
245 1493 505 1552 justissimus
537 1492 824 1547 distributor,
864 1492 1025 1536 faciens
1058 1492 1263 1552 quaedam
1301 1507 1379 1551 per
1415 1507 1458 1535 se

64 1565 203 1624 ipsum
222 1599 232 1619 ‚
258 1580 359 1624 quae
386 1564 461 1609 illo
484 1564 575 1609 solo
598 1564 729 1623 digna
751 1574 878 1619 sunt,
906 1568 1032 1624 cique
1054 1563 1131 1609 soli
1157 1565 1425 1608 conveniunt
1445 1585 1455 1621 3

65 1636 188 1679 sicuti
214 1644 277 1678 cst
300 1634 545 1679 illuminare
562 1636 740 1690 animas,
768 1645 810 1679 et
832 1651 875 1679 se
899 1636 1039 1695 ipsum
1066 1636 1125 1679 eis
1149 1636 1202 1679 ad
1226 1634 1456 1695 perfruen-

66 1706 170 1751 dum
201 1707 464 1766 praebendo,
494 1708 707 1767 sapientes
735 1709 970 1767 beatasque
994 1717 1199 1767 praestare
1226 1728 1234 1752 2
1267 1707 1347 1752 alia
1381 1718 1458 1766 per

65 1779 321 1822 servientem
343 1778 423 1822 sibi
447 1787 689 1822 creaturam
708 1814 717 1832 ,
755 1779 1039 1836 integerrimis
1067 1778 1237 1838 legibus
1262 1794 1339 1837 pro
1362 1793 1457 1822 rne-

67 1849 156 1892 ritis
180 1849 422 1893 ordinatam
438 1885 451 1904 ‚
468 1850 669 1909 quaedam
695 1850 1037 1909 eorumjubeus,
1060 1848 1262 1909 quaedam
1285 1850 1459 1907 permit·

69 1931 184 1974 tens,
219 1936 357 1980 usque
383 1921 439 1965 ad
462 1936 679 1980 passerum
711 1920 1128 1965 administrationem
1147 1957 1157 1975 ,
1183 1922 1292 1965 sicut
1314 1922 1459 1964 Domi-2

68 2006 148 2034 nus
171 1999 213 2034 et
230 1991 469 2050 Evangelio
493 1991 626 2045 dicit,
651 2001 694 2034 et
711 2007 848 2051 usque
872 1990 924 2035 ad
947 1990 1052 2035 foeni
1074 1992 1274 2036 decorem
1290 2027 1300 2046 ,
1322 2007 1459 2051 usque

68 2061 121 2106 ad
150 2077 381 2105 numerum
415 2063 544 2106 etiam
577 2060 833 2122 capillorum
866 2073 1114 2107 nostrorum
1142 2062 1289 2107 divina
1314 2064 1460 2122 provi-

69 2132 213 2177 dentia
236 2133 520 2192 pertendente
539 2144 671 2194 atque
690 2134 890 2178 veniente
905 2136 935 2177 ².
960 2137 1020 2177 De
1039 2150 1126 2194 qua
1145 2135 1273 2178 etiam
1293 2134 1457 2178 dictum

71 2213 132 2248 est
159 2224 167 2249 ε
203 2224 222 2246 «
249 2206 471 2250 Pertendit
495 2224 517 2250 a
550 2207 637 2249 fine
666 2222 804 2266 usque
836 2205 889 2250 ad
913 2206 1043 2250 finem
1071 2206 1267 2261 fortiter,
1295 2215 1338 2250 ct
1369 2206 1457 2249 dis-

74 2293 92 2316 »
119 2276 242 2335 ponit
264 2276 406 2320 omnia
425 2277 653 2321 suaviter-³.
682 2294 701 2317 ³>

130 2350 189 2390 3⁰.
216 2347 343 2400 Quod
367 2357 508 2391 autem
550 2363 625 2407 per
658 2348 899 2391 animarum
926 2347 1158 2391 ministeria
1184 2347 1268 2391 suis
1292 2347 1460 2406 legibus

70 2417 294 2462 servientia
321 2421 430 2461 Deus
453 2420 621 2477 puniat,
643 2428 685 2463 et
699 2417 829 2477 digne
852 2418 983 2477 digna
1001 2417 1210 2478 supplicia
1231 2419 1458 2472 retribuat,

71 2489 274 2549 cumipse
300 2490 676 2550 tranquillissimus
691 2500 879 2545 maneat,
902 2491 1166 2550 apertissime
1180 2492 1236 2536 ita
1251 2492 1457 2551 scriptum

123 2584 132 2598 ¹
153 2577 267 2609 Matth.
288 2588 320 2620 x,
340 2586 445 2620 29.—
465 2585 475 2601 2
497 2581 572 2611 Luc-
590 2590 649 2617 xii,
672 2588 780 2620 27.·-
797 2577 809 2601 3
834 2580 996 2620 Sap.v1n‚
1018 2589 1047 2611 1.
