1790 3187
591 277 788 304 EptsTOLA
823 278 948 304 xxx1.
1383 265 1461 304 361

80 346 229 389 laetitia
246 345 352 398 fieri,
371 344 489 403 quod
505 357 554 386 ex
568 358 642 387 orc
656 341 826 386 Domini
841 357 940 386 cum
957 340 1128 386 tristitia
1143 339 1262 384 dives
1275 341 1468 386 audivit?

140 419 211 461 VI.
248 420 506 475 Quanquam
530 413 660 458 nullis
678 414 820 458 verbis
839 413 1048 473 explicem
1068 413 1399 472 conceptionem
1419 429 1468 458 ac

79 488 409 547 parturitionem
433 485 574 530 cordis
600 485 683 529 mei
716 504 725 530 ;
759 494 904 529 tamen
932 486 1034 545 quia
1068 484 1306 544 prudenter
1334 494 1376 528 et
1399 486 1469 544 pie

77 558 316 617 intelligitis
334 574 423 603 non
443 573 531 601 esse
549 558 672 601 istam
692 566 879 601 vestram
898 591 909 611 ,
929 557 1013 601 hoc
1028 566 1092 601 est
1112 557 1346 600 humanam
1361 591 1372 611 ,
1392 555 1467 600 sed

76 629 122 672 in
138 629 259 673 vobis
282 628 448 673 Domini
470 627 664 686 gloriam.
691 629 800 672 Nam
824 637 867 672 et
891 627 1118 671 inimicum
1139 627 1384 672 cautissime
1401 627 1469 671 in-

78 700 283 754 tuemini,
326 699 690 758 devotissimeque
733 699 857 757 agitis
876 734 886 753 ‚
927 708 976 743 ut
1014 707 1225 759 tanquam
1267 696 1468 757 discipuli

76 772 235 817 Christi
267 770 450 815 humiles
472 771 602 815 corde
626 787 674 815 ac
701 771 824 815 mites
847 771 951 814 sitis.
980 770 1136 815 Utilius
1158 771 1272 814 enim
1300 779 1469 814 terrena

76 843 300 903 opulentia
332 853 502 886 tenetur
533 843 781 897 humiliter,
816 857 947 901 quam
976 843 1163 902 superbe
1187 841 1464 901 relinquitur.

76 916 186 968 Quia
208 931 309 974 crgo
328 925 443 959 recte
459 915 699 973 intelligitis
717 930 804 958 non
823 915 936 958 bane
953 929 1043 957 esse
1062 923 1247 958 vestram
1263 948 1274 967 ,
1293 912 1368 957 sed
1390 916 1469 957 Do-

78 987 178 1029 mini
202 987 380 1045 gloriam
402 1021 412 1040 ,
434 985 588 1029 videtis
611 1000 741 1044 quam
763 999 894 1043 parva
912 993 955 1028 et
977 984 1129 1042 exigua
1155 983 1353 1027 dixerim.
1375 983 1469 1027 Dixi

75 1057 188 1101 enim
220 1057 275 1101 de
301 1057 504 1101 laudibus
535 1056 723 1110 Christi,
757 1056 918 1116 quibus
952 1065 1054 1100 sunt
1083 1055 1249 1115 linguae
1284 1055 1469 1114 impares

76 1126 360 1186 Angelorum.
394 1131 517 1171 Hanc
541 1142 642 1184 ergo
661 1127 821 1172 Christi
844 1126 1022 1185 gloriam
1046 1127 1177 1171 etiam
1205 1126 1342 1170 oculis
1366 1142 1468 1171 nos-

77 1209 244 1243 trorum
281 1199 509 1243 hominum
544 1199 744 1257 cupimus
778 1198 1026 1253 admoveri,
1063 1198 1108 1242 in
1145 1213 1232 1243 uno
1264 1197 1471 1258 conjugio

76 1271 296 1330 proposita
318 1271 494 1330 utrique
522 1271 640 1314 sexui
673 1269 894 1314 calcandae
929 1269 1143 1329 superbiae
1162 1304 1173 1324 ,
1200 1285 1289 1314 non
1314 1269 1469 1328 despe-

79 1341 226 1384 ranrlae
254 1341 531 1402 perfectionis
561 1341 770 1400 exempla.
798 1342 949 1387 Nescio
977 1343 1010 1386 si
1039 1341 1280 1402 quidquam
1303 1341 1470 1385 miseri-

78 1413 252 1457 cordius
274 1414 420 1472 agitis,
448 1429 579 1474 quam
604 1414 638 1457 si
670 1422 839 1457 tantum
864 1412 1009 1458 nolitis
1032 1412 1188 1468 latere,
1215 1413 1335 1473 quod
1363 1411 1469 1457 tales

78 1485 176 1527 estis
192 1519 202 1537 ‚
228 1494 443 1545 quantum
469 1483 571 1528 tales
590 1500 680 1528 esse
701 1483 912 1528 voluistis.

136 1557 235 1598 th.
274 1556 553 1598 vetustinum
586 1555 726 1614 impiis
761 1571 939 1615 quoque
967 1554 1252 1599 miserabilem
1283 1570 1469 1614 puerum

77 1635 228 1669 vestrae
253 1626 510 1685 benignitati
538 1627 826 1686 charitatique
859 1626 1121 1671 commendo
1149 1647 1157 1671 :
1183 1642 1332 1672 causas
1355 1626 1470 1671 cala-

77 1697 237 1740 mitatis
270 1707 312 1740 et
346 1697 706 1756 peregrinationis
739 1699 829 1757 ejus
853 1697 1036 1741 audietis
1069 1714 1119 1740 ex
1143 1699 1251 1757 ipso.
1287 1700 1398 1743 Nam
1427 1709 1471 1741 et

81 1769 350 1828 propositum
373 1771 485 1829 ejus,
511 1785 599 1828 quo
622 1770 884 1813 serviturum
909 1785 953 1813 se
977 1785 1065 1814 esse
1087 1769 1317 1829 pollicetur
1346 1772 1435 1814 Deo
1456 1804 1466 1823 ‚

80 1848 250 1898 tempus
280 1838 508 1898 prolixius,
540 1848 583 1883 et
599 1848 702 1883 zetas
735 1840 980 1894 robustior,
1007 1849 1048 1884 et
1070 1849 1308 1884 transactus
1342 1841 1470 1884 timor

79 1911 237 1954 certius
260 1911 531 1954 indicabunt.
557 1914 658 1954 Tres
679 1909 813 1955 libros
829 1946 840 1965 ,
859 1921 990 1970 atque
1006 1912 1171 1955 utinam
1194 1920 1276 1955 tarn
1296 1911 1470 1970 grandis

79 1982 329 2040 quaestionis
353 1982 410 2025 ita
441 1981 722 2041 explicatores
745 1991 794 2026 ut
826 1983 1034 2040 grandes,
1063 1991 1183 2025 tanto
1208 1983 1350 2026 minus
1378 1997 1469 2025 me-

82 2062 206 2096 tucns
245 2052 289 2096 in
325 2062 365 2096 te
388 2052 583 2096 laborem
617 2052 819 2111 legendi,
845 2061 1013 2112 quanto
1039 2052 1237 2097 ardorem
1261 2053 1471 2112 perspicio

79 2123 310 2183 diligendi,
337 2125 431 2167 misi
461 2125 677 2168 sanctitati
704 2135 746 2169 et
776 2125 975 2169 charitati
1005 2134 1090 2168 tuae
1120 2144 1128 2170 :
1157 2141 1255 2168 nam
1288 2124 1471 2184 quaestio

79 2210 229 2239 eorum
267 2196 320 2238 de
351 2193 498 2240 libero
521 2194 722 2240 arbitrio
754 2206 832 2240 est.
866 2199 953 2239 Hos
984 2206 1128 2240 autem
1167 2212 1253 2240 non
1282 2197 1467 2250 habere,

80 2276 154 2310 aut
191 2281 339 2310 omnes
372 2282 460 2310 non
495 2267 654 2311 habere
685 2267 861 2311 fratrem
895 2267 1215 2311 Romanianum
1249 2267 1359 2321 scio,
1396 2282 1472 2325 per

80 2353 208 2396 quem
235 2352 369 2395 prope
400 2338 544 2381 omnia
565 2373 575 2390 ,
606 2354 705 2397 quae
727 2337 996 2398 quibuslibet
1020 2337 1198 2380 auribus
1224 2352 1471 2380 accommo-

81 2407 177 2450 data
215 2408 402 2469 scribere
434 2408 582 2467 potui,
608 2409 752 2452 studio
779 2410 820 2451 in
855 2424 931 2452 nos
959 2418 1032 2452 tuo
1051 2444 1060 2461 ‚
1088 2424 1176 2452 non
1199 2408 1472 2467 apportanda

82 2477 181 2520 (ledi
203 2513 213 2531 ,
237 2479 310 2521 scd
330 2478 512 2536 legenda
532 2479 732 2522 indicavi.
761 2479 955 2522 Habebat
977 2479 1089 2521 enirn
1105 2479 1190 2537 jam
1214 2478 1287 2522 ille
1307 2479 1470 2533 omnia,

83 2563 318 2608 secumque
332 2551 524 2606 gestabat
544 2571 550 2594 ;
569 2566 642 2609 per
661 2565 759 2593 eum
777 2559 921 2593 autem
938 2550 1124 2609 primare
1138 2550 1317 2609 scripta¹
1340 2559 1474 2594 trans-

134 2640 141 2656 ¹
166 2634 261 2676 Epist.
284 2645 381 2666 nvn.
