1790 3187
341 203 394 239 50
763 214 794 236 s.
833 209 1060 237 AUGUSTINI
1094 207 1274 237 EPISGOPI

338 277 488 322 orbem
512 284 720 319 terrarum
743 274 798 318 ab
820 275 911 333 ipso
934 274 1106 319 Domini
1129 274 1320 318 adventu
1344 291 1354 317 ε
1379 272 1607 332 prophetia
1633 287 1715 317 au·

339 357 424 392 tem
455 346 927 404 minuitur-postquam
955 343 999 388 id
1029 343 1149 404 quod
1179 343 1499 402 praenuntiabat
1519 343 1710 387 advenit.
1739 386 1743 389 .

335 420 487 476 ltaque
524 417 731 460 Dominus
775 414 879 458 dicit
911 433 920 459 ε
963 433 978 455 «
1013 417 1102 458 Lex
1139 421 1183 458 et
1216 413 1444 472 Prophetae
1479 428 1618 472 usque
1657 411 1714 456 ad

340 508 357 528 »
384 489 594 531 Joannem
613 486 864 544 Baptistam‚
887 483 1046 528 abhinc
1064 498 1246 542 regnum
1264 483 1340 527 Dei
1357 482 1618 542 praedicatur
1634 484 1665 527 ².
1688 498 1709 524 »

335 559 391 601 Et
412 560 599 601 Joannes
628 557 743 614 ipse,
773 573 792 596 «
821 554 972 609 Illum,
1001 555 1170 614 inquit,
1206 562 1379 613 oportet
1405 568 1618 607 crescere,
1644 567 1713 596 me

337 646 356 668 »
383 637 527 672 autem
553 627 687 670 minui
703 629 734 668 ¹².
764 643 783 666 »
817 624 946 678 Quod
975 633 1019 668 et
1044 625 1198 668 diebus
1227 624 1387 684 quibus
1409 624 1499 670 nati
1524 632 1646 677 sunt,
1671 631 1715 667 et

334 698 546 742 mortibus
565 697 723 756 quibus
746 697 855 754 passi
871 705 994 750 sunt,
1018 696 1252 754 figuratum
1268 705 1345 739 est.
1372 695 1570 740 Nascitur
1586 709 1713 738 nam-

332 782 417 825 que
442 770 630 811 Joannes
658 781 707 809 ex
731 781 819 825 quo
841 767 930 809 dies
956 766 1168 824 incipiunt
1195 765 1331 808 minui
1360 783 1368 809 :
1404 765 1593 809 nascitur
1623 767 1712 808 Do-

334 838 474 880 minus
505 853 555 880 ex
583 852 671 896 quo
693 836 783 880 dies
804 836 1020 895 incipiunt
1042 851 1244 879 crescere.
1270 835 1422 894 Capite
1444 834 1517 878 ille
1547 835 1713 879 minui-

334 918 427 962 tur,
465 907 569 951 dum
609 907 822 951 occiditur
858 926 866 951 :
900 908 969 951 hic
996 922 1097 951 vero
1119 907 1330 950 attollitur
1358 907 1402 949 in
1432 921 1574 950 cruce.
1612 909 1714 949 Post
1771 947 1774 949 .

330 993 460 1038 quam
484 993 586 1036 ergo
604 978 830 1037 prophetia
857 979 947 1036 ipsa
964 979 1007 1020 in
1030 980 1198 1021 joanne
1219 977 1452 1021 constituta
1479 975 1614 1034 digito
1642 990 1714 1020 os·
1765 985 1767 987 '

333 1049 469 1092 tendit
487 1058 757 1107 praesentem,
779 1064 907 1107 quem
927 1057 1159 1092 venturum
1179 1047 1233 1091 ab
1250 1047 1427 1091 exordio
1443 1046 1609 1105 generis
1626 1047 1713 1090 hu-

330 1118 446 1161 mani
468 1120 706 1172 cecinerat,
727 1118 880 1176 incipit
905 1118 1066 1172 minui,
1088 1126 1219 1176 atquc
1237 1117 1338 1160 inde
1355 1131 1544 1161 crescere
1562 1115 1716 1175 praedi-
1772 1142 1773 1145 =

329 1189 442 1231 catio
464 1188 586 1245 regni
606 1188 724 1231 Dei3.
754 1191 808 1232 Et
829 1188 927 1232 ideo
944 1188 1177 1246 baptizavit
1201 1190 1390 1231 Joannes
1420 1187 1464 1230 in
1494 1187 1717 1245 poeniten-

333 1259 432 1301 tiam
465 1276 473 1300 :
513 1257 663 1301 finitur
691 1259 804 1300 enim
841 1267 965 1301 vetus
996 1259 1082 1301 vita
1119 1272 1255 1317 usque
1291 1258 1345 1301 ad
1379 1258 1712 1316 poenitentiam,

329 1337 457 1386 atque
478 1327 580 1371 inde
600 1327 750 1386 incipit
773 1343 899 1372 nova.

390 1405 448 1440 2⁰.
485 1400 582 1442 Non
603 1406 749 1441 autem
773 1407 940 1441 tantum
964 1398 1007 1441 in
1030 1398 1080 1440 iis
1102 1397 1177 1457 qui
1194 1397 1367 1456 proprie
1388 1398 1616 1456 Prophetae
1635 1411 1714 1456 ap-

332 1467 478 1525 pellati
507 1476 624 1521 sunt,
650 1466 724 1510 sed
748 1466 789 1511 in
813 1468 903 1525 ipsa
925 1467 1092 1511 Veteris
1117 1467 1381 1511 Testamenti
1413 1467 1587 1511 historia
1610 1482 1715 1527 pro-

332 1539 475 1596 phetia
500 1553 586 1581 non
610 1537 733 1580 silere
752 1537 969 1596 colligitur
992 1538 1045 1581 ab
1069 1540 1128 1582 eis
1150 1539 1224 1597 qui
1245 1539 1312 1596 pie
1334 1547 1535 1597 quaerunt
1555 1572 1566 1592 ,
1597 1547 1640 1581 et
1661 1536 1716 1582 ad
1765 1560 1767 1569 ι

332 1608 424 1652 haec
444 1607 739 1665 investiganda
756 1609 962 1652 divinitus
977 1608 1251 1667 adjuvantur.
1270 1607 1455 1652 Maxime
1471 1616 1615 1651 tamen
1633 1606 1715 1651 illis

332 1677 672 1721 evidentioribus
692 1692 834 1720 rerum
857 1678 1005 1736 figuris
1024 1687 1202 1736 apparet
1231 1697 1240 1721 ι
1265 1676 1386 1737 quod
1403 1676 1513 1721 Abel
1532 1678 1674 1737 justus
1691 1693 1715 1721 a

332 1746 464 1790 fratre
496 1747 802 1798 tutet-ficitur4„
842 1757 884 1790 et
918 1748 1124 1791 Dominus
1161 1764 1185 1790 a
1218 1747 1378 1791 Judaeis
1416 1766 1424 1792 ε
1457 1747 1578 1807 quod
1617 1763 1715 1792 arca

332 1818 449 1862 N0e⁵
470 1852 480 1871 ,
514 1826 717 1876 tanquam
751 1817 794 1859 in
824 1817 988 1861 diluvio
1012 1817 1157 1861 saeculi
1190 1816 1380 1861 Ecclesia
1408 1817 1677 1876 gubernatur
1702 1837 1711 1862 :

332 1885 454 1945 quod
477 1889 594 1929 Isaac
617 1886 906 1930 immolandus
924 1890 1012 1931 Deo
1031 1888 1231 1931 ducitur⁶
1247 1923 1258 1941 ,
1279 1897 1322 1931 et
1345 1888 1452 1931 aries
1474 1903 1552 1946 pro
1573 1888 1649 1933 illo
1670 1889 1715 1932 in
1764 1889 1767 1925 ἔ

333 1955 527 1999 sentibus
547 1964 750 2014 tanquam
769 1956 997 2000 crucifixus
1019 1957 1266 2014 agnoscitur
1293 1976 1301 2001 :
1329 1957 1448 2017 quod
1471 1958 1517 2002 in
1541 1957 1715 2003 duobus

335 2027 520 2070 Abrahae
543 2026 662 2080 filiis,
688 2042 776 2070 uno
797 2025 852 2070 de
874 2027 1028 2071 ancilla
1043 2062 1054 2082 ‚
1078 2027 1212 2071 altero
1233 2027 1288 2071 de
1309 2027 1445 2073 libera
1463 2063 1474 2084 ‚
1497 2030 1586 2074 duo
1610 2032 1713 2073 Tes-
1764 2043 1766 2073 ὲ

337 2106 525 2141 tamenta
541 2096 872 2155 intelliguntur⁷
891 2117 899 2142 2
920 2097 1039 2157 quod
1054 2098 1142 2143 duo
1159 2098 1309 2158 populi
1324 2100 1367 2142 in
1383 2100 1578 2158 geminis,
1599 2100 1714 2145 Esaii

333 2167 495 2211 scilicet
517 2176 559 2211 et
581 2168 715 2212 Jacob
733 2202 744 2223 ‚
770 2172 1186 2227 praemonstrantur3
1212 2189 1220 2213 ι
1243 2171 1369 2224 Quod
1390 2172 1550 2230 Joseph
1581 2187 1604 2216 a
1627 2170 1716 2215 fra·
1764 2216 1767 2235 ἶ

335 2238 473 2282 tribus
497 2239 839 2297 persecutionem
857 2255 1019 2298 passus,
1041 2241 1096 2284 ab
1118 2239 1266 2284 alienis
1283 2242 1550 2286 honoratur⁹
1567 2276 1578 2297 ‚
1604 2242 1716 2286 sicut
1764 2243 1766 2247 ’

338 2310 544 2354 Dominus
566 2313 589 2355 J
595 2309 729 2355 udaeis
746 2312 1105 2371 persequentibus
1121 2346 1132 2367 ,
1158 2310 1275 2372 apud
1293 2323 1440 2370 gentes
1458 2312 1715 2358 clarificatus
1764 2312 1766 2322 '

383 2432 390 2447 ¹
414 2426 490 2458 Luc.
511 2436 579 2462 xvi,
612 2425 661 2458 16.
679 2445 719 2450 —
737 2434 750 2449 ‘¹
772 2429 862 2460 Joan.
893 2438 936 2466 ni,
968 2428 1006 2459 30
1034 2446 1069 2450 —
1092 2426 1104 2449 3
1134 2428 1246 2460 Matth.
1280 2440 1308 2460 ιιι
1360 2439 1404 2459 ix.
1426 2447 1462 2451 -
1478 2429 1490 2451 A
1516 2431 1593 2461 Gen.
1616 2440 1659 2467 iv,
1679 2428 1710 2460 8.

350 2479 405 2504 ——5
436 2482 558 2517 1‹].v11‚
590 2494 616 2515 1.
638 2499 674 2506 —-
692 2482 707 2506 6
733 2484 778 2516 Id.
811 2494 889 2521 wir,
924 2485 950 2514 3⁴
972 2491 1036 2516 -7
1066 2483 1131 2515 (tat.
1166 2494 1208 2521 iv,
1229 2493 1279 2515 Ὺ).
1297 2484 1365 2507 ——8
1392 2489 1469 2517 Gen.
1500 2496 1574 2525 xxv,
1602 2485 1655 2517 ¹23.
1674 2499 1714 2507 -·

335 2537 418 2567 1’ῙιΙ.
441 2546 511 2567 va.
536 2538 565 2567 S.
