1790 3187
346 231 432 270 236
771 243 804 269 s.
841 240 1072 270 Auousnm
1104 241 1284 268 zmscom

345 308 411 352 nis
432 306 508 352 sed
526 323 602 367 per
621 322 664 351 se
681 307 811 366 ipsos,
837 323 925 351 non
943 307 1233 368 propteristos
1254 325 1263 350 :
1289 321 1390 350 nam
1409 314 1452 350 et
1469 306 1503 350 si
1520 321 1609 350 non
1626 315 1729 352 sunt

346 449 444 505 deo,
470 465 571 494 cum
609 448 708 493 talia
744 448 798 493 de
826 450 892 494 his
922 450 1004 494 dici
1027 451 1214 509 possint,
1240 448 1385 508 qualia
1417 448 1474 492 de
1503 448 1587 493 illis
1615 449 1729 494 dicta

346 531 446 566 sunt
465 521 650 574 duobus,
670 520 822 564 Enoch
841 519 1004 564 scilicet
1017 530 1060 564 et
1077 519 1187 564 Elia.
1218 518 1301 564 Sed
1326 535 1489 573 revera,
1514 529 1729 579 quantum
1767 511 1783 530 *¹

345 593 399 636 ad
422 596 552 636 verba
576 592 691 635 beati
720 591 913 651 Apostoli
939 592 1151 651 pertinet,
1181 591 1356 635 videtur
1378 606 1562 634 asserere
1595 606 1728 650 quos-

345 662 445 706 dam
481 664 524 706 in
548 663 633 706 fine
666 662 813 706 saeculi
841 661 1099 707 adveniente
1132 662 1340 716 Domino,
1365 676 1464 704 eum
1497 660 1644 705 futura
1667 670 1730 706 est

345 733 604 777 resurrectio
627 741 917 786 mortuorum,
936 748 1025 776 non
1047 747 1137 777 esse
1161 733 1408 786 morituros,
1433 732 1506 775 sed
1528 731 1647 776 vivos
1664 746 1732 775 re-

345 813 515 863 pertos,
537 804 581 847 in
609 802 726 847 illam
763 802 1132 847 immortalitatem
1150 837 1161 856 ,
1189 818 1288 862 quae
1316 802 1473 846 sanctis
1496 802 1623 846 etiam
1646 817 1732 846 cae-

345 874 446 919 teris
464 873 608 929 datur,
634 884 813 933 repente
829 873 1077 928 mutandos,
1098 882 1142 917 et
1158 871 1287 917 simul
1309 892 1325 912 «
1344 887 1442 916 cum
1466 871 1549 915 illis
1567 872 1731 931 rapien-
1789 901 1790 927 3

350 965 367 986 n
395 949 493 998 dos,
520 946 631 989 sicut
659 945 784 999 dicit,
810 946 854 988 in
880 945 1084 987 nubibus.
1120 964 1137 985 »
1176 947 1263 988 Nec
1290 942 1454 1003 aliquid
1477 942 1596 987 aliud
1626 943 1731 986 mihi

344 1015 484 1059 visum
508 1025 585 1069 est,
610 1016 778 1074 quoties
796 1015 850 1058 de
867 1015 933 1058 his
961 1015 1101 1058 verbis
1127 1014 1246 1058 volui
1270 1014 1471 1071 cogitare.

405 1087 465 1129 30.
496 1086 579 1130 Sed
606 1085 762 1130 vellem
793 1087 894 1129 liinc
923 1086 1066 1144 potius
1094 1085 1244 1129 audire
1279 1084 1526 1129 doctiores:
1559 1099 1613 1126 ne
1649 1083 1730 1126 illis

345 1155 473 1199 etiam
498 1156 573 1215 qui
594 1165 751 1214 putant
779 1155 947 1215 aliquos
970 1165 1109 1200 morte
1137 1171 1227 1199 non
1247 1154 1522 1215 praecedente
1543 1155 1731 1198 vivifica·
1757 1178 1760 1204 ἶ

346 1237 427 1281 tos,
453 1227 508 1270 ad
543 1228 675 1271 vitam
706 1237 960 1286 perpetuam
1000 1227 1276 1282 transituros,
1313 1227 1454 1272 dicere
1486 1227 1731 1270 inveniatur

345 1297 595 1358 Apostolus,
620 1317 638 1338 «
669 1299 831 1353 Stulte,
864 1308 912 1342 tu
940 1297 1059 1358 quod
1097 1299 1302 1353 seminas,
1335 1314 1424 1343 non
1456 1297 1727 1352 vivificatur,

349 1389 368 1411 »
394 1370 474 1413 nisi
492 1369 741 1413 moriatur1.
769 1389 785 1411 »
811 1371 921 1414 Nam
942 1379 985 1413 et
1002 1368 1110 1413 illud
1129 1369 1248 1429 quod
1269 1370 1313 1413 in
1335 1368 1550 1428 plerisque
1568 1367 1729 1412 codici-

344 1438 425 1483 bus
453 1438 632 1498 legitur,
667 1459 686 1482 «
718 1442 878 1484 Omnes
912 1455 1207 1499 resurgemus,
1236 1438 1396 1483 »unde
1422 1439 1512 1483 fieri
1551 1438 1724 1498 poterit,

343 1511 425 1554 nisi
447 1527 596 1555 ornnes
618 1512 882 1555 moriamur?
904 1511 1178 1555 Resurrectio
1200 1512 1378 1571 quippe,
1396 1510 1475 1553 nisi
1492 1525 1604 1553 mors
1623 1525 1730 1568 prae·

344 1582 532 1636 cesserit,
578 1581 699 1625 nulla
733 1592 810 1626 est.
852 1585 908 1626 Et
940 1581 1059 1642 quod
1093 1581 1294 1625 nonnulli
1323 1580 1492 1625 codices
1533 1581 1727 1635 habent,
1755 1603 1758 1613 ι

348 1670 368 1693 «
393 1652 554 1695 Omnes
572 1652 857 1706 dormiemus,
884 1671 903 1692 »
924 1653 1065 1695 multo
1086 1651 1249 1695 facilius
1270 1661 1313 1694 et
1335 1651 1523 1710 apertius
1547 1650 1590 1694 id
1614 1650 1730 1708 cogit

344 1721 527 1781 intelligi
549 1742 557 1767 :
584 1723 673 1767 etsi
691 1722 799 1782 quid
813 1723 931 1766 aliud
955 1721 1039 1766 tale
1061 1723 1106 1766 in
1128 1722 1282 1765 sanctis
1300 1722 1473 1764 Litteris
1489 1722 1726 1776 invenitur,
1755 1773 1757 1779 A

344 1791 398 1835 ad
425 1791 470 1835 id
493 1793 668 1836 videtur
698 1793 942 1852 impellere,
963 1801 1013 1835 ut
1039 1791 1184 1836 nullus
1211 1792 1436 1835 hominum
1461 1791 1728 1835 existimetur
1754 1849 1756 1856 y

344 1863 731 1917 immortalitatem,
749 1864 828 1907 nisi
845 1879 956 1907 mors
973 1863 1250 1923 praecesserit,
1269 1863 1518 1921 adepturus.
1544 1861 1729 1906 Proinde

343 1931 419 1975 ubi
447 1932 553 1975 dixit
575 1932 807 1992 Apostolus
824 1968 833 1986 ,
864 1952 883 1975 «
911 1936 966 1977 Et
990 1949 1067 1977 nos
1090 1934 1281 1977 viventes
1304 1932 1379 1992 qui
1402 1931 1555 1992 reliqui
1580 1947 1727 1976 sumus

347 2021 367 2043 »
392 2002 439 2046 in
456 2004 693 2047 adventum
711 2004 900 2058 Domini,
913 2020 1000 2047 non
1014 2003 1325 2062 praeveniemus
1341 2019 1411 2046 eos
1429 2004 1619 2062 quiante
1633 2002 1727 2046 dor·
1785 2026 1787 2042 s

346 2091 366 2114 »
392 2073 595 2116 inierunt.
619 2077 716 2132 Ipse
730 2075 844 2117 enim
865 2076 1071 2117 Dominus
1086 2075 1128 2116 in
1144 2074 1266 2133 jussu
1286 2074 1385 2116 etin
1403 2088 1510 2117 voce
1532 2074 1728 2117 Arelian·
1775 2092 1788 2116 η

345 2161 364 2183 »
392 2143 475 2201 geli
509 2152 552 2186 et
582 2144 627 2186 in
656 2144 761 2187 tuba
795 2144 868 2187 Dei
901 2143 1134 2188 descendet
1164 2144 1218 2187 de
1251 2143 1385 2198 coelo,
1415 2152 1458 2187 et
1491 2144 1650 2187 mortui
1682 2144 1726 2187 in
1786 2174 1787 2181 κ

347 2231 365 2254 »
391 2214 563 2257 Christo
586 2223 811 2273 resurgent
838 2214 976 2272 primo
1005 2233 1013 2258 :
1040 2214 1198 2257 deinde
1226 2230 1303 2257 nos
1323 2217 1541 2268 viventes,
1567 2214 1643 2274 qui
1665 2228 1726 2257 re-

345 2301 364 2324 »
390 2282 498 2342 liqui
529 2299 700 2339 sumus,
727 2285 854 2328 simul
886 2300 985 2327 cum
1009 2283 1092 2327 illis
1122 2284 1339 2343 rapiemur
1365 2286 1405 2328 in
1434 2284 1624 2328 nubibus
1646 2284 1727 2328 ob-

346 2370 366 2393 »
391 2354 503 2397 viam
534 2355 705 2398 Christo
728 2355 772 2397 in
801 2358 924 2408 aera,
952 2364 994 2398 et
1016 2355 1072 2397 ita
1104 2370 1273 2414 semper
1300 2371 1399 2399 cum
1431 2356 1611 2399 Domino
1639 2355 1725 2398 eri·
1752 2358 1754 2377 ³

346 2442 365 2464 »
392 2439 487 2467 mus
504 2428 536 2469 ².
581 2444 600 2466 »
643 2426 810 2469 Vellem
837 2461 849 2480 ,
887 2425 997 2469 sicut
1032 2425 1153 2476 dixi,
1197 2427 1252 2469 de
1288 2427 1353 2470 his
1394 2427 1534 2470 verbis
1576 2425 1725 2469 audire

343 2493 556 2540 doctiores
587 2515 596 2540 :
627 2505 670 2540 et
692 2498 726 2540 si
749 2497 854 2540 mihi
877 2497 1096 2556 potuerint
1118 2497 1211 2539 haec
1232 2497 1292 2541 ita
1313 2497 1497 2555 exponi,
1522 2505 1571 2541 ut
1596 2496 1641 2539 in
1665 2494 1723 2538 eis
1751 2552 1752 2557 Ἰ

394 2586 402 2600 ·
434 2591 443 2611 ι
465 2581 536 2611 Cor.
555 2591 611 2622 xv,
630 2580 685 2615 36.
702 2599 742 2604 —
761 2589 771 2604 ²
799 2593 810 2613 1
834 2580 942 2613 Thess
963 2592 1007 2621 iv,
1032 2580 1068 2612 15
1088 2584 1121 2613 et
1136 2591 1221 2623 seqq.

1778 91 1781 169 ἓ

1760 205 1780 272 i

1760 265 1783 428 ig

346 380 474 424 etiam
495 379 574 438 ipsi
598 378 821 433 morituri,
847 378 952 439 quid
981 379 1083 423 istos
1111 377 1317 438 adjuvent
1340 378 1519 422 omnino
1551 394 1640 422 non
1662 378 1728 422 vi-
1768 426 1781 435 ,Ἰ

1766 446 1783 514 ii

1767 530 1784 566 n

1766 619 1785 648 'i

1766 678 1785 711 a

1768 720 1785 779 ὲ

1758 751 1777 864 ξᾈ
