1790 3187
327 220 380 248 DE
413 219 600 246 mvmzsis
633 217 789 253 szsm.
825 218 974 245 oca-oo.
1009 217 1172 244 TRIBUS.
1362 206 1443 246 107

65 289 200 336 Aliter
227 286 339 330 enim
374 284 525 328 finitur
554 283 698 328 tunica
732 283 946 339 texendo,
984 282 1108 327 aliter
1140 281 1265 326 cibus
1299 297 1446 327 come-

65 358 222 406 dendo.
257 359 369 400 Deus
391 364 537 398 autem
568 354 711 398 omnia
735 354 779 397 in
802 355 1006 398 omnibus
1029 353 1188 397 dicitur
1209 388 1219 407 ‚
1245 363 1295 397 ut
1318 368 1447 398 nemo

64 443 210 476 eorum
244 427 319 486 qui
354 426 391 470 ei
419 426 664 478 cohaerent,
692 434 805 468 amet
834 425 1038 469 adversus
1065 439 1164 468 eum
1197 439 1316 468 suam
1344 439 1448 482 pro-

62 500 196 562 priam
215 497 502 549 voluntatem,
523 495 889 555 manifestumque
906 495 957 539 sit
973 495 1176 539 omnibus
1193 493 1312 554 quod
1332 495 1449 538 idem

62 569 292 631 Apostolus
316 567 399 611 alio
420 567 516 611 loco
539 566 672 611 dicit:
702 585 722 608 «
749 566 866 619 Quid
891 575 1035 609 autem
1060 565 1193 609 habes
1215 563 1336 624 quod
1359 579 1448 608 non

62 659 84 683 n
110 639 310 698 accepisti
329 641 337 662 ¹
357 635 374 682 Ρ
395 656 416 678 »

119 713 178 756 8⁰.
217 713 326 755 Sunt
346 709 449 753 item
469 709 543 767 qui
567 708 625 752 sie
645 706 892 765 intelligant
920 707 1039 751 hunc
1060 706 1207 750 locum
1227 741 1237 761 ,
1263 725 1282 747 «
1308 707 1451 765 Opor-

0 804 2 819 ·
62 802 83 826 »
107 792 169 827 tet
189 797 288 826 eum
311 796 511 839 regnare,
538 779 678 824 donec
702 788 837 838 ponat
856 794 1007 823 omnes
1028 779 1227 823 inimicos
1247 793 1346 822 suos
1368 778 1452 832 sub

63 873 83 897 ι»
109 853 293 914 pedibus
317 853 457 905 suis²‚
486 869 505 891 »
543 861 589 894 ut
613 850 695 893 sub
723 850 804 893 alia
829 849 1147 906 significatione
1168 848 1356 908 positum
1380 849 1452 892 hic

0 950 2 966 .
58 923 206 969 dicant
230 942 249 964 «
269 937 472 980 regnare3
493 940 512 962 η
535 937 623 965 non
647 921 729 964 sub
753 936 799 964 ea
825 935 909 980 qua
941 920 1126 979 positum
1154 929 1217 963 est
1241 934 1448 977 regnum,

0 1364 3 1386 l

58 996 113 1040 de
132 1010 220 1054 quo
244 995 322 1048 ait,
353 1013 371 1035 «
392 996 503 1038 Cum
526 992 751 1037 tradiderit
774 1007 958 1050 regnum
985 994 1071 1034 Deo
1093 1001 1136 1034 et
1158 991 1296 1034 Patri3
1319 1010 1328 1035 :
1357 1009 1376 1031 »
1401 999 1451 1034 ut

58 1065 168 1110 illud
191 1067 248 1110 sic
274 1065 555 1125 appellaverit
586 1079 766 1123 regnum
788 1099 797 1117 ‚
829 1079 918 1123 quo
941 1063 1184 1106 universam
1208 1071 1450 1106 creaturam

52 1140 170 1182 'Deus
194 1138 328 1196 regit3
354 1138 437 1181 hoc
461 1146 605 1180 autem
629 1137 660 1180 si
683 1134 965 1195 appellaverit
991 1150 1170 1192 regnare
1186 1170 1196 1188 ,
1217 1143 1266 1177 ut
1287 1133 1451 1177 intelli-

57 1218 181 1267 gatur
215 1217 426 1267 tanquam
461 1209 665 1252 adversus
696 1208 864 1251 hostem
896 1207 1129 1250 exercitum
1163 1205 1350 1259 ducere,
1382 1204 1451 1249 vel

61 1279 297 1323 defendere
320 1280 539 1323 civitatem
565 1297 573 1323 ι
594 1287 645 1322 ut
665 1279 763 1322 ideo
785 1279 940 1321 dixerit
963 1296 971 1321 ε
994 1296 1012 1319 «
1033 1278 1216 1336 Oportet
1234 1291 1332 1320 eum
1355 1292 1452 1334 reg-

59 1368 80 1391 »
107 1366 236 1404 nare,
277 1350 417 1394 donec
448 1359 583 1409 ponat
613 1364 762 1394 omnes
793 1349 990 1393 inimicos
1023 1363 1122 1391 suos
1151 1348 1234 1391 sub
1266 1347 1452 1406 pedibus

60 1438 81 1461 »
108 1421 193 1464 suis
212 1441 223 1477 3
251 1439 270 1461 »
296 1421 396 1480 quia
418 1419 512 1464 talis
532 1420 668 1478 regni,
693 1419 822 1479 quale
843 1419 1007 1462 habent
1029 1419 1246 1478 principes
1264 1427 1455 1462 armato-

58 1506 151 1535 rum
171 1527 182 1544 ,
207 1490 326 1534 nulla
342 1491 421 1534 erit
444 1506 594 1544 causa,
622 1492 744 1534 hoste
766 1490 825 1533 ita
849 1490 1046 1549 subjecto
1061 1498 1110 1532 ut
1133 1489 1347 1532 rebellare
1363 1504 1453 1533 non

0 1580 2 1588 ’
58 1562 202 1621 possit.
238 1564 348 1607 Nam
378 1562 530 1621 utique
554 1560 719 1605 dictum
744 1570 808 1604 est
834 1561 880 1604 in
914 1559 1175 1619 Evangelio,
1206 1580 1224 1601 «
1253 1563 1307 1604 Et
1330 1560 1453 1618 regni

62 1655 79 1676 »
106 1636 196 1694 ejus
231 1650 318 1678 non
352 1635 433 1677 erit
468 1634 592 1687 finis,
631 1633 873 1678 seeundum
910 1633 1029 1693 quod
1065 1643 1218 1692 regnat
1248 1634 1292 1676 in
1323 1643 1452 1676 aeter-

60 1723 81 1747 »
107 1721 211 1750 num
229 1707 245 1730 4
266 1725 273 1749 :
309 1724 328 1745 n
355 1705 596 1749 secundum
621 1715 766 1748 autem
789 1704 833 1749 id
855 1705 974 1764 quod
998 1705 1203 1748 adversus
1228 1703 1451 1748 diabolum

58 1776 140 1821 sub
169 1791 220 1819 eo
252 1775 490 1827 militatur,
523 1776 676 1819 tandiu
703 1775 784 1819 erit
810 1775 961 1835 utique
992 1775 1068 1818 ista
1098 1775 1274 1828 militia,
1312 1775 1454 1818 donee

1 1867 6 1879 ⁴
58 1857 194 1906 ponat
216 1862 365 1890 omnes
387 1847 584 1891 inimicos
607 1862 706 1890 suos
726 1847 808 1890 sub
828 1846 1012 1904 pedibus
1031 1846 1117 1890 suis
1145 1865 1153 1890 :
1180 1855 1328 1905 postea
1352 1861 1453 1890 vero

0 1939 3 1959 ;
58 1934 146 1962 non
168 1918 274 1972 erit,
300 1933 402 1962 eum
423 1933 528 1977 pace
546 1927 753 1977 perpetua
773 1916 1065 1977 perfruemur.

118 1990 178 2033 9⁰.
217 1991 320 2033 Haee
346 1998 491 2033 autem
516 1989 573 2033 ita
598 1989 713 2033 dicta
736 1989 843 2043 sint,
864 1998 913 2032 ut
938 1989 1185 2032 noverimus
1201 1986 1452 2045 diligentius

59 2061 187 2105 etiam
210 2059 317 2104 illud
351 2059 614 2104 considerari
644 2071 870 2119 oportere,
897 2060 1138 2104 seeundum
1162 2059 1267 2119 quid
1298 2067 1452 2117 regnet

58 2147 175 2176 nune
205 2132 410 2176 Dominus
433 2132 753 2191 dispensatione
776 2132 1034 2176 sacramenti
1058 2132 1123 2175 sui
1147 2147 1223 2190 per
1245 2131 1451 2173 incarna-

60 2202 221 2246 tionem
240 2212 372 2262 atque
390 2204 647 2262 passionem.
670 2205 776 2247 Nam
797 2202 1036 2246 secundum
1053 2201 1094 2245 id
1116 2201 1236 2261 quod
1256 2201 1451 2244 Verbum

61 2273 136 2317 Dei
155 2283 232 2327 est,
256 2283 340 2318 tam
361 2275 452 2318 sine
470 2275 555 2317 fine
570 2290 701 2334 quam
723 2278 813 2318 sine
831 2275 955 2317 initio
973 2283 1014 2317 et
1032 2271 1451 2316 sineintermissione

61 2353 123 2388 est
144 2359 327 2403 regnum
349 2346 458 2405 ejus.
486 2345 735 2390 Secundum
753 2344 798 2388 id
821 2355 964 2388 autem
990 2342 1107 2403 quod
1135 2343 1326 2386 Verbum
1350 2357 1451 2386 caro

61 2413 221 2460 factum
244 2425 308 2460 est
323 2418 355 2470 ⁵,
382 2416 515 2475 coepit
544 2431 722 2473 regnare
745 2416 788 2458 in
812 2414 1092 2459 credentibus
1120 2429 1197 2473 per
1218 2412 1349 2458 fidem
1379 2414 1449 2456 in-

110 2522 117 2537 ¹
143 2527 155 2547 1
186 2518 258 2549 Cor.
286 2528 331 2559 iv,
352 2527 382 2559 7.
397 2535 438 2540 —
458 2517 504 2548 Id.
528 2528 582 2557 xv,
602 2516 655 2548 25.
673 2534 714 2539 —
731 2514 744 2538 3
765 2515 848 2548 Ibid.
868 2514 922 2557 24.
970 2533 982 2538 ν-
997 2513 1013 2545 4
1037 2516 1116 2547 Luc.
1137 2525 1159 2556 ι,
1180 2514 1232 2547 33.
1252 2531 1292 2537 -
1309 2511 1322 2536 5
1353 2515 1443 2545 Joan.

63 2581 88 2612 ι,
106 2570 160 2613 24.
