1790 3187
394 194 445 230 27
455 191 478 234 4
819 207 851 230 s.
887 203 912 229 Α
921 205 1117 232 coruscum
1149 205 1329 235 Euscom

391 268 626 311 minuentis
641 301 652 321 ,
692 275 735 310 et
768 269 964 325 augentis
997 269 1255 326 cogitatione
1286 268 1515 328 quodlibet
1547 287 1557 315 ε
1590 269 1775 331 fortasse

388 338 519 382 etiam
540 337 695 382 formae
717 352 950 396 corporum
964 372 977 392 ,
1002 354 1108 398 quas
1125 354 1352 398 nunquam
1373 338 1583 396 vidimus,
1603 340 1673 388 vel
1693 336 1776 390 coes

385 406 563 463 gitando
582 407 699 465 apud
721 421 800 453 nos
819 406 889 452 vel
905 407 1162 453 somniando
1183 409 1440 466 figurentur.

386 569 485 589 wwu
491 570 1202 590 mmmmmmwummwwvmmmmm
1206 573 1689 592 mmmmm-mmmm
1694 573 1775 607 mm*

846 704 1172 752 EPISTOLA
1208 707 1255 752 X
1265 703 1280 727 ¹
1291 742 1300 752 .

785 860 1011 895 NEBRIDIO
1037 859 1340 895 AUGUSTINUS.

371 999 448 1045 De
465 1001 682 1046 convicta
702 1015 810 1045 cam
830 998 1070 1048 Nebridio
1088 1009 1134 1044 et
1154 1001 1421 1046 secessione
1438 1015 1470 1045 α
1491 997 1760 1045 mundana-

889 1087 993 1116 rum
1016 1069 1231 1116 tumultu.

425 1231 460 1273 I.
486 1231 711 1282 NcNQUAM
732 1243 856 1288 aeque
883 1228 1125 1288 quidquam
1143 1237 1316 1272 tuarum
1334 1228 1664 1288 inquisitionum
1684 1244 1754 1274 me
1776 1272 1778 1274 .

366 1299 412 1342 in
426 1298 658 1357 cogitando
679 1300 815 1343 tenuit
837 1307 1094 1343 aestuantem
1113 1334 1123 1353 ,
1143 1308 1273 1359 atque
1291 1298 1399 1343 illud
1418 1299 1539 1359 quod
1556 1300 1753 1344 recentis-

365 1369 482 1412 simis
505 1369 655 1413 litteris
676 1369 758 1413 tuis
778 1367 885 1426 legi,
906 1368 981 1412 ubi
1004 1384 1081 1412 nos
1104 1370 1246 1427 arguis
1272 1368 1392 1429 quod
1413 1368 1635 1413 consulere
1671 1385 1751 1414 ne-

367 1438 577 1497 gligamus
593 1473 603 1492 ‚
624 1447 672 1482 ut
690 1454 776 1482 una
794 1438 920 1482 nohis
943 1438 1087 1482 vivere
1105 1438 1247 1482 liceat.
1274 1441 1483 1497 Magnum
1501 1441 1661 1483 crimen
1677 1474 1688 1494 ‚
1708 1447 1751 1484 et

365 1508 445 1553 nisi
471 1509 627 1553 falsum
659 1518 794 1562 esset,
827 1508 1255 1567 periculosissimum.
1284 1509 1367 1552 Sed
1389 1523 1489 1552 cum
1516 1509 1751 1568 probabilis

366 1579 472 1625 ratio
489 1578 784 1624 demonstrare
807 1577 1027 1633 videatur,
1052 1578 1122 1622 hic
1148 1593 1225 1622 nos
1245 1578 1390 1636 potius
1412 1593 1542 1638 quam
1564 1579 1749 1623 Cartha-

366 1650 455 1709 gini
471 1685 481 1705 ,
502 1649 571 1693 vel
592 1649 720 1694 etiam
743 1649 858 1703 ruri,
885 1663 935 1692 ex
956 1648 1167 1693 sententia
1188 1663 1311 1708 posse
1339 1647 1516 1707 degere,
1551 1648 1658 1708 quid
1682 1658 1748 1693 te-

364 1737 465 1766 cum
482 1735 621 1778 agam,
644 1719 703 1763 mi
724 1719 923 1775 Nebridi,
946 1734 1118 1778 prorsus
1140 1719 1329 1763 incertus
1343 1734 1454 1763 sum.
1475 1719 1674 1764 Mittatur
1694 1735 1749 1765 ne

364 1793 419 1836 ad
437 1800 478 1835 te
496 1788 944 1836 accommodissimum
966 1789 1045 1834 tibi
1061 1790 1336 1834 vehiculum?
1353 1805 1452 1834 nam
1473 1790 1670 1834 basterna
1685 1792 1749 1850 (4)

363 1863 536 1907 innoxie
562 1871 605 1906 te
633 1861 732 1906 vehi
765 1875 890 1920 posse
926 1870 1073 1905 noster
1108 1861 1372 1905 Lucinianus
1400 1870 1551 1905 auctor
1576 1870 1651 1906 est.
1690 1864 1760 1907 At*

362 1941 543 1976 matrem
566 1931 710 1989 cogito
727 1965 737 1985 ,
763 1939 812 1974 ut
833 1945 932 1988 quae
954 1929 1195 1974 absentiam
1214 1931 1304 1974 sani
1327 1946 1416 1974 non
1445 1929 1633 1986 ferebat,
1665 1931 1747 1975 im-

364 2001 504 2046 becilli
529 2001 667 2046 multo
683 2000 826 2044 minus
850 2014 939 2043 esse
960 1998 1162 2044 laturam.
1184 1999 1439 2043 Veniam-ne
1458 2000 1548 2058 ipse
1569 2000 1746 2059 adgvos?
1774 2028 1775 2034 =

360 2081 403 2118 at
425 2072 496 2116 hic
519 2080 621 2117 sunt
646 2070 723 2130 qui
744 2085 823 2114 nec
846 2069 992 2114 venire
1020 2084 1190 2113 mecum
1213 2078 1398 2129 queant,
1424 2078 1467 2113 et
1487 2085 1596 2130 quos
1618 2070 1743 2115 dese-

359 2160 453 2188 rere
474 2142 594 2187 nefas
616 2151 782 2202 putem.
809 2143 875 2184 Tu
897 2139 1014 2183 enim
1034 2149 1156 2199 potes
1187 2148 1229 2184 et
1261 2139 1377 2200 apud
1400 2149 1519 2185 tuam
1550 2148 1766 2186 mentem²

358 2216 546 2259 suaviter
580 2212 777 2257 habitare
813 2230 822 2256 ς
854 2211 884 2254 ii
914 2225 1016 2255 vero
1052 2219 1100 2254 ut
1132 2209 1248 2254 idem
1274 2210 1472 2269 possint,
1513 2212 1736 2270 satagitur.

357 2288 540 2329 Eam-ue
557 2284 710 2328 crebro
728 2291 770 2327 et
791 2282 979 2336 redeam,
1003 2289 1045 2324 et
1063 2296 1179 2325 nunc
1196 2289 1358 2336 tecum,
1385 2296 1502 2325 nunc
1519 2296 1616 2326 cum
1640 2283 1738 2342 ipsis

356 2356 468 2399 sim?
494 2364 538 2399 at
564 2355 647 2398 hoc
670 2368 813 2413 neque
835 2349 988 2405 simul,
1015 2365 1157 2410 neque
1180 2366 1231 2394 ex
1257 2351 1469 2396 sententia
1490 2352 1634 2397 vivere
1656 2361 1734 2400 est.

403 2481 409 2496 ¹
432 2474 512 2506 Alias
530 2483 694 2515 cxv1.quae
711 2475 818 2504 autem
837 2481 854 2501 x
874 2473 954 2508 erat,
966 2479 1048 2501 nunc
1067 2470 1321 2512 mxu—Scripta
1338 2470 1514 2512 paulopost
1527 2471 1732 2513 posteriorem
1788 2484 1790 2486 ·

355 2530 452 2572 Epist.
