1790 3187
318 230 371 258 m:
404 229 594 257 mvnnsrs
627 230 784 266 QrAEST.
822 231 970 259 oc'roc.
1005 232 1168 259 Turnus.
1383 223 1437 261 35

53 300 98 343 in
128 304 341 358 quantum
367 295 507 340 solum
535 295 710 350 vivunt,
747 296 847 354 quia
879 295 950 340 ille
980 312 1148 341 summe
1175 307 1218 341 et
1241 298 1440 356 primitus

52 368 155 413 vivit
176 385 185 412 :
211 366 305 411 aliae
326 366 371 410 in
394 374 610 426 quantum
632 374 757 420 sunt,
779 366 880 426 quia
900 366 973 410 ille
989 381 1157 410 summe
1174 378 1218 411 et
1238 368 1439 427 primitus

51 447 128 484 est.
159 441 215 483 Et
235 437 334 483 ideo
358 453 458 498 quae
485 436 793 482 tantummodo
827 446 956 494 sunt,
992 452 1073 482 nec
1101 446 1248 482 tamen
1281 439 1437 484 vivunt

49 518 125 554 aut
144 510 340 571 sapiunt,
366 524 455 553 non
478 506 669 568 perfecte
685 542 696 563 ,
717 507 793 552 sed
814 508 970 567 exigue
986 518 1089 553 sunt
1107 508 1163 552 ad
1185 509 1436 554 similitudi-

49 595 149 625 nem
170 581 286 641 ejus;
311 580 414 640 quia
435 589 479 624 et
509 579 600 638 ipsa
623 579 737 623 bona
759 589 861 623 sunt
882 580 928 623 in
949 580 1102 624 ordine
1123 595 1203 625 suo
1218 615 1229 635 ,
1260 596 1362 625 cum
1387 583 1440 627 sit

48 650 121 696 ille
151 666 280 711 super
309 651 453 696 omnia
484 651 652 705 bonus,
681 666 704 694 a
736 666 825 711 quo
854 651 999 696 omnia
1028 652 1145 696 bona
1174 651 1437 711 procedunt.

48 723 205 768 Omnia
217 715 321 768 vero
338 738 438 783 quae
455 723 607 766 vivunt
619 730 663 766 et
680 737 770 767 non
787 722 976 782 sapiunt,
994 722 1125 782 paulo
1144 723 1328 783 amplius
1345 740 1441 784 par-

49 793 230 854 ticipant
251 793 594 838 similitudinem.
620 793 751 846 Quod
779 793 895 837 enim
917 793 1047 849 vivit,
1076 794 1206 838 etiam
1225 804 1288 838 est
1310 813 1318 839 :
1351 810 1441 839 non

49 874 194 910 autem
215 865 435 925 quidquid
456 873 519 908 est
534 899 546 919 ‚
567 864 698 908 etiam
720 864 839 908 vivit.
863 866 961 908 Jam
982 879 1115 924 porro
1133 881 1232 924 quae
1250 865 1442 924 sapiunt,

47 938 106 981 ita
134 935 198 980 illi
216 935 503 980 similitudine
527 944 630 980 sunt
650 935 870 995 proxima,
891 944 943 979 ut
962 936 1005 980 in
1028 936 1237 980 creaturis
1263 936 1375 980 nihil
1393 937 1448 981 sit

48 1007 349 1068 propinquius.
382 1006 513 1060 Quod
540 1007 654 1050 enim
681 1006 914 1066 participat
937 1006 1161 1066 sapientiae
1177 1042 1187 1062 ‚
1213 1017 1256 1052 et
1276 1007 1384 1052 vivit
1405 1017 1448 1052 et

46 1087 109 1123 est
134 1097 143 1124 :
167 1079 287 1139 quod
306 1087 451 1123 autem
471 1079 606 1134 vivit,
628 1094 804 1123 necesse
821 1088 886 1123 est
913 1087 963 1122 ut
979 1079 1033 1122 sit
1048 1114 1059 1134 ‚
1080 1094 1170 1123 non
1189 1094 1362 1124 neccsse
1385 1088 1450 1124 cst

46 1159 95 1194 ut
115 1149 266 1209 sapiat.
288 1152 433 1203 Quare
455 1164 555 1194 cum
574 1150 706 1194 homo
722 1150 857 1209 possit
876 1150 1091 1210 particeps
1114 1166 1204 1194 esse
1225 1151 1448 1211 sapientiae

45 1221 286 1265 secundum
309 1220 562 1265 interiorem
585 1221 835 1274 hominem,
862 1222 1104 1265 secundum
1128 1222 1274 1280 ipsum
1304 1222 1363 1266 ita
1385 1230 1449 1265 est

44 1292 100 1336 ad
129 1291 386 1350 imaginem,
424 1290 621 1336 utnulla
655 1300 812 1335 natura
842 1292 1098 1351 interposita
1125 1291 1372 1349 formetur3
1405 1301 1449 1336 et

43 1361 141 1407 ideo
162 1362 272 1406 nihil
288 1363 342 1407 sit
366 1365 455 1407 Deo
476 1362 770 1422 conjunctius
797 1365 853 1405 Et
870 1363 982 1421 sapit
1000 1363 1143 1417 enim,
1172 1371 1216 1406 et
1244 1362 1376 1418 vivit,
1402 1371 1446 1407 et

42 1442 135 1478 est:
161 1449 244 1493 qua
269 1442 466 1477 creatura
488 1433 600 1476 nihil
621 1442 686 1476 est
713 1432 881 1476 melius

98 1505 143 1548 3⁰
175 1503 306 1557 Quod
328 1504 362 1548 si
382 1504 567 1548 exterior
590 1504 724 1548 homo
750 1504 839 1548 vita
874 1503 948 1548 illa
973 1504 1211 1563 accipitur,
1240 1520 1329 1564 qua
1363 1521 1440 1564 per

41 1590 198 1635 corpus
225 1576 432 1620 sentimus
459 1576 654 1636 quinque
676 1576 910 1620 notissimis
941 1576 1162 1631 sensibus,
1198 1592 1308 1637 quos
1337 1594 1435 1622 cum

40 1647 271 1707 pecoribus
296 1648 508 1691 habemus
534 1649 815 1691 communes1
852 1665 860 1690 z
895 1662 996 1690 nam
1031 1655 1073 1691 et
1103 1647 1194 1706 ipsa
1227 1647 1437 1692 molestiis

41 1717 315 1762 sensibilibus
335 1753 345 1773 ,
370 1734 469 1778 quae
491 1717 866 1777 persecutionibus
888 1717 1150 1775 ingeruntur
1166 1752 1177 1772 ‚
1213 1719 1435 1777 corrumpi

40 1798 182 1848 potest
203 1807 212 1834 :
234 1805 322 1833 non
345 1790 562 1832 immerito
584 1798 627 1833 et
645 1789 724 1833 iste
741 1788 874 1832 homo
896 1788 1110 1847 particeps
1133 1787 1294 1832 dicitur
1314 1789 1434 1833 simi-

39 1858 235 1904 litudinis
258 1861 360 1918 Dei3
382 1875 471 1904 non
488 1859 629 1904 solum
648 1860 749 1919 quia
767 1859 895 1913 vivit,
921 1859 1043 1918 quod
1071 1860 1201 1903 etiam
1223 1860 1269 1903 in
1290 1861 1433 1905 bestiis

40 1939 239 1990 apparet3
263 1929 336 1973 sed
359 1929 544 1988 amplius
573 1929 694 1988 quod
713 1928 768 1973 ad
790 1938 983 1973 mentem
1005 1930 1274 1974 convertitur
1296 1946 1341 1974 sc
1362 1946 1431 1974 re-

40 2009 213 2060 gentem
231 2035 240 2056 ,
266 2015 398 2061 quam
416 2000 606 2044 illustrat
622 2000 829 2059 sapientia
848 2035 858 2054 ,
879 2000 1000 2059 quod
1019 2000 1063 2043 in
1081 2000 1228 2045 bestiis
1248 2017 1337 2046 non
1359 2017 1434 2061 po-

38 2079 121 2116 test
141 2071 306 2116 ratione
323 2070 585 2115 carentibus.
608 2072 778 2130 Corpus
796 2085 974 2130 quoque
1004 2071 1193 2115 hominis
1210 2107 1220 2127 ‚
1241 2072 1343 2132 quia
1362 2087 1431 2117 so-

38 2142 127 2186 lum
149 2143 264 2187 inter
289 2142 543 2187 animalium
574 2152 848 2186 terrenorum
877 2157 1082 2202 corpora,
1114 2158 1203 2187 non
1237 2159 1428 2203 pronum

37 2212 83 2257 iu
104 2212 250 2258 alvum
272 2222 535 2273 prostratum
555 2222 645 2268 est,
669 2228 770 2257 cum
793 2213 847 2257 sit
871 2212 1037 2257 visibile
1051 2248 1062 2267 ,
1083 2213 1156 2257 sed
1183 2213 1236 2258 ad
1256 2215 1428 2258 intuen-

38 2284 142 2329 dum
172 2284 334 2330 coelum
364 2293 580 2339 erectum,
613 2284 735 2345 quod
771 2293 834 2328 est
866 2283 1130 2343 principium
1165 2285 1424 2344 visibilium3

37 2371 285 2416 quanquam
305 2371 393 2400 non
412 2371 487 2400 sua
504 2391 515 2411 ,
541 2354 616 2400 sed
640 2356 796 2400 animae
820 2355 1050 2415 praesentia
1073 2355 1217 2400 vivere
1238 2371 1423 2415 cognos-

37 2435 158 2473 catur
187 2447 196 2472 :
233 2436 378 2472 tamen
408 2442 497 2471 non
525 2426 658 2471 modo
686 2426 788 2486 quia
823 2436 913 2482 est,
939 2435 981 2470 et
1013 2426 1059 2470 in
1091 2436 1307 2486 quantum
1330 2437 1421 2484 est,

0 2494 188 2558 utique
204 2497 372 2543 bonum
389 2507 476 2556 est·
496 2497 572 2542 sed
585 2498 714 2541 etiarn
734 2498 835 2558 quia
861 2497 946 2541 tale
969 2506 1059 2553 est,
1078 2506 1128 2542 ut
1156 2497 1211 2543 ad
1228 2508 1426 2544 contem-

85 2584 186 2616 ‘Vide
207 2584 262 2616 lib.
281 2585 364 2617 xide
384 2584 495 2616 Trinit.
519 2594 638 2626 cap-1

1197 2643 1233 2678 3.

0 2969 125 3187 ῑ
