1790 3187
586 259 785 291 1:1³1s‘roLA
817 262 943 292 x1.111.
1379 250 1462 290 437

72 331 156 375 bus
177 344 304 374 causa
326 337 473 389 posset
494 328 670 387 agitari,
695 337 745 372 ut
767 327 801 372 si
823 328 936 373 male
953 326 1167 389 judicasse
1187 327 1372 372 convicti
1393 343 1463 373 es·-

71 411 189 456 sent,
215 417 362 445 eorum
387 400 614 445 sententiae
631 399 917 445 solverentur.
947 399 1072 453 Quod
1090 408 1238 443 utrum
1262 398 1461 455 fecerint,

71 472 259 532 probent
280 491 289 517 z
315 487 393 516 nos
408 471 523 515 enim
537 487 625 514 non
643 470 806 514 factum
822 486 911 515 esse
926 470 1053 516 facile
1067 470 1325 530 probamus,
1347 484 1399 514 ex
1412 486 1464 515 eo

69 543 190 603 quod
212 552 327 587 totus
347 542 462 586 orbis
487 557 576 586 non
601 543 660 585 eis
679 542 974 586 communicat
999 561 1007 586 :
1041 550 1117 585 aut
1138 541 1171 585 si
1191 539 1354 585 factum
1380 549 1461 597 est,

70 615 199 659 etiam
215 614 275 658 ibi
290 624 391 658 sunt
405 615 505 658 victi
521 635 532 672 3
550 615 667 674 quod
682 615 772 674 ipsa
791 629 941 659 eorum
960 615 1174 673 separatio
1196 612 1462 657 manifestat.

130 686 229 729 XX.
269 685 352 730 Sed
378 694 521 729 tamen
543 685 650 746 quid
673 695 820 745 postea
849 684 1059 740 fecerint,
1085 685 1361 745 Imperatoris
1390 682 1466 728 lit-

68 755 171 800 teris
201 755 562 800 sussicicntissime
588 756 847 801 ostenditur.
884 756 1060 801 ,ludices
1092 756 1209 799 enim
1244 754 1468 800 ecclesias-

70 827 177 872 ticos
212 837 347 872 tantae
384 829 651 873 auctoritatis
693 829 916 888 episcopos
935 863 946 883 ‚
989 843 1178 888 quorum
1216 826 1384 887 judicio
1423 834 1468 871 et

70 898 292 944 Caeciliani
314 900 564 944 innocentia
588 909 630 944 et
660 915 812 944 eorum
839 899 1094 959 improbitas
1126 898 1342 942 declarata
1374 906 1465 953 est,

72 984 162 1013 non
185 969 302 1029 apud
327 971 430 1013 alios
455 971 640 1027 collegas
656 1004 666 1024 ,
692 969 767 1013 sed
792 971 909 1028 apud
933 972 1242 1028 Imperatorem
1267 982 1469 1012 accusare

71 1041 160 1084 ausi
184 1050 285 1085 sunt
306 1076 316 1095 ,
344 1040 464 1101 quod
497 1040 608 1084 male
625 1040 879 1100 judicarint.
908 1039 1036 1083 Dedit
1064 1038 1137 1082 ille
1169 1038 1288 1082 aliud
1315 1039 1468 1083 Arela-

70 1121 191 1157 tense
222 1113 446 1157 Judicium
465 1148 475 1167 ,
507 1112 692 1157 aliorum
715 1113 877 1157 scilieet
898 1111 1199 1171 episcoporum
1219 1132 1231 1168 3
1255 1127 1343 1155 non
1367 1111 1470 1170 quia

67 1186 155 1244 jam
179 1200 351 1229 necesse
369 1194 476 1239 erat,
495 1184 570 1228 sed
584 1200 733 1228 eorum
756 1183 1107 1243 perversitatibus
1125 1183 1299 1238 cedens,
1317 1191 1359 1226 et
1373 1197 1470 1226 om-

70 1255 252 1299 nimodo
284 1255 465 1315 cupiens
506 1264 670 1298 tantam
709 1254 1026 1313 impudentiam
1065 1254 1286 1298 cohibere.
1317 1256 1472 1313 Neque

70 1326 186 1371 enim
212 1343 341 1372 ausus
363 1337 428 1371 est
459 1327 731 1372 Christianus
759 1329 1002 1387 Imperator
1032 1327 1091 1371 sic
1113 1341 1266 1370 eorum
1301 1326 1472 1370 tumul-

71 1406 217 1443 tuosas
239 1408 282 1443 et
305 1397 480 1443 fallaces
497 1398 696 1458 querales
717 1399 933 1458 suscipere
947 1433 957 1452 ‚
984 1407 1033 1442 ut
1052 1397 1286 1458 dejudicio
1308 1397 1470 1457 episco-

69 1485 226 1530 porum
244 1506 255 1525 ‚
281 1471 357 1532 qui
379 1473 532 1515 Romae
559 1470 761 1514 sederant
781 1471 872 1530 ipse
889 1469 1134 1530 judicaret,
1162 1467 1238 1514 sed
1262 1468 1368 1513 alios
1384 1504 1395 1524 ,
1422 1477 1472 1513 ut

71 1540 187 1597 dixi,
210 1543 434 1602 episcopos
453 1541 575 1586 dedit
601 1561 610 1587 z
634 1557 657 1585 a
681 1541 843 1602 quibus
861 1551 1007 1585 tamen
1034 1540 1098 1584 illi
1120 1541 1173 1584 ad
1202 1542 1344 1600 ipsum
1370 1556 1471 1584 rur-

13 1651 15 1660 i
70 1627 164 1657 sum
198 1615 511 1672 Imperatorem
541 1627 777 1671 provocare
807 1611 1059 1655 maluerunt
1089 1630 1098 1656 ι
1123 1627 1209 1672 qua
1232 1615 1276 1656 in
1306 1627 1352 1655 re
1373 1610 1471 1656 illos

71 1684 446 1743 quemadmodum
473 1683 735 1737 detestetur,
771 1682 964 1726 audistis.
1002 1686 1148 1741 Atque
1180 1682 1350 1725 utinam
1387 1681 1472 1725 sal-

71 1764 156 1799 tem
171 1756 303 1814 ipsius
315 1756 482 1815 judicio
495 1755 774 1799 insanissimis
790 1754 1137 1798 animositatibus
1153 1754 1239 1798 suis
1252 1754 1381 1797 finem
1398 1770 1470 1813 po-

68 1826 281 1881 suissent,
316 1836 448 1886 atque
478 1835 527 1870 ut
557 1825 616 1870 eis
646 1825 736 1884 ipse
768 1827 919 1879 cessit,
945 1834 995 1868 ut
1026 1825 1078 1868 de
1111 1823 1184 1868 illa
1215 1840 1342 1869 eausa
1373 1835 1471 1885 post

71 1897 296 1957 episcopos
319 1895 559 1957 judicaret,
597 1913 618 1942 a
652 1897 810 1940 sanctis
838 1896 1105 1940 antistitibus
1128 1906 1276 1955 postea
1298 1898 1472 1941 veniam

71 1969 305 2028 petiturus,
324 1968 430 2012 dum
444 1967 659 2012 tamenilli
676 1967 796 2028 quod
815 1966 995 2012 ulterius
1009 1967 1219 2022 dicerent,
1239 1984 1327 2012 non
1340 1969 1472 2012 habe·

73 2050 184 2095 rent,
200 2041 231 2085 si
245 2042 279 2102 ej
290 2041 571 2085 ussententiae
581 2056 668 2084 non
682 2041 1052 2098 obtemperarent,
1067 2038 1121 2083 ad
1135 2054 1265 2099 quem
1283 2041 1359 2099 ipsi
1375 2055 1472 2099 pro-

71 2121 362 2167 vocaverunt,
393 2112 450 2156 sic
473 2120 515 2155 et
544 2110 606 2155 illi
629 2109 867 2170 aliquando
890 2110 1093 2154 cederent
1119 2110 1305 2154 veritati.
1337 2111 1472 2155 Jussit

73 2183 188 2226 enim
210 2182 284 2226 ille
307 2192 355 2226 ut
373 2183 411 2225 ei
434 2192 575 2241 partes
597 2182 650 2225 ad
669 2181 879 2239 agendam
903 2196 1077 2225 causam
1107 2183 1294 2225 Romam
1317 2196 1472 2225 occur-

72 2263 232 2298 rerent.
253 2257 352 2308 Quo
367 2269 467 2298 eum
483 2253 741 2298 Caecilianus
759 2252 903 2296 nescio
916 2268 1001 2312 qua
1019 2267 1146 2296 causa
1160 2267 1248 2296 non
1261 2252 1474 2297 occurris-

71 2334 152 2381 set,
170 2324 470 2385 interpellatus
486 2325 541 2369 ab
556 2327 614 2370 eis
634 2325 840 2385 praecepit
852 2335 900 2369 ut
917 2323 1214 2369 Mediolanum
1233 2340 1472 2386 sequeren-

74 2407 159 2442 tur.
175 2400 298 2442 Tunc
311 2413 356 2441 se
369 2396 503 2457 aliqui
517 2413 665 2442 eorum
678 2398 935 2442 subtrahere
949 2405 1197 2455 coeperunt,
1215 2395 1395 2441 fortasse
1409 2397 1471 2441 in-

74 2468 258 2527 dignati,
278 2468 377 2529 quia
393 2485 479 2512 non
497 2479 560 2512 est
575 2484 646 2512 eos
664 2469 851 2513 imitatus
866 2469 1195 2522 Constantinus,
1211 2477 1258 2512 ut
1271 2469 1358 2528 jam
1380 2477 1470 2512 sta-

21 2553 22 2556 ’
74 2539 151 2583 tim
164 2550 294 2600 atque
309 2540 514 2585 velociter
528 2540 809 2585 Caecilianum
829 2538 1056 2582 damnaret
1076 2539 1312 2583 absentem.
1339 2539 1471 2592 Quod

77 2611 154 2655 ubi
174 2613 382 2670 cognovit
403 2611 609 2671 providus
630 2615 885 2670 Imperator,
917 2610 1107 2670 reliquos
1128 2612 1182 2654 ab
1209 2610 1467 2655 officialibus
