1790 3187
358 215 440 254 464
790 232 822 257 s.
858 228 1085 256 Aucusnm
1118 231 1293 258 muscum

356 306 581 350 usurpare,
603 301 651 335 ut
672 301 872 351 appareat
887 308 962 337 nos
979 293 1136 353 pietate
1152 295 1230 338 ista
1251 293 1468 338 destruere
1484 329 1495 348 ,
1511 309 1599 339 non
1617 311 1717 340 ava-

354 362 463 405 ritia.
482 363 591 407 Cum
610 378 709 407 vero
736 363 779 406 in
802 379 903 408 usus
930 380 1202 420 communes,
1235 381 1321 410 non
1347 365 1538 425 proprios
1560 382 1608 410 ac
1629 367 1718 425 pri-

352 441 472 477 vatos
489 468 499 487 ,
525 433 593 477 vel
616 434 660 476 in
682 434 889 478 honorem
906 436 981 479 Dei
1001 436 1089 480 veri
1111 445 1438 491 convertuntur,
1465 437 1545 480 hoc
1568 436 1621 480 de
1638 435 1720 480 illis

352 504 400 548 fit
416 506 532 564 quod
556 504 722 563 deipsis
745 506 1015 563 hominibus,
1037 523 1135 552 cum
1158 524 1209 552 ex
1227 508 1438 566 sacrilegis
1461 517 1502 552 et
1518 508 1658 567 impiis
1675 509 1720 551 in

349 590 492 619 veram
510 575 757 634 religionem
772 586 1008 622 mutantur.
1028 581 1120 623 Hoc
1135 582 1245 623 Deus
1260 578 1512 637 intelligitur
1527 579 1720 622 docuisse

351 644 431 688 illis
457 646 709 690 testimoniis
726 663 824 706 quae
843 648 931 707 ipse
947 649 1145 708 posuisti,
1167 665 1264 693 cum
1283 648 1336 692 de
1357 649 1455 693 luco
1482 647 1720 692 alienorum

350 714 527 760 deorum
545 717 671 776 jussit
689 716 830 776 ligna1
856 719 909 762 ad
934 719 1235 764 holocaustum
1254 718 1449 763 adhiberi
1473 735 1484 762 .·
1509 728 1550 762 et
1573 718 1626 761 de
1643 720 1718 761 Je-

349 786 490 843 richo,
516 798 564 831 ut
582 803 710 832 omne
733 804 908 845 aurum,
934 801 1186 849 argentum,
1213 800 1257 835 et
1283 799 1562 834 aeramentum
1586 788 1719 833 infer-

349 867 465 901 retur
486 859 530 902 in
549 859 769 904 thesauros
788 861 958 904 Domini
972 863 1003 904 ².
1031 864 1302 921 Quapropter
1323 861 1448 904 etiam
1473 859 1581 903 illud
1601 858 1720 919 quod

351 929 394 973 in
412 932 746 975 Deuteronomio
765 933 971 991 scriptum
989 942 1052 976 est
1077 952 1086 977 ε
1117 952 1137 974 α
1161 935 1254 977 Non
1275 932 1549 991 concupisces
1565 945 1718 989 argen-

349 1018 369 1041 υ
396 1009 489 1044 tum
505 1001 570 1045 vel
591 1018 744 1046 aurum
764 1003 935 1048 illorum
951 1039 962 1058 ,
982 1019 1061 1048 nec
1083 1005 1262 1064 accipies
1279 1003 1378 1047 inde
1404 1003 1502 1055 tibi,
1523 1018 1577 1046 ne
1599 1017 1719 1045 exce-

352 1088 371 1111 »
398 1070 473 1114 das
491 1081 666 1130 propter
681 1072 790 1116 illud
808 1092 816 1118 :
837 1074 1041 1133 quoniam
1065 1074 1326 1119 abominatio
1345 1083 1407 1117 est
1425 1073 1607 1117 Domino
1631 1075 1718 1116 Deo

353 1158 373 1182 »
397 1149 473 1185 tuo
495 1151 537 1185 et
560 1157 648 1186 non
676 1142 870 1187 conferes
893 1153 1238 1188 execramentum
1253 1144 1296 1186 in
1316 1143 1493 1187 domum
1515 1152 1632 1186 tuam
1647 1177 1657 1195 ,
1678 1151 1720 1186 et

349 1231 369 1253 n
396 1213 476 1257 eris
496 1214 739 1268 anathema,
759 1214 869 1259 sicut
886 1225 927 1258 et
949 1214 1057 1259 illud
1080 1225 1156 1270 est,
1182 1225 1224 1259 et
1246 1214 1483 1259 offensione
1504 1213 1714 1267 offendes,

350 1301 368 1323 »
394 1292 437 1327 et
459 1284 812 1344 coinquinatione
838 1286 1132 1345 inquinaberis
1155 1285 1473 1329 abominatione
1495 1283 1566 1327 illa
1585 1319 1595 1339 ,
1618 1284 1718 1344 quia

349 1370 368 1392 n
395 1355 622 1398 anathema
648 1357 738 1399 est³
761 1374 770 1399 2
794 1373 814 1397 »
845 1356 943 1400 satis
965 1366 1142 1416 apparet
1175 1366 1249 1401 aut
1278 1356 1389 1415 ipsos
1414 1355 1596 1415 privatos
1618 1370 1718 1398 usus
1773 1407 1776 1418 Ι

346 1424 389 1468 in
419 1425 576 1470 talibus
599 1442 688 1471 esse
715 1428 978 1486 prohibitos,
1010 1439 1084 1473 aut
1107 1444 1160 1472 ne
1194 1428 1253 1472 sic
1285 1427 1384 1471 inde
1413 1425 1574 1486 aliquid
1604 1424 1716 1469 infe-

345 1504 465 1539 ratur
486 1496 528 1539 in
554 1496 733 1540 domum
757 1507 807 1541 ut
827 1499 1091 1556 honoretur,
1116 1508 1219 1543 tunc
1236 1507 1298 1542 est
1320 1498 1432 1541 enim
1457 1496 1717 1541 abominatio

345 1574 387 1609 et
405 1567 640 1623 execratio,
663 1582 748 1611 non
767 1583 865 1611 curn
885 1568 1036 1612 talium
1054 1568 1281 1627 sacrilegus
1299 1568 1438 1612 honor
1455 1567 1714 1627 apertissima

342 1634 635 1680 destructione
654 1638 934 1681 subvertitur.
1284 1684 1285 1687 Ἴ

401 1709 475 1750 IV.
490 1711 550 1751 De
562 1708 667 1751 escis
683 1718 824 1752 autem
841 1708 1053 1752 idolorum
1065 1709 1173 1753 nihil
1186 1708 1454 1767 ampliusnos
1469 1708 1626 1752 debere
1641 1707 1714 1751 ol)-

342 1793 524 1831 servare,
538 1795 667 1837 quam
682 1781 800 1839 quod
812 1781 1013 1838 praecepit
1024 1780 1268 1838 Apostolus,
1281 1790 1420 1823 certus
1430 1789 1533 1823 esto.
1548 1781 1601 1822 Et
1617 1778 1714 1822 ideo
1762 1810 1765 1819 .

343 1847 397 1891 de
410 1849 490 1892 hac
505 1864 548 1892 re
559 1849 689 1893 verba
708 1851 798 1909 ejus
815 1850 967 1904 recole,
986 1866 1084 1910 quae
1107 1850 1139 1894 si
1153 1850 1334 1894 obscura
1348 1858 1508 1903 essent,
1529 1864 1602 1907 pro
1622 1864 1716 1891 mo-

343 1918 447 1963 dulo
465 1930 610 1964 nostro
632 1936 958 1979 exponeremus.
991 1923 1087 1965 Non
1113 1929 1255 1964 autem
1281 1930 1443 1979 peccat,
1472 1920 1545 1979 qui
1569 1918 1714 1963 cibum

342 2000 488 2049 postea
503 1992 692 2035 nesciens
712 1992 1049 2045 manducaverit,
1071 2007 1198 2052 quem
1219 1995 1337 2050 prius
1356 2001 1559 2048 tanquam
1575 1989 1715 2033 idolo-

342 2060 517 2118 thytum
541 2061 716 2120 respuit.
736 2061 842 2105 Olus
857 2062 924 2104 vel
940 2061 1121 2120 quilibet
1141 2060 1306 2105 fructus
1331 2061 1375 2103 in
1402 2059 1598 2119 quolibet
1614 2074 1714 2117 agro

342 2139 482 2184 natus,
499 2132 587 2190 ejus
604 2140 666 2175 est
679 2132 752 2191 qui
765 2132 924 2175 creavit
939 2166 949 2186 ,
972 2132 1071 2190 quia
1089 2151 1108 2172 «
1126 2131 1295 2174 Domini
1315 2139 1377 2174 est
1394 2138 1504 2173 terra
1523 2139 1564 2173 et
1581 2128 1714 2188 pleni-

344 2220 363 2242 »
391 2201 499 2255 tudo
521 2202 632 2261 ejus,
670 2211 713 2245 et
740 2202 877 2246 omnis
899 2211 1092 2246 creatura
1118 2201 1191 2244 Dei
1225 2201 1336 2245 bona
1371 2210 1434 2244 est
1448 2201 1478 2244 4.
1508 2219 1526 2241 n
1566 2198 1647 2244 Sed
1679 2199 1713 2242 si

340 2269 466 2325 illud,
486 2271 604 2332 quod
619 2272 662 2315 in
680 2273 789 2331 agris
806 2272 1011 2326 nascitur,
1034 2280 1308 2316 consecratur
1329 2270 1462 2324 idolo,
1489 2268 1557 2313 vel
1580 2269 1712 2312 sacri·
1748 2319 1751 2340 ἶ

342 2341 509 2394 fleatur,
529 2351 633 2385 tunc
650 2343 762 2385 inter
783 2342 1023 2399 idolothyta
1043 2340 1341 2400 deputandum
1359 2349 1434 2384 est.
1457 2339 1709 2385 Cavendum

343 2420 404 2455 est
427 2412 563 2463 enim,
589 2428 642 2456 ne
663 2413 694 2456 si
719 2413 1008 2471 putaverimus
1031 2427 1116 2456 non
1146 2410 1403 2456 vescendum
1435 2414 1564 2465 olere,
1591 2408 1709 2468 quod

393 2520 401 2534 ¹
421 2514 522 2547 Judic.
544 2525 609 2554 xix,
640 2515 693 2546 23.
710 2533 752 2537 —
767 2523 778 2537 1¹
802 2515 968 2555 Josue,v1,
1001 2512 1140 2556 19.——3
1162 2517 1254 2546 Deut.
1288 2525 1341 2553 vn,
1362 2513 1416 2545 25.
1442 2529 1480 2535 --
1498 2512 1513 2541 4
1538 2512 1619 2544 Beda
1639 2511 1711 2543 vul-

349 2573 447 2609 gatus,
475 2581 484 2600 1
507 2572 577 2602 Cor.
602 2581 630 2602 x.
663 2570 741 2602 Psal.
762 2582 847 2609 xxm,
874 2583 899 2602 ι.
934 2582 943 2601 1
966 2570 1044 2602 Tim.
1064 2581 1109 2612 lv,
1128 2569 1158 2611 4.

1779 1053 1785 1168 Ι
