1790 3187
568 231 766 258 Ens'rom
800 232 906 259 xxx.
1347 219 1430 258 355

104 299 159 340 ΙΙ.
185 314 204 338 «
230 295 312 341 Sed
346 304 411 351 tu,
439 294 569 341 frater
589 296 820 356 spiritualis
842 297 986 341 omnia
1000 295 1216 356 judicans,
1240 311 1432 340 amorem

43 365 89 410 in
117 375 161 410 te
182 375 378 411 nostrum
401 383 456 411 ne
482 367 645 427 pendas
667 368 814 412 ossicio
831 367 938 422 solo,
957 376 1033 412 aut
1056 377 1248 427 tempore
1269 366 1435 411 littera-

42 451 155 480 rum.
183 438 393 482 Dominus
416 439 532 482 enim
559 438 677 482 testis
694 447 773 493 est,
798 439 874 498 qui
894 455 1007 483 unus
1039 447 1170 499 atque
1192 438 1307 482 idem
1328 453 1434 497 ope-

43 517 163 552 ratur
183 509 229 552 in
257 510 343 554 suis
372 510 537 570 ubique
558 510 812 554 charitatem
832 512 1074 571 suam,jam
1096 510 1256 555 abinde
1289 510 1431 565 nobis,

42 594 92 624 ex
124 596 213 640 quo
238 589 281 624 te
312 581 524 626 beneficio
546 581 860 627 venerabilium
882 583 1184 642 episcoporum
1208 582 1370 627 Aurelii
1393 589 1436 625 et

43 648 202 709 Alypii,
224 666 301 709 per
318 660 393 696 tua
414 652 458 696 in
480 653 745 697 Manichaeos
766 667 897 711 opera
924 654 1224 711 cognovimus,
1241 652 1300 697 ita
1323 651 1437 696 indi-

41 730 129 766 tam
152 721 429 767 dilectionem
455 733 591 780 tuam,
613 734 662 770 ut
685 726 811 770 nobis
841 741 929 770 non
947 741 1105 770 novam
1126 724 1314 784 aliquam
1336 724 1440 768 ami-

43 793 187 838 citiam
226 809 420 851 sumere‚
453 796 527 840 sed
556 797 677 857 quasi
714 806 906 842 veterem
936 797 1191 842 charitatem
1221 811 1439 841 resumere

41 864 306 910 videremur.
342 867 540 928 Denique
569 884 688 913 nunc
712 869 791 912 etsi
821 883 1037 923 sermone,
1058 884 1147 912 non
1168 877 1315 912 tamen
1340 877 1439 910 tan-

42 951 173 996 quam
203 947 246 982 et
268 939 430 983 affectu
465 939 595 983 rudes
618 940 846 984 scribimus
873 958 882 983 :
910 948 1041 999 teque
1075 939 1259 982 vicissim
1285 937 1442 997 spiritu

42 1022 119 1067 per
139 1009 387 1054 interiorem
408 1011 647 1067 hominem,
663 1011 785 1071 quasi
801 1010 1165 1070 recognoscimus.
1179 1012 1267 1055 Nec
1282 1011 1443 1053 mirum

43 1078 77 1123 si
98 1087 140 1122 et
162 1079 363 1124 absentes
386 1081 594 1125 adsumus
617 1083 758 1136 nobis,
785 1091 827 1125 et
852 1082 990 1140 ignoti
1019 1091 1187 1125 nosmet
1206 1082 1407 1125 novimus
1428 1099 1437 1124 ε

43 1163 143 1194 cum
162 1151 289 1194 unius
316 1152 508 1211 corporis
535 1153 731 1196 membra
754 1152 886 1196 simus
903 1187 913 1205 ,
936 1168 1074 1195 unum
1103 1151 1343 1195 habeamus
1366 1168 1440 1195 ca-

41 1229 151 1280 put,
183 1236 269 1265 una
302 1221 616 1278 perfundamur
647 1223 781 1281 gratia
800 1258 810 1277 ,
841 1238 930 1266 uno
959 1238 1072 1281 pane
1097 1223 1316 1277 vivamus,
1354 1237 1440 1265 una

41 1291 293 1336 incedamus
310 1293 394 1347 via,
416 1293 567 1337 eadem
586 1293 833 1338 habitemus
857 1293 1003 1337 domo.
1026 1293 1221 1353 Denique
1244 1293 1288 1335 in
1306 1307 1435 1337 omne

41 1361 161 1422 quod
195 1378 359 1418 sumuS,
391 1373 482 1408 tota
518 1379 593 1423 spe
628 1380 675 1408 ac
699 1363 801 1418 fide,
831 1380 916 1423 qua
945 1374 1106 1407 stamus
1140 1365 1185 1406 in
1215 1364 1434 1422 prasenti,

37 1432 217 1477 nitimur
243 1434 289 1477 in
311 1434 530 1490 futurum,
554 1444 640 1479 tam
663 1435 707 1478 in
725 1436 896 1494 spiritu,
924 1450 1055 1495 quam
1078 1435 1122 1478 in
1141 1451 1322 1492 corpore
1347 1438 1431 1478 Do-

41 1504 147 1548 mini
164 1520 301 1549 unum
324 1521 489 1561 sumus,
511 1522 566 1551 ne
584 1507 717 1550 simus
740 1505 850 1550 nihil
867 1506 900 1549 si
930 1506 986 1549 ab
1007 1521 1096 1549 uno
1120 1506 1383 1549 excidamus.
1415 1524 1434 1546 »

101 1577 183 1619 III.
225 1595 240 1615 «
269 1577 543 1629 Quantulum
578 1593 681 1635 ergo
711 1587 797 1631 est,
833 1576 953 1636 quod
978 1577 1171 1619 absentia
1201 1575 1436 1635 corporalis

45 1644 169 1689 nobis
189 1645 356 1690 invidet
386 1648 522 1692 nostri
542 1683 552 1701 ,
577 1647 657 1691 nisi
680 1663 783 1691 sane
806 1646 1187 1701 tructum'istum,
1219 1663 1309 1706 quo
1334 1663 1431 1706 pas·

40 1724 201 1769 cuntur
236 1716 351 1760 oculi
399 1717 701 1776 temporalium
746 1727 1039 1776 expectatorcs
1079 1736 1086 1761 :
1126 1718 1324 1776 quamvis
1358 1733 1437 1762 nec

41 1787 274 1845 corporalis
304 1788 481 1847 quidem
516 1789 676 1847 gratia,
702 1787 952 1847 temporalis
981 1789 1026 1831 in
1059 1788 1324 1847 spiritalibus
1350 1788 1436 1832 dici

0 1853 2 1881 ³
44 1857 227 1912 debeat,
263 1859 424 1918 quibus
447 1860 575 1903 etiam
601 1875 833 1918 corporum
857 1860 1145 1902 aeternitatem
1178 1860 1436 1904 resurrectio

41 1927 270 1985 largietur,
296 1939 345 1973 ut
370 1929 580 1974 audemus
604 1931 648 1974 in
684 1932 844 1974 virtute
873 1930 1031 1975 Christi
1066 1940 1109 1974 et
1136 1930 1330 1974 bonitate
1358 1931 1435 1974 Dei

44 1999 159 2042 Patri
185 1998 255 2042 vel
278 1999 447 2058 indigni
473 2015 751 2058 praesumere.
780 2003 925 2053 Quare
958 2001 1126 2043 utinam
1149 2000 1233 2045 hoc
1256 2015 1435 2060 quoque

0 2058 2 2074 ²
43 2069 169 2114 'nobis
192 2085 352 2114 munus
373 2080 585 2114 annueret
607 2072 742 2129 gratia
761 2071 854 2126 Dei,
881 2087 956 2130 per
980 2071 1215 2115 Dominum
1237 2081 1436 2115 nostrum

0 2145 3 2155 '
46 2142 193 2185 Jesum
219 2142 459 2197 Christum,
483 2152 532 2186 ut
559 2142 689 2187 etiam
720 2143 764 2186 in
788 2158 918 2187 carne
941 2130 1099 2186 faciem
1121 2151 1242 2186 tuam
1263 2142 1437 2186 videre-

0 2217 3 2238 ³
47 2227 169 2258 mus:
201 2229 291 2258 non
323 2215 464 2259 solum
485 2214 706 2259 desideriis
738 2216 894 2260 nostris
923 2231 1131 2273 magnum
1164 2215 1438 2259 conferretur

0 2281 3 2307 ⁹
49 2283 252 2344 gaudium
279 2306 290 2343 3
321 2285 397 2330 sed
424 2287 553 2330 etiam
579 2287 800 2331 mentibus
828 2287 978 2330 lumen
1008 2295 1284 2340 accresceret,
1311 2297 1354 2331 et
1384 2303 1437 2331 ex

47 2362 119 2398 tua
142 2357 264 2414 copia
286 2355 628 2416 locupletaretur
655 2358 799 2416 inopia
830 2366 991 2402 nostra.
1024 2356 1154 2410 Quod
1191 2356 1369 2416 quidem
1394 2367 1437 2401 et

48 2425 299 2472 absentibus
334 2427 479 2486 largiri
508 2438 658 2488 potes,
691 2430 773 2473 hac
807 2430 1044 2488 praesertim
1075 2429 1316 2481 occasione,
1350 2444 1437 2488 qua

0 2539 2 2544 ,
47 2494 120 2540 filii
139 2499 272 2542 nostri
290 2499 515 2543 unanimes
534 2508 576 2543 et
596 2499 832 2544 charissimi
853 2499 976 2543 nobis
994 2501 1038 2542 in
1060 2500 1263 2553 Domino,
1281 2502 1438 2544 Roma-

51 2581 131 2611 nus
152 2576 196 2612 et
218 2568 369 2628 Agnis,
395 2585 505 2630 quos
531 2579 580 2613 ut
602 2585 680 2615 nos
703 2570 858 2614 alteros
887 2569 966 2613 tibi
987 2570 1363 2624 commendamus,
1398 2571 1438 2613 in

1159 2645 1222 2680 23,
