1790 3187
659 250 998 280 ANNOTAMONES.
1437 246 1522 285 539

131 315 216 360 tuit
234 315 458 364 Donatista
477 314 712 360 Gaudentii
731 316 1099 374 Thamugadensis
1115 316 1312 363 decessor
1329 334 1381 364 ex
1403 320 1482 366 lib.
1507 341 1522 366 1

131 394 283 430 contra
306 385 625 440 Gaudentium,
652 401 749 444 cap.
776 391 848 441 38,
879 387 998 431 unde
1024 388 1311 447 Augustinus,
1339 390 1384 434 in
1405 389 1466 435 lib
1489 411 1523 436 11

130 456 333 501 adversus
351 456 489 514 Epist.
518 459 717 500 Parmen.
744 472 838 516 cap.
867 465 909 512 2,
932 459 1129 503 Donastis
1151 460 1398 518 exprobrat,
1426 460 1523 521 Op-

131 535 285 570 tatam
323 524 671 570 Gz'lclom‘anam
695 524 1010 573 decennalem
1043 530 1185 573 totius
1214 528 1403 591 ,flfiicce
1436 547 1522 591 ge-

127 597 316 652 mitum,
340 596 529 654 (scilicet
552 597 605 640 ab
633 612 749 641 anno
772 602 855 641 388
878 599 933 642 ad
962 605 1074 657 3983
1109 615 1198 659 quo
1233 599 1288 645 de
1316 599 1523 646 satellitio

128 666 326 711 Gildonis
359 676 610 722 accusatus,
648 667 693 711 in
720 682 890 712 carcere
927 670 1144 714 extinctus
1171 678 1259 726 est,
1293 685 1344 715 ex
1374 670 1451 714 lib.
1490 690 1523 715 11

127 746 280 782 contra
297 737 481 782 Litteras
498 737 713 792 Petiliani,
735 753 831 798 cap
853 742 944 818 92),
965 749 1202 799 tanquam
1223 738 1524 786 sacerdotem

127 817 275 867 atque
296 808 537 872 collegam
565 807 884 867 honorantes,
919 828 968 857 ιη
995 827 1328 859 communione
1362 822 1525 861 tenue-

128 888 252 925 nent.

501 1040 759 1084 Annorum
789 1040 884 1098 (43)
914 1053 1015 1099 pag.
1052 1043 1153 1085 495.

186 1186 253 1230 Ita
272 1184 415 1230 visum
432 1192 496 1230 est
513 1187 696 1240 Irenaeo,
718 1186 798 1230 lib.
820 1204 881 1242 1v,
901 1202 998 1246 cap.
1026 1192 1079 1232 33
1097 1208 1108 1245 3
1136 1186 1420 1244 Tertulliano,
1440 1187 1518 1233 lib.

129 1264 280 1299 contra
303 1255 495 1311 Judaeos,
523 1271 618 1315 cap.
648 1265 727 1313 103
753 1259 996 1312 Lactantio,
1028 1257 1107 1303 lib.
1133 1278 1179 1304 1v
1201 1260 1395 1305 Institut.
1423 1275 1519 1320 cap.

129 1331 210 1383 263
241 1326 489 1383 Ambrosio,
510 1327 565 1370 de
588 1328 773 1384 mystico
794 1329 971 1384 Pascha,
998 1345 1093 1389 cap.
1124 1338 1162 1373 1.

500 1482 757 1524 Annorum
788 1482 883 1539 (44)
915 1495 1016 1540 pag.
1053 1486 1152 1526 500.

188 1640 295 1681 Lov.
322 1645 368 1681 et
388 1636 464 1682 sol
480 1636 685 1700 justitiae
707 1654 803 1683 non
828 1649 961 1684 ortus
988 1649 1072 1695 est,
1104 1648 1185 1684 etc.
1218 1640 1354 1685 Abest
1376 1649 1524 1686 autem

128 1724 212 1754 vox
221 1708 442 1770 justitiae,
462 1724 486 1752 a
502 1711 628 1754 MSS.
647 1718 691 1753 et
713 1710 1032 1770 antiquioribus
1050 1709 1330 1765 editionibus,
1352 1727 1524 1757 necnon

129 1795 153 1823 a
175 1794 314 1837 graeca
336 1779 533 1824 versione
562 1781 698 1823 LXX.
732 1796 864 1840 quam
894 1790 1139 1842 sequuntur
1167 1781 1423 1827 Ambrosius
1452 1782 1524 1828 vel

129 1851 325 1911 quisquis
360 1860 424 1895 est
456 1860 623 1906 auctor,
648 1866 776 1896 serm.
814 1871 865 1896 111
888 1862 931 1897 et
962 1872 1055 1908 X1v,
1097 1862 1139 1897 et
1161 1854 1409 1912 Gregorius,
1439 1853 1518 1898 lib.

130 1939 269 1966 xxxw
291 1921 448 1968 Moral.
473 1938 569 1983 cap.
594 1927 636 1978 6,
661 1931 745 1968 etc.
773 1925 832 1968 At
852 1923 1040 1982 Vulgata
1068 1923 1217 1980 habet,
1253 1922 1328 1969 sol
1348 1922 1522 1969 intelli-

127 1993 318 2054 gentioe.

530 2141 787 2186 ΑΝΝοΤΑΤιο
818 2141 912 2199 (45)
943 2155 1042 2200 pag.
1081 2146 1179 2186 506.

190 2285 270 2329 Hic
296 2284 425 2344 plane
455 2286 710 2345 exprimitur
731 2286 894 2347 duplex
923 2289 1048 2343 ratio,
1074 2298 1252 2347 propter
1274 2305 1406 2349 quam
1429 2289 1474 2334 id
1497 2306 1520 2335 a

131 2355 256 2400 nobis
277 2356 322 2399 in
349 2356 568 2400 Paschatis
592 2356 884 2401 celebratione
916 2368 1127 2413 servatur,
1155 2370 1205 2403 ut
1229 2360 1407 2404 Sabbati
1429 2359 1520 2405 dies

127 2427 242 2470 intel
263 2427 469 2486 passionis
502 2436 546 2471 et
582 2429 906 2473 resurrectionis
934 2430 1173 2474 Dominicae
1201 2431 1519 2475 solemnitatem

129 2496 299 2541 medius
320 2499 501 2542 veniat:
528 2514 614 2542 una
638 2499 828 2557 scilicet,
860 2499 980 2558 quod
1010 2500 1069 2544 sic
1102 2509 1246 2545 nostra
1269 2499 1476 2545 festivitas
1497 2517 1520 2545 a

131 2567 388 2614 Judaeorum
424 2568 658 2615 festivitate
696 2535 989 2629 distiiiguatur
1022 2590 1030 2616 :
1065 2571 1230 2628 altera,
1269 2571 1390 2632 quod
1430 2587 1519 2616 non
