1790 3187
405 176 483 211 162
836 186 868 212 s.
905 184 1133 211 AL‘GUS'HNI
1165 183 1346 209 Emscom
1778 183 1781 188 ’

1770 174 1774 210 f

398 265 447 292 ox
475 250 622 293 debito
657 249 876 307 poscitur:
908 247 1018 292 sicut
1050 246 1165 290 idem
1190 247 1276 299 ait,
1311 264 1331 287 «
1354 248 1523 290 Bonum
1548 211 1779 322 certamen.

345 322 347 325 '
400 337 421 360 »
446 320 630 372 certavi,
655 333 830 362 cursum
845 317 1162 370 consummavi,
1183 316 1314 360 fidem
1336 316 1521 373 servavi,
1541 316 1596 360 de
1612 324 1780 361 caetero

403 407 421 429 »
448 398 641 447 superest
660 387 765 431 mihi
786 402 943 431 corona
955 386 1163 446 justitiae,
1187 400 1318 444 quam
1335 384 1487 429 reddet
1503 385 1609 428 mihi
1625 384 1770 429 Domi-l

401 476 421 498 »
446 473 527 501 nus
556 459 600 501 in
623 456 695 500 illa
717 456 785 500 die
800 457 941 516 justus
959 455 1092 515 judex
1108 458 1138 499 ¹.
1169 473 1188 496 »
1219 457 1348 498 Forte
1371 455 1486 498 enim
1509 455 1611 514 quia
1635 454 1764 510 dixit,

398 668 660 711 hominibus.
691 667 813 711 Unde
840 667 953 710 enim
976 667 1065 725 ipse
1089 665 1321 724 Apostolus
1344 673 1550 723 tanquam
1571 664 1721 709 debitu
1768 674 1770 680 ⁴

395 737 518 781 reddi
538 737 617 781 sibi
633 747 910 796 praesumeret
933 755 942 780 ι
967 736 1047 780 nisi
1068 736 1187 795 prius
1205 735 1445 778 indebitam
1462 735 1638 792 gratiam
1658 665 1772 814 prae-ml

394 808 597 866 cepisset,
634 823 719 867 qua
741 807 1000 867 justificatus
1028 807 1193 850 bonum
1222 820 1402 863 agonem
1426 806 1633 849 certaret?
1667 804 1760 849 Fuit

393 879 507 922 enim
534 879 809 937 blasphemus
830 888 872 922 et
889 887 1136 938 persecutor
1153 886 1196 921 et
1221 875 1474 936 injuriosus,
1500 876 1574 919 sed
1601 875 1769 920 miseri-

391 950 583 994 cordiam
601 962 852 994 consecutus
869 959 953 1004 est,
974 959 1023 994 ut
1044 949 1133 1008 ipse
1158 948 1362 992 testatur3
1385 966 1394 991 ;
1419 947 1598 991 credens
1616 946 1768 1005 utique

390 1020 434 1063 in
456 1035 556 1063 eum
585 1020 660 1079 qui
674 1020 883 1079 justificat
911 1035 998 1064 non
1028 1019 1174 1077 pium,
1203 1018 1278 1062 sed
1299 1018 1512 1076 impium⁴
1542 1026 1591 1061 ut
1606 1017 1755 1077 justifi-

389 1091 528 1135 cando
549 1092 667 1148 pium
684 1090 827 1134 faciat.
1764 1095 1766 1101 '

450 1162 509 1203 40.
529 1180 548 1201 ι(
561 1163 656 1205 Non
678 1176 729 1203 ex
752 1160 970 1218 operibus,
986 1160 1144 1218 inquit,
1162 1159 1235 1203 sed
1249 1174 1300 1202 ex
1324 1167 1505 1203 vocante
1519 1158 1686 1202 dictum
1703 1168 1753 1202 esi

395 1250 413 1270 »
438 1229 492 1284 ei,
517 1230 627 1282 Quia
652 1230 787 1288 major
807 1229 962 1272 serviet
983 1229 1184 1272 minortss.
1209 1246 1228 1268 »
1251 1228 1317 1273 Ad
1341 1229 1423 1272 hoc
1445 1229 1631 1287 pertinet
1646 1227 1752 1288 quoc'

391 1299 471 1354 ait,
505 1319 525 1341 «
553 1302 664 1344 Cum
695 1300 808 1342 enim
845 1298 1041 1342 nondum
1076 1299 1165 1342 nati
1197 1297 1399 1353 fuissent,
1431 1315 1573 1358 neque
1600 1299 1762 1358 aliqui(

395 1388 413 1410 »
439 1370 622 1427 egissent
650 1369 817 1412 bonum
846 1377 921 1412 aut
952 1367 1115 1412 malum
1155 1388 1162 1412 :
1201 1377 1250 1412 ut
1279 1377 1419 1427 posset
1450 1367 1560 1423 dici,
1587 1371 1684 1414 Non
1714 1383 1749 1412 e]

394 1456 412 1478 »
440 1438 656 1496 operibus,
682 1438 757 1481 sed
779 1454 829 1481 ex
851 1446 1048 1482 vocante.
1074 1456 1093 1478 »
1121 1438 1244 1482 Unde
1267 1438 1455 1482 occurrit
1471 1438 1615 1482 animo
1641 1453 1748 1496 quae-

390 1524 497 1563 rere,
522 1524 599 1552 cur
615 1507 789 1563 dixerit,
820 1528 839 1549 «
861 1510 916 1552 Ut
936 1507 1175 1551 secundum
1212 1508 1465 1552 electionem
1495 1507 1717 1567 propositu
1756 1519 1758 1525 ·

391 1597 411 1619 »
440 1580 515 1622 Dei
528 1580 746 1622 maneret?
763 1596 782 1619 »
807 1578 1038 1630 Quomodo
1058 1587 1121 1622 est
1133 1579 1246 1622 enim
1259 1580 1392 1637 justa,
1413 1587 1487 1622 aut
1502 1571 1755 1638 qualiscumi1

388 1665 473 1708 que
507 1650 686 1693 omnino
718 1647 892 1702 electio,
935 1648 1008 1691 ubi
1044 1648 1164 1692 nulla
1201 1648 1404 1692 distantia
1443 1650 1531 1691 est?
1569 1649 1613 1692 Si
1648 1644 1755 1692 enin¹

387 1719 508 1763 nullo
523 1720 676 1763 merito
699 1719 860 1762 electus
879 1727 942 1761 est
963 1719 1098 1762 Jacob
1120 1718 1316 1762 nondum
1335 1727 1459 1762 natus
1476 1728 1518 1762 et
1536 1718 1644 1761 nihil
1665 1733 1756 1778 ope

388 1799 520 1843 ratus,
546 1805 626 1833 nec
648 1790 826 1833 omnino
848 1787 945 1846 eligi
968 1789 1111 1847 potuit
1131 1788 1250 1833 nulla
1273 1789 1477 1833 existente
1499 1789 1752 1852 differentia

385 1876 472 1919 qua
494 1859 737 1918 eligeretur.
765 1862 873 1902 Item
892 1860 926 1902 si
947 1859 1069 1903 nullo
1087 1860 1239 1904 merito
1258 1860 1529 1919 improbatus
1544 1868 1607 1903 est
1628 1859 1741 1904 Esaii

385 1930 487 1989 quia
508 1940 551 1973 et
570 1931 660 1988 ipse
678 1929 872 1973 nondum
896 1939 1022 1973 natus
1043 1939 1086 1973 et
1104 1929 1211 1973 nihil
1232 1940 1432 1989 operatus
1453 1939 1560 1985 erat,
1579 1945 1680 1974 cum
1699 1929 1748 1991 dil·

385 2010 570 2055 ceretur,
595 2019 615 2041 «
639 2002 695 2043 Et
717 2001 854 2058 major
885 2000 1040 2044 serviet
1068 2000 1248 2057 minori,
1276 2018 1295 2041 »
1321 1999 1543 2059 quomodo
1564 2001 1655 2060 ejus
1675 2000 1734 2044 im

387 2072 586 2130 probatio
610 2073 725 2130 justa
767 2070 853 2114 dici
891 2072 1060 2128 potest?
1092 2073 1186 2124 Qua
1223 2086 1324 2129 ergo
1356 2070 1633 2125 discretione,
1670 2086 1747 2132 qui?

383 2142 599 2201 aequitatis
620 2141 812 2185 examine
827 2140 946 2200 quod
962 2141 1158 2200 sequitur
1176 2140 1469 2199 intelligimus,
1496 2161 1515 2183 «
1533 2141 1668 2186 Jacob
1689 2141 1746 2186 di1

387 2232 406 2254 »
431 2212 529 2267 lexi,
552 2212 665 2256 Esaii
689 2222 833 2256 autem
851 2212 951 2256 odio
971 2213 1103 2256 habui
1118 2214 1161 2256 ΟΡ
1176 2231 1195 2254 »
1218 2211 1345 2265 Quod
1360 2212 1537 2272 quidem
1549 2213 1735 2272 scriptun

383 2293 446 2327 est
465 2284 509 2327 in
530 2283 772 2342 Propheta,
796 2283 870 2342 qui
897 2281 1026 2340 longe
1057 2282 1266 2341 posterior
1294 2282 1591 2341 prophetavit,
1624 2297 1741 2342 quau

380 2353 443 2396 illi
465 2354 555 2398 nati
577 2355 620 2397 et
637 2353 797 2398 mortui
824 2361 925 2397 sunt
951 2372 959 2397 :
985 2352 1058 2396 sed
1082 2362 1226 2397 tamen
1259 2353 1331 2397 illa
1358 2353 1568 2397 sententia
1586 2351 1731 2397 videtu

428 2460 437 2475 1
464 2466 472 2484 ι
496 2455 574 2486 Tim.
593 2465 638 2493 iv,
663 2464 678 2495 7
705 2458 736 2485 ct
755 2454 785 2485 8.
800 2460 867 2476 —2
888 2453 1001 2496 EpheS.
1023 2464 1070 2492 ιν,
1089 2455 1120 2485 8.
1139 2470 1179 2475 -
1197 2452 1210 2476 3
1229 2464 1240 2485 ι
1258 2453 1338 2485 Tim.
1357 2465 1379 2491 1,
1402 2452 1532 2486 13.-—⁴
1551 2456 1641 2486 Rom.
1659 2452 1731 2494 1v‚5

383 2506 730 2548 -51‹1.1‹‚12.—-6
749 2508 890 2541 Malach.
910 2520 934 2550 1,
954 2516 972 2541 2
991 2512 1023 2541 ct
1042 2509 1071 2540 3.
