1790 3187
286 242 310 280 6
694 249 725 279 s.
764 241 993 280 AUGth'rm't
1028 240 1208 281 ErisCor'r'

282 319 446 365 tionem
467 316 593 363 nobis
611 317 666 361 de
684 316 773 362 sole
786 324 916 376 atque
939 316 1072 362 stellis
1094 317 1245 362 afferat
1260 352 1271 373 ‚
1286 317 1332 362 in
1351 319 1511 379 quihus
1526 318 1654 365 facile

283 388 482 435 convinci
499 402 587 432 non
604 396 744 447 potest
764 408 774 444 3
798 386 908 431 illud
921 396 1038 432 certe
1058 396 1184 432 nemo
1198 396 1261 432 est
1283 389 1456 449 quinon
1475 387 1655 449 cogatur

282 459 429 514 fateri,
451 456 559 502 nihil
580 473 667 502 esse
687 454 885 501 sensibile
898 457 1016 518 quod
1030 473 1117 503 non
1134 458 1292 503 habeat
1309 459 1444 503 simile
1457 459 1580 514 falso,
1594 461 1654 505 ita

284 539 333 575 ut
345 529 577 574 internosci
590 544 679 573 non
698 527 842 587 possit.
859 530 967 574 Nam
986 537 1036 573 ut
1052 528 1132 573 alia
1149 529 1490 589 praetermittam,
1510 530 1654 575 omnia

282 616 381 662 quae
402 616 478 660 per
507 615 663 660 corpus
684 599 890 644 sentimus
905 634 917 656 ,
943 600 1070 645 etiam
1091 615 1189 645 cum
1207 616 1256 645 ea
1271 615 1361 645 non
1379 600 1538 646 adsunt
1553 617 1654 646 sen-

282 672 399 717 sibus
419 707 430 727 ,
461 672 665 729 imagines
698 680 842 715 tamen
868 685 1018 716 eorum
1038 671 1226 730 patimur
1254 679 1460 731 tanquam
1481 687 1654 732 prorsus

281 743 444 797 adsint,
477 741 545 787 vel
567 742 612 786 in
631 757 803 797 somno,
827 721 898 787 viil
915 742 961 786 in
983 741 1143 786 furore.
1177 742 1301 795 Quod
1323 757 1422 787 cum
1446 743 1650 803 patimur,

280 813 457 858 omnino
486 821 634 856 utrum
667 828 715 857 ea
737 812 838 872 ipsis
860 812 1054 857 sensibus
1079 813 1309 857 sentiamus
1327 847 1338 869 ,
1358 822 1434 857 aut
1447 813 1654 873 imagines

279 884 544 930 sensibilium
568 885 683 941 sint,
716 883 957 929 discernere
983 900 1072 930 non
1091 883 1299 930 valemus.
1332 885 1376 930 Si
1400 885 1531 944 igitur
1552 894 1655 930 sunt

278 956 484 1014 imagines
517 955 784 1000 sensibilium
816 954 962 1012 falsae,
988 972 1086 1016 quae
1115 955 1297 1000 discerni
1327 956 1426 1016 ipsis
1459 956 1654 1001 sensibus

278 1036 528 1087 nequeunt,
555 1036 597 1071 et
614 1027 721 1071 nihil
737 1027 902 1087 percipi
926 1036 1067 1088 potest
1085 1027 1165 1072 nisi
1186 1027 1306 1087 quod
1327 1043 1350 1071 a
1368 1026 1474 1072 falso
1496 1028 1656 1072 discer-

277 1099 422 1153 nitur,
457 1113 547 1142 non
575 1098 791 1159 judicium
824 1099 1014 1144 veritatis
1050 1099 1334 1144 constitutum
1366 1098 1413 1142 in
1441 1099 1651 1143 sensibus.

279 1170 573 1223 Quamobrem
617 1170 898 1215 saluberrime
947 1171 1230 1217 admonemur
1285 1171 1418 1216 averti
1467 1171 1522 1215 ab
1574 1171 1658 1220 hoc

278 1241 446 1284 mundo
465 1275 476 1295 ,
507 1241 582 1300 qui
609 1240 804 1299 profecto
834 1257 1065 1301 corporeus
1100 1251 1163 1286 est
1194 1250 1237 1286 et
1257 1241 1467 1287 sensibilis
1487 1276 1498 1296 ,
1531 1250 1574 1286 et
1602 1241 1656 1286 ad

278 1314 433 1366 Deum,
452 1311 496 1354 id
518 1311 849 1367 est,veritatem,
875 1327 973 1372 quae
994 1311 1220 1357 intellectu
1234 1321 1277 1356 et
1286 1312 1491 1356 interiore
1511 1321 1657 1356 mente

277 1383 462 1442 capitur,
480 1398 579 1441 quae
594 1397 761 1442 semper
777 1391 923 1427 manet
940 1392 983 1428 et
1003 1384 1197 1444 ersdem
1217 1381 1337 1428 modi
1357 1391 1435 1434 est,
1456 1398 1554 1442 quae
1568 1398 1657 1428 non

278 1453 412 1498 habet
428 1453 660 1512 imaginem
681 1452 787 1501 falsi,
811 1470 834 1498 a
856 1470 942 1514 qua
967 1453 1152 1499 discerni
1173 1469 1260 1499 non
1277 1453 1435 1513 possit,
1460 1461 1552 1498 tota
1568 1453 1658 1498 ala-

279 1525 431 1570 critate
448 1523 658 1569 converti.

337 1597 535 1648 QUAEsmo
556 1596 611 1639 X.
641 1622 695 1628 -—
717 1596 856 1638 Omne
883 1594 1050 1639 bonum
1072 1610 1095 1638 a
1118 1597 1206 1639 Deo
1233 1613 1242 1639 ε
1267 1609 1396 1639 omne
1417 1597 1657 1655 speciosum

279 1668 463 1722 bonum,
479 1666 525 1710 in
548 1676 761 1727 quantum
783 1667 1023 1726 speciosum
1041 1675 1127 1723 est3
1147 1674 1189 1710 et
1211 1681 1340 1710 omne
1357 1666 1476 1726 quod
1498 1664 1658 1726 species

278 1738 497 1792 continet,
523 1737 763 1796 speciosum
784 1746 861 1781 est.
888 1738 1028 1781 Omne
1050 1745 1195 1781 autem
1224 1751 1402 1796 coerS,
1427 1746 1477 1782 ut
1503 1752 1658 1797 corpus

279 1810 353 1863 sit,
388 1807 530 1867 specie
548 1806 691 1867 aliqua
715 1807 977 1851 continetur.
1004 1809 1144 1850 Omne
1165 1808 1298 1866 igitur
1325 1823 1480 1868 corpus
1505 1824 1528 1852 a
1550 1811 1654 1853 Deo.

338 1882 538 1932 QuAEsmo
560 1881 640 1922 XI.
660 1881 836 1923 -Deus
859 1895 958 1923 cum
978 1879 1149 1934 liberat,
1174 1894 1264 1924 non
1285 1889 1450 1940 partem
1470 1879 1658 1940 aliquam

277 1951 449 2005 liberat,
479 1971 490 2007 3
523 1948 598 1993 sed
619 1958 760 1994 totum
788 1948 945 1994 liberat
964 1985 974 2004 ,
1004 1949 1124 2009 quod
1145 1949 1257 1994 torte
1283 1950 1329 1993 in
1352 1949 1545 2009 periculo
1577 1959 1654 1995 est.

281 2020 498 2079 Sapientia
515 2035 617 2078 ergo
636 2029 679 2064 et
691 2021 837 2064 Virtus
857 2021 951 2075 Dei,
975 2021 1050 2080 qui
1071 2019 1229 2064 dicitur
1247 2020 1491 2078 unigenitus
1511 2020 1655 2076 Filius,

278 2093 456 2137 homine
475 2102 672 2152 suscepto
695 2092 994 2136 liberationem
1010 2092 1195 2136 hominis
1220 2091 1441 2136 indicavit.
1462 2093 1658 2137 Hominis

277 2173 423 2208 autem
442 2163 639 2208 liberatio
668 2164 715 2207 in
736 2172 925 2224 utroque
947 2178 1051 2207 sexu
1083 2163 1235 2207 debuit
1265 2177 1486 2222 apparere.
1511 2165 1625 2222 Ergo
1643 2198 1655 2218 ,

275 2235 377 2295 quia
401 2235 541 2279 virum
566 2235 795 2295 oportebat
828 2235 1042 2294 suscipere
1064 2268 1075 2289 ,
1110 2233 1184 2293 qui
1207 2248 1330 2278 sexus
1358 2233 1658 2278 honorabilior

277 2315 340 2351 est
356 2341 367 2361 ,
388 2321 655 2365 consequens
677 2314 766 2350 erat
781 2314 831 2350 ut
844 2304 1041 2349 foeminei
1055 2319 1178 2348 sexus
1191 2304 1388 2349 liberatio
1404 2305 1507 2350 hinc
1522 2319 1658 2365 appa-

275 2386 387 2421 reret
405 2412 416 2431 ,
441 2376 560 2437 quod
588 2376 659 2420 ille
676 2377 741 2421 vir
762 2376 816 2420 de
838 2375 1018 2420 foemina
1039 2385 1166 2420 natus
1189 2384 1267 2420 est.

334 2451 532 2502 QUAEsTm
549 2450 651 2492 XII.
672 2475 729 2481 —
748 2448 875 2507 Agite
891 2483 902 2502 ,
927 2463 968 2503 o,
988 2448 1131 2507 inquit
1145 2482 1156 2502 ‚
1174 2447 1317 2491 miseri
1330 2447 1552 2502 mortales,
1574 2447 1658 2491 hoc

274 2519 386 2577 agite
400 2534 454 2563 ne
465 2534 659 2579 unquam
673 2518 931 2577 polluathoc
948 2517 1223 2562 domicilium
1237 2517 1452 2577 malignus
1463 2517 1653 2577 spiritus,

276 2606 331 2633 ne
352 2591 545 2651 sensibus
563 2590 780 2635 immixtus
804 2591 982 2634 incestet
1004 2591 1158 2633 animae
1176 2589 1462 2643 sanctitatem,
1487 2588 1656 2633 lucem-
