1790 3187
344 169 425 206 176
771 177 804 204 s.
841 178 1066 206 Auousnm
1101 179 1278 207 Emscom

343 264 362 287 «
388 243 591 290 Nondum
607 245 721 288 enim
745 245 967 303 poteratis,
987 244 1061 289 sed
1084 260 1226 305 neque
1247 244 1390 289 adhuc
1412 246 1586 303 potestis
1605 265 1615 302 3
1636 246 1711 290 ad-

342 334 362 357 »
387 317 476 361 huc
505 316 618 359 enim
641 316 738 360 estis
765 316 970 360 carnales.
998 334 1018 358 »
1042 319 1098 360 Et
1117 315 1226 360 illud
1251 335 1259 360 ι
1296 334 1315 357 «
1338 316 1540 359 Animalis
1567 325 1711 360 autem
1774 311 1775 320 ¹

342 404 362 428 »
387 387 519 431 homo
545 401 632 430 non
660 385 841 445 percipit
862 402 960 447 quae
982 396 1083 431 sunt
1116 386 1296 446 Spiritus
1319 386 1438 430 Dei‘.
1469 405 1487 427 n
1516 386 1590 430 His
1612 401 1712 444 ergo
1749 406 1751 408 ·

339 457 497 502 dicitur
530 476 537 501 :
579 476 598 499 α
634 458 671 500 Ο
702 457 859 512 homo,
891 466 939 501 tu
974 459 1068 517 quis
1096 473 1165 513 es,
1201 457 1276 517 qui
1310 456 1567 516 respondeas
1602 459 1713 501 Deo?

342 547 362 570 »
388 527 611 589 Numquid
633 527 737 572 dicit
752 529 1007 587 figmentum
1025 529 1061 572 ei
1081 529 1156 589 qui
1175 544 1218 572 se
1236 528 1359 571 finxit
1373 562 1383 582 ‚
1406 531 1547 580 Quare
1569 543 1638 571 me
1654 528 1711 572 sic

342 618 362 641 »
388 598 555 643 fecisti?
570 601 659 643 Aut
675 612 763 643 non
781 597 912 642 hahet
926 608 1179 658 potestatem
1198 598 1356 657 figulus
1372 598 1453 642 luti
1469 633 1479 652 ,
1497 613 1547 641 ex
1565 598 1711 641 eadem

342 687 362 711 »
388 670 689 728 conspersione
705 667 847 713 facere
863 667 979 713 aliud
998 670 1174 729 quidem
1193 685 1266 713 vas
1284 669 1328 712 in
1345 669 1552 713 honorem
1565 703 1575 722 ,
1597 668 1713 712 aliud

341 757 362 780 >v
387 739 432 782 in
456 738 795 783 contumeliam
827 758 835 783 :
867 757 885 779 »
918 741 981 783 Eo
1009 739 1100 798 ipso
1124 738 1298 783 sortasse
1330 739 1429 782 satis
1461 737 1649 783 ostcndit
1671 753 1713 782 se

339 810 505 854 homini
522 809 682 854 carnali
701 807 848 869 loqui3
873 809 1079 870 quoniam
1103 811 1186 854 hoc
1207 809 1334 853 limus
1360 810 1449 868 ipse
1473 809 1709 868 significat,

338 881 455 924 unde
477 880 640 940 primus
660 881 794 925 homo
817 878 1025 924 formatus
1047 889 1110 924 est
1137 900 1145 925 :
1171 889 1213 924 et
1236 880 1337 940 quia
1364 895 1534 933 omnes,
1560 888 1605 922 ut
1625 879 1713 938 jam
1764 884 1766 900 l

337 952 700 1006 commemoravi,
720 950 958 995 secundum
978 950 1178 995 eumdem
1200 950 1454 1010 Apostolum
1474 985 1484 1003 ,
1510 949 1553 993 in
1576 949 1713 993 Adam

338 1021 584 1065 moriuntur
599 1024 613 1047 ³
629 1056 640 1076 ,
666 1037 797 1065 unam
817 1020 920 1065 dicit
943 1037 1030 1065 esse
1054 1022 1400 1080 conspersionem
1424 1020 1632 1064 omnium.
1659 1022 1714 1064 Et

337 1092 531 1150 quamvis
552 1091 670 1135 aliud
686 1106 758 1135 vas
776 1092 851 1135 fiat
866 1093 910 1134 in
928 1093 1135 1136 honorem
1151 1126 1161 1146 ‚
1184 1091 1301 1135 aliud
1320 1092 1364 1135 in
1381 1090 1685 1135 contumeliam
1700 1109 1711 1148 3

340 1172 479 1205 tamen
507 1170 550 1205 et
571 1160 681 1204 illud
704 1161 823 1220 quod
853 1162 901 1204 fit
933 1161 976 1204 in
998 1161 1206 1205 honorem
1227 1196 1238 1216 ‚
1269 1176 1440 1205 necesse
1463 1169 1525 1204 est
1549 1169 1599 1204 ut
1620 1175 1712 1204 car-

338 1231 433 1275 nale
455 1247 544 1276 esse
564 1232 762 1290 incipiat,
786 1240 916 1291 atquc
935 1231 1036 1275 inde
1054 1232 1098 1275 in
1117 1231 1349 1290 spiritalem
1368 1241 1597 1291 consurgat
1614 1240 1713 1274 aeta-

339 1310 440 1345 tem.
472 1301 837 1361 Quandoquidem
862 1302 950 1361 jam
984 1301 1028 1344 in
1062 1303 1270 1346 honorem
1295 1302 1396 1346 facti
1429 1311 1578 1356 erant,
1608 1301 1714 1345 etin
1757 1324 1759 1348 4

337 1372 508 1416 Christo
525 1373 614 1432 jam
635 1372 721 1416 nati
739 1381 861 1416 erant
887 1391 895 1415 ε
926 1371 1000 1415 sed
1024 1380 1164 1415 tamen
1189 1372 1394 1431 quoniam
1417 1375 1616 1431 parvulos
1639 1370 1714 1414 ad-

337 1443 423 1487 huc
458 1442 694 1502 alloquitur
713 1478 723 1497 ‚
756 1443 884 1487 etiarn
917 1444 1029 1502 ipsos
1057 1443 1247 1487 carnales
1275 1442 1490 1502 appellat,
1524 1443 1670 1486 dicens
1701 1460 1710 1486 ε

341 1532 361 1555 «
386 1516 481 1559 Non
504 1514 627 1573 potui
649 1514 769 1573 loqui
795 1514 917 1558 vobis
939 1515 1060 1573 quasi
1083 1514 1367 1573 spiritalibus,
1392 1514 1466 1558 sed
1485 1514 1606 1574 quasi
1627 1529 1715 1558 car·
1753 1551 1755 1576 ᾗ

341 1603 359 1625 »
387 1584 556 1629 nalibus
576 1605 586 1641 3
611 1585 730 1644 quasi
755 1585 941 1644 parvulis
957 1585 1002 1628 in
1020 1586 1191 1630 Christo
1205 1585 1270 1630 lac
1289 1585 1410 1630 vobis
1427 1594 1579 1644 potum
1595 1583 1710 1639 dedi,

340 1673 359 1695 »
386 1670 473 1698 non
497 1670 635 1699 escam
660 1674 667 1699 :
693 1670 834 1715 neque
857 1656 972 1698 enim
991 1656 1193 1714 poteratis
1210 1691 1220 1710 ,
1251 1655 1325 1699 sed
1347 1671 1426 1699 nec
1453 1656 1595 1699 adhuc
1617 1654 1715 1714 qui·
1751 1693 1753 1701 ,

340 1743 359 1765 »
385 1725 483 1769 dem
518 1726 726 1785 potestis3
759 1726 901 1770 adhuc
928 1726 1042 1769 enim
1073 1727 1170 1770 estis
1194 1726 1425 1770 carnales4.
1466 1746 1481 1766 »
1512 1725 1716 1778 Quamvis
1750 1741 1752 1750 ¹

337 1811 439 1854 ergo
458 1797 649 1841 carnales
671 1812 742 1841 eos
770 1812 857 1841 esse
878 1795 1018 1854 dicat3
1044 1805 1187 1841 tamen
1202 1798 1290 1857 jam
1313 1797 1357 1840 in
1379 1797 1550 1841 Christo
1570 1805 1711 1851 natm,

338 1875 380 1909 et
403 1866 447 1909 in
466 1865 541 1911 illo
562 1867 764 1926 parvulos
779 1902 790 1922 ,
815 1877 857 1911 et
876 1867 986 1912 lacte
1009 1869 1234 1927 potandos.
1264 1870 1319 1911 Et
1347 1867 1466 1927 quod
1489 1866 1710 1927 adjungit,
1747 1922 1749 1924 v

337 1938 424 1981 Nec
443 1937 586 1982 adhuc
608 1937 785 1997 quidem
806 1938 1005 1997 potesti53
1026 1937 1211 1982 ostendit
1226 1938 1496 1996 proficientes
1518 1937 1713 1981 futurum
1746 1986 1747 1991 Ἰ

337 2022 426 2051 6556
447 2017 496 2051 ut
517 2008 681 2066 possint
708 2027 716 2052 ε
750 2009 850 2067 quia
873 2009 960 2067 jam
983 2009 1028 2052 in
1051 2009 1110 2052 eis
1134 2008 1378 2068 spiritaliter
1401 2011 1557 2052 renatis
1582 2008 1714 2066 gratia
1744 2041 1746 2056 ,

338 2076 478 2122 fuerat
504 2079 718 2123 inchoata.
742 2081 855 2136 Ergo
875 2080 964 2138 jam
987 2094 1085 2124 vasa
1113 2088 1235 2123 erant
1256 2079 1299 2123 in
1329 2080 1539 2123 honorem
1569 2079 1710 2134 facta,
1743 2089 1745 2105 ²

337 2149 497 2207 quibus
519 2149 662 2194 adhuc
682 2157 829 2193 tamen
852 2159 964 2194 recte
993 2149 1208 2194 diceretur
1229 2170 1237 2195 z
1269 2169 1287 2191 «
1311 2152 1347 2194 Ο
1367 2151 1497 2195 homo
1512 2186 1527 2205 ,
1553 2159 1600 2194 tu
1621 2149 1713 2210 quIS
1742 2147 1745 2155 ⁴

341 2236 361 2259 »
387 2234 450 2273 cs,
482 2219 557 2279 qui
588 2219 845 2278 respondeas
876 2222 997 2264 Deo?
1027 2239 1046 2261 »
1074 2223 1129 2264 Et
1157 2221 1191 2264 si
1215 2220 1370 2264 talibus
1398 2230 1511 2264 recte
1528 2220 1709 2274 dicitur,
1740 2239 1743 2268 5

337 2289 477 2334 multo
495 2291 652 2335 rectius
674 2291 733 2334 eis
751 2290 826 2349 qui
851 2289 919 2334 vel
941 2290 1137 2335 nondum
1161 2292 1217 2335 ita
1238 2292 1475 2350 regenerati
1498 2300 1620 2345 sunt,
1646 2288 1714 2334 vel

338 2430 424 2476 fide
446 2440 665 2488 teneatur,
686 2433 805 2493 quod
822 2448 909 2477 non
925 2432 978 2477 sit
993 2433 1196 2493 iniquitas
1215 2434 1330 2492 apud
1352 2437 1485 2478 Deum
1509 2453 1516 2478 :
1537 2434 1611 2493 qui
1626 2433 1711 2478 sive
1736 2457 1738 2487 3

387 2520 394 2538 ¹
421 2526 431 2547 1
453 2516 524 2548 Cor.
544 2525 580 2555 n,
602 2514 706 2558 ni.—
723 2523 735 2540 ²
757 2518 847 2550 Rom.
864 2527 905 2556 ix,
924 2514 1053 2549 21.—-3
1074 2526 1086 2549 1
1112 2518 1181 2549 Cor.
1204 2528 1256 2559 xv,
1280 2526 1333 2549 2²2.
1349 2516 1417 2547 -4
1438 2518 1483 2549 Ῑά,
1503 2521 1632 2550 notin.

1737 2426 1739 2454 f

337 2361 465 2404 etiam
482 2361 525 2404 in
543 2361 850 2406 contumeliam
869 2360 986 2405 facti.
1010 2361 1124 2405 Illud
1142 2362 1444 2407 tantummodo
1462 2363 1712 2407 inconcussa
1737 2395 1740 2404 .

1783 2447 1786 2482 l
