1790 3187
562 216 761 244 EPls'rOLA
795 218 948 243 xxxvi.
1368 204 1447 244 401

125 283 288 326 XXIV.
321 283 405 324 Istc
426 289 568 324 autem
594 281 668 339 qui
693 290 835 324 vetera
857 281 1053 325 transisse
1070 279 1130 325 sic
1153 279 1279 334 dicit,
1306 299 1323 320 α
1345 281 1454 325 utin

67 353 240 399 Christo
257 351 429 396 cederet
456 367 526 396 ara
545 351 684 406 altari,
706 351 872 410 gladius
900 353 1082 413 jejunio,
1110 351 1310 412 precibus
1327 352 1451 409 ignis,

66 424 167 484 pani
197 439 344 483 pecus,
376 422 536 482 poculo
558 423 747 482 sanguis,
771 441 791 464 n
815 424 950 468 nescit
978 423 1121 468 altaris
1139 438 1300 468 nomen
1321 423 1456 481 magis

67 496 189 554 Legis
204 504 245 539 et
263 495 579 553 Prophetarum
594 494 747 539 litteris
770 494 1114 554 frequentatum,
1141 504 1184 540 et
1203 494 1338 539 altare
1366 497 1455 539 Deo

63 567 182 627 prius
204 568 250 611 in
278 565 577 621 tabernaculo,
597 567 718 627 quod
742 582 817 626 per
838 570 1022 625 Moysen
1036 566 1201 612 factum
1223 576 1301 621 est,
1324 565 1456 611 collo-

62 647 208 683 catum
232 659 244 697 3
269 654 384 683 aram
417 654 594 699 quoque
617 638 663 681 in
687 637 933 697 apostolicis
960 637 1114 683 litteris
1145 637 1347 692 inveniri,
1378 637 1456 681 ubi

62 713 274 768 Martyres
296 709 487 754 clamant
513 709 595 754 sub
624 725 696 754 ara
723 709 812 754 Dei.
842 709 954 754 Dicit
983 709 1157 754 cessisse
1179 709 1347 769 jejunio
1373 708 1457 767 gla-

62 780 208 836 dium,
242 797 332 826 non
361 781 594 827 recordans
624 780 750 825 illum
778 802 789 839 3
814 797 903 841 quo
937 780 1095 825 milites
1118 779 1371 839 Evangelici
1393 795 1453 824 ar-

61 862 238 897 mantur
256 868 306 897 ex
327 862 516 913 utroque
540 856 834 907 Testamento,
857 851 1050 910 gladium
1078 852 1142 896 bis
1160 861 1352 896 acutum.
1381 850 1458 894 Di-

10 968 15 984 ,
61 923 119 968 cit
136 924 307 968 cessisse
324 924 527 984 precibus
544 925 706 982 ignem,
730 922 854 982 quasi
867 937 956 965 non
974 930 1017 965 et
1038 931 1144 965 tunc
1169 936 1318 980 preces
1339 918 1459 963 defe-

13 1006 15 1049 ᾗ
62 995 272 1038 rebantur
295 996 340 1038 in
364 993 574 1052 templum
590 1027 601 1047 ,
623 1002 666 1037 et
684 1008 802 1036 nunc
824 1008 848 1036 a
866 991 1040 1036 Christo
1072 991 1183 1050 ignis
1216 1000 1280 1035 est
1303 991 1458 1034 missus

11 1075 15 1080 '
59 1066 105 1110 ,in
129 1065 362 1110 mundum.
383 1065 496 1111 Dicit
516 1065 686 1110 cessisse
708 1065 811 1124 pani
838 1079 993 1124 pecus,
1014 1073 1225 1123 tanquam
1262 1063 1458 1108 nesciens

12 1135 15 1163 3
59 1146 102 1182 et
123 1146 230 1183 tunc
258 1138 304 1182 in
337 1138 512 1183 Domini
532 1153 680 1182 mensa
702 1152 834 1197 panes
851 1135 1142 1196 propositonis
1166 1134 1271 1194 poni
1301 1133 1455 1190 solere,

11 1198 14 1267 J
58 1218 102 1253 et
132 1225 250 1253 nunc
283 1224 326 1253 se
354 1208 408 1254 de
437 1209 537 1268 agni
560 1206 829 1253 immaculati
862 1222 1044 1266 corpore
1079 1222 1231 1266 parem
1267 1220 1454 1251 sumere.

58 1280 170 1324 Dicit
195 1280 366 1325 cessisse
383 1279 543 1340 poculo
562 1279 837 1338 sanguinem,
863 1294 953 1324 non
971 1277 1165 1336 cogitans
1180 1277 1310 1322 etiam
1337 1292 1458 1321 nunc

12 1355 15 1399 1
57 1365 102 1395 se
134 1351 328 1411 accipere
351 1352 396 1395 in
421 1350 581 1410 poculo
611 1349 884 1409 sanguinem.
911 1352 1088 1403 Quanto
1110 1364 1213 1408 ergo
1241 1347 1395 1393 melius
1415 1356 1458 1393 et

57 1423 371 1482 congruentius
406 1431 553 1468 vetera
585 1422 801 1477 transisse,
833 1430 876 1466 et
907 1436 1021 1467 nova
1054 1421 1100 1465 in
1133 1420 1307 1466 Christo
1340 1419 1457 1464 facta

10 1486 17 1547 ῗ
58 1508 164 1549 esse,
197 1495 256 1539 sic
283 1495 468 1550 diceret,
494 1503 544 1538 ut
566 1493 739 1539 cederet
767 1492 902 1537 altare
935 1492 1075 1547 altarn
1102 1491 1270 1549 gladius
1293 1491 1454 1549 gladio,

56 1565 168 1624 ignis
187 1566 291 1625 igni,
310 1566 434 1626 panis
456 1565 573 1625 pani,
602 1579 733 1624 pecus
763 1564 925 1623 pecori,
955 1563 1130 1622 sanguis
1153 1561 1457 1621 sanguini.Vi-

55 1635 208 1680 demus
231 1636 395 1696 quippe
412 1636 458 1680 in
476 1636 543 1680 his
567 1635 772 1680 omnibus
794 1633 1013 1680 carnalem
1039 1641 1302 1678 vetustatem
1328 1632 1457 1691 spiri-

55 1705 131 1750 tali
147 1707 301 1752 cedere
329 1707 534 1752 novitati.
567 1707 635 1751 Sic
667 1721 769 1764 ergo
801 1704 1138 1762 intelligendum
1171 1711 1260 1758 est,
1299 1703 1387 1746 sive
1411 1702 1458 1746 in

11 1762 16 1784 ³
55 1777 136 1822 isto
168 1776 239 1821 die
264 1777 451 1822 volubili
485 1777 669 1836 septimo
690 1776 974 1834 prandeatur,
1014 1774 1104 1818 sive
1135 1790 1158 1817 a
1191 1773 1457 1833 quibusdam

10 1845 17 1885 ῗ
56 1848 437 1908 etiamjejunetur,
456 1856 601 1892 tamen
624 1847 805 1891 sabbato
828 1845 1009 1905 spiritali
1028 1844 1262 1889 sabbatum
1284 1843 1458 1888 carnale

12 1929 17 1950 ³
56 1917 254 1964 cessisse:
277 1918 456 1979 quando
472 1919 517 1962 in
538 1919 619 1963 isto
641 1918 901 1977 sempiterna
924 1926 967 1962 et
984 1932 1085 1962 vera
1107 1919 1278 1976 requies
1293 1931 1458 1961 concu-

12 1995 14 2001 '
56 1991 256 2049 piscitur3
281 1991 326 2035 in
352 1989 427 2036 illo
454 1991 624 2035 vacatio
651 1987 898 2050 temporalis
911 1990 1002 2049 jam
1028 1988 1324 2048 superstitiosa
1348 2002 1457 2033 con-

10 2115 12 2118 ,
56 2068 283 2105 tenuntun

106 2132 423 2176 XXV.Caetera
446 2146 545 2190 quae
573 2138 836 2190 sequuntur,
859 2129 1020 2189 quibus
1049 2144 1173 2173 suam
1195 2129 1457 2188 disputatio-

9 2199 13 2267 ᾗ
58 2217 157 2246 nem
184 2203 263 2246 iste
283 2202 523 2257 concludit,
548 2203 659 2246 sicut
689 2202 770 2246 alia
791 2201 994 2262 quaedam
1016 2217 1116 2261 quae
1137 2200 1241 2244 inde
1262 2215 1458 2244 comme-

9 2288 15 2316 t
58 2273 269 2318 mor-anda
295 2290 385 2319 non
403 2274 636 2318 arbitratus
650 2288 763 2327 sum,
786 2273 926 2317 multo
955 2273 1088 2330 magis
1105 2270 1159 2315 ad
1178 2286 1351 2316 causam
1368 2286 1459 2316 non

10 2335 13 2390 ‘f
57 2347 278 2405 pertinent
294 2346 339 2389 in
357 2361 443 2406 qua
461 2345 515 2389 de
529 2345 695 2406 jejunio
710 2345 880 2390 sabbati
894 2343 962 2388 vel
981 2343 1166 2404 prandio
1189 2342 1454 2404 disputatur.

11 2419 14 2462 ἱ
63 2417 145 2462 Sed
170 2433 215 2461 ea
243 2417 322 2462 tibi
343 2419 449 2477 ipsi,
486 2417 670 2461 maxime
692 2419 725 2462 si
755 2433 806 2461 ex
840 2418 890 2460 iis
915 2432 1014 2476 quae
1045 2433 1068 2460 a
1103 2431 1172 2460 me
1204 2416 1321 2460 dicta
1357 2424 1460 2459 sunt

60 2488 222 2548 aliquid
242 2489 474 2548 adjuvaris,
494 2488 757 2532 advertenda
780 2497 822 2531 et
837 2488 1077 2548 judicanda
1100 2487 1289 2532 dimitto.
1312 2488 1353 2531 Si
1378 2503 1457 2530 au-

61 2567 147 2603 tem
168 2560 374 2619 quoniam
396 2559 497 2602 huic
521 2568 737 2617 quantum
759 2559 880 2617 potui
901 2557 1167 2601 sullicientcr
1190 2556 1459 2616 respondisse

249 2642 379 2670 cxix.
1219 2631 1269 2667 ἐϋ

13 625 17 667 Ι

12 681 17 802 l
