1790 3187
341 221 393 256 52
764 234 796 256 s.
833 228 1062 258 AUGUSTINI
1096 233 1276 259 Erlscom

337 294 445 338 duas
465 302 612 338 [etates
640 293 868 338 infantiam
902 304 942 339 et
976 295 1201 353 pueritiam
1232 296 1396 353 generis
1417 296 1596 340 humani
1628 312 1717 340 esse

336 363 535 409 diximus.
558 363 860 408 Adolescentia
876 379 979 410 vero
1000 375 1043 410 et
1055 367 1262 426 juventus
1280 374 1322 408 et
1341 366 1524 424 gravitas
1539 402 1549 422 ,
1573 367 1617 410 id
1634 376 1714 420 est,
1768 412 1771 414 ,

334 436 388 478 ab
404 435 621 479 Abraham
635 449 773 495 usque
788 434 842 478 ad
859 436 995 480 David
1006 471 1016 490 ‚
1033 445 1076 480 et
1094 436 1197 480 inde
1214 451 1351 496 usque
1367 436 1421 481 ad
1436 438 1717 496 transmigra-

335 505 495 549 tionem
518 506 563 549 in
588 504 875 562 Babyloniam
892 541 902 561 ,
930 515 972 550 et
1001 506 1104 550 inde
1126 521 1264 566 usque
1287 505 1341 550 ad
1367 506 1603 551 adventum
1628 511 1716 551 Do-

330 576 458 631 mini,
485 585 673 636 quatuor
701 575 822 619 denis
844 577 1194 633 generationibus
1215 577 1490 636 figurantur,
1513 586 1716 637 septena-

330 646 393 691 rio
420 647 635 705 geminato
657 646 712 691 ad
735 647 931 691 eamdem
955 648 1278 706 generationem
1307 649 1536 708 utriusque
1560 663 1684 693 sexus
1702 683 1713 703 ‚

328 730 429 760 cum
445 716 645 776 quinario
659 716 736 776 qui
748 725 811 761 est
827 717 870 760 in
891 717 1085 762 sensibus
1100 718 1292 777 corporis
1303 753 1318 774 ,
1335 719 1447 763 actio
1465 728 1509 763 et
1526 719 1714 777 cognitio

327 785 475 830 addita
507 786 654 832 fuerit.
684 790 891 833 Senectus
914 797 1058 833 autem
1087 788 1195 834 solet
1220 789 1348 833 etiam
1371 797 1542 834 tantum
1566 799 1714 834 tenere

326 858 555 917 temporis,
590 868 805 918 quantum
833 860 1015 921 reliquae
1044 875 1194 906 omnes
1227 870 1390 905 aetates.
1425 863 1533 907 Nam
1562 876 1663 905 cum
1691 876 1714 905 a

324 929 587 987 sexagesimo
612 945 727 975 anno
756 940 953 976 senectus
975 931 1144 976 dicatur
1165 931 1356 990 incipere
1373 966 1384 987 ,
1407 940 1450 975 et
1468 932 1600 990 possit
1627 932 1711 976 hu-

323 1013 452 1044 mana
473 1000 561 1045 vita
583 1016 720 1060 usque
750 1002 804 1046 ad
825 1002 1172 1060 centum-viginti
1195 1017 1330 1046 annos
1348 1002 1573 1061 pervenire
1588 1037 1598 1056 ‚
1627 1017 1716 1046 ma-

323 1070 532 1115 nifestum
565 1081 628 1116 est
655 1072 790 1117 solam
826 1083 1098 1118 senectutem
1132 1089 1252 1133 posse
1285 1083 1373 1118 tam
1398 1073 1573 1132 longam
1598 1088 1711 1128 esse,

322 1156 456 1200 quam
479 1158 628 1187 omnes
650 1152 797 1188 aetates
823 1153 990 1189 caeterae
1013 1145 1178 1204 priores
1207 1154 1323 1189 sunt.
1349 1147 1470 1189 AEtas
1491 1144 1624 1203 igitur
1647 1143 1714 1187 ul-
1777 1198 1780 1208 ὁ

321 1211 428 1256 tima
461 1214 627 1271 generis
656 1214 864 1270 humani,
905 1232 1004 1275 quae
1037 1216 1192 1274 incipit
1229 1231 1252 1259 a
1285 1215 1460 1260 Domini
1490 1214 1710 1269 adventu,
1777 1234 1778 1250 ¹

321 1284 521 1343 usquein
538 1284 669 1328 finem
688 1285 858 1340 saeculi,
883 1286 1043 1345 quibus
1063 1286 1418 1344 generationibus
1435 1295 1715 1344 computetur

249 1380 253 1382 -
318 1353 534 1397 incertum
557 1362 621 1398 est
647 1373 656 1399 :
682 1364 725 1399 et
750 1355 834 1399 hoc
859 1355 1024 1399 utiliter
1046 1359 1161 1415 Deus
1182 1355 1320 1400 voluit
1341 1355 1475 1399 latere
1493 1390 1503 1410 ,
1530 1356 1641 1400 sicut
1662 1356 1707 1399 in
1774 1351 1776 1364 ⁵

323 1424 562 1484 Evangelio
592 1425 799 1485 scriptum
827 1436 917 1481 est,
949 1435 992 1471 et
1020 1425 1255 1486 Apostolus
1285 1435 1510 1471 attestatur
1533 1426 1708 1482 dicens,
1774 1412 1775 1424 ¹

318 1493 432 1538 diem
453 1494 626 1540 Domini
649 1505 859 1556 tanquam
881 1495 1024 1540 furem
1045 1496 1089 1539 in
1109 1505 1238 1540 nocte
1261 1511 1350 1539 esse
1371 1498 1647 1540 venturum1.

378 1567 438 1608 30.
469 1564 553 1610 Sed
572 1574 717 1610 tamen
740 1576 856 1612 sexta
882 1575 1010 1611 aetate
1038 1566 1258 1612 visitatum
1283 1581 1372 1610 esse
1394 1580 1529 1624 genus
1550 1567 1709 1610 huma-
1770 1566 1772 1581 ἶ

317 1650 425 1679 num
441 1635 598 1680 humili
621 1637 794 1681 Domini
823 1638 1014 1682 adventu
1032 1672 1042 1692 ,
1068 1637 1265 1697 superius
1288 1637 1502 1681 distinctis
1526 1652 1708 1695 genera-

320 1706 510 1751 tionibus
542 1706 765 1752 edocetur.
801 1710 896 1761 Qua
939 1708 1182 1753 visitatione
1220 1708 1400 1766 incoepit
1441 1706 1707 1752 manifestari

316 1777 569 1836 prophetia,
595 1793 695 1838 quae
717 1779 1011 1837 superioribus
1025 1779 1221 1838 quinque
1237 1778 1437 1822 aetatibus
1459 1778 1588 1822 latuit
1607 1797 1614 1822 :
1636 1792 1707 1822 cu-

310 1847 382 1906 jus
415 1848 656 1908 prophetiae
688 1864 915 1908 personam
955 1849 1163 1910 quoniam
1192 1852 1381 1893 Joannes
1419 1849 1632 1906 gestabat,
1658 1858 1707 1892 ut
1764 1873 1766 1878 =

315 1933 445 1977 supra
481 1919 649 1963 dictum
683 1928 766 1975 est,
801 1919 899 1964 ideo
921 1935 971 1963 ex
1004 1920 1179 1964 senibus
1207 1919 1458 1979 parentibus
1490 1921 1701 1974 nascitur,
1762 1916 1765 1971 }

315 1998 526 2050 tanquam
547 1999 796 2035 senescente
819 1990 979 2036 saeculo
999 1990 1226 2050 prophetia
1254 1989 1327 2034 illa
1350 1990 1619 2035 innotescere
1638 1991 1706 2034 in-
1761 1992 1763 2036 ξ

316 2059 446 2119 cipiat
468 2079 478 2106 2
498 2069 541 2104 et
559 2061 754 2121 quinque
776 2061 998 2106 mensibus
1020 2076 1064 2105 se
1086 2060 1276 2106 occultat
1295 2070 1433 2105 mater
1455 2062 1547 2121 ejus
1564 2096 1574 2116 ,
1595 2061 1702 2106 sicut
1759 2069 1761 2110 1

315 2131 527 2190 scriptum
544 2140 630 2187 est,
661 2150 680 2175 «
706 2131 966 2176 Occultabat
995 2147 1038 2175 se
1072 2130 1294 2175 Elisabeth
1322 2132 1542 2176 mensibus
1570 2132 1701 2192 quin·
1758 2149 1760 2163 >

318 2219 338 2243 n
359 2204 488 2260 que2.
510 2220 531 2244 >³
559 2204 688 2248 Sexto
707 2212 852 2247 autem
874 2218 1020 2247 mense
1037 2202 1234 2246 visitatur
1256 2218 1278 2245 a
1301 2203 1433 2247 Maria
1454 2211 1589 2246 matre
1612 2206 1699 2246 Do-

314 2273 422 2316 mini
442 2291 450 2317 :
474 2282 517 2317 et
534 2273 699 2317 exultat
720 2272 862 2318 infans
884 2274 929 2316 in
947 2284 1084 2327 utero,
1111 2281 1319 2332 tanquam
1344 2273 1484 2332 primo
1509 2273 1699 2317 adventu
1755 2268 1757 2316 ξ

314 2343 488 2386 Domini
505 2359 593 2402 quo
614 2344 659 2387 in
681 2343 926 2387 humilitate
948 2358 1153 2402 apparere
1175 2342 1377 2401 dignatus
1400 2352 1485 2397 est,
1509 2343 1699 2402 prophe-
1753 2357 1755 2409 j

316 2414 375 2457 tia
409 2414 676 2460 manifestari
703 2416 881 2474 incipiat
911 2434 919 2459 ε
953 2414 1027 2459 sed
1055 2424 1260 2473 tanquam
1296 2415 1339 2457 in
1368 2424 1513 2469 utero,
1540 2413 1581 2457 id
1617 2424 1695 2468 est,

316 2485 513 2530 nondum
530 2495 615 2530 tam
632 2486 868 2542 evidenter,
893 2495 942 2529 nt
956 2500 1105 2530 omnes
1120 2486 1230 2529 sicut
1251 2485 1295 2528 in
1311 2485 1408 2529 luce
1427 2484 1698 2529 manifestam

366 2578 371 2593 ¹
396 2570 514 2603 Manli.
536 2582 622 2610 xxw,
642 2571 695 2613 36,
724 2575 752 2603 ct
780 2583 787 2603 ι
812 2571 919 2604 Thess
943 2583 976 2610 v,
995 2581 1026 2603 1)..
1044 2588 1083 2594 --
1102 2578 1112 2592 ²
1131 2572 1207 2602 Luc.
1228 2581 1248 2611 1,
1269 2569 1322 2609 24.
