1790 3187
642 225 838 252 EPISTOLA
870 226 963 252 Lm.
1414 213 1496 253 483

129 298 306 334 tecum:
331 299 373 333 et
401 288 455 333 ab
485 304 630 333 earum
663 290 938 334 ecelesiarum
971 303 1074 350 pace
1105 290 1308 349 separari,
1341 288 1500 349 quibus

128 361 232 421 ipsae
256 360 446 421 epistoloe
467 361 634 421 scriptae
656 364 791 406 sunt?

191 435 266 478 IV.
295 434 457 476 Tamen
478 447 532 476 ne
561 432 640 476 sibi
673 432 801 476 etiam
831 432 885 476 de
922 431 1291 486 Constantinensi,
1316 431 1400 475 hoc
1422 439 1501 484 est,

132 504 315 549 civitatis
335 516 486 550 vestrae
513 504 810 564 episcoporum
829 504 979 548 ordine
1001 503 1261 559 blandiatur,
1286 502 1414 546 recita
1445 501 1507 545 illi

133 576 261 621 Gesta
295 577 409 635 apud
439 577 684 622 Munatium
723 576 938 631 Felicem,
971 575 1209 621 Flaminem
1247 583 1507 635 perpetuum

134 658 374 693 curatorem
395 659 498 694 tunc
512 649 701 708 ejusdem
721 648 902 692 civitatis
916 657 1089 702 vestrae,
1112 646 1377 692 Diocletiano
1392 654 1510 689 octa-

134 733 255 775 vum,
281 730 323 765 et
345 721 605 766 Maximiano
636 721 866 780 septimum
889 719 1155 772 consulibus,
1177 717 1407 763 undecimo
1423 718 1513 762 Ka-

131 789 457 846 lendasJunias,
476 792 633 852 quibus
651 791 818 852 liquido
842 792 1118 847 constitit,ita
1145 790 1325 835 Paulum
1345 789 1513 847 episeo-

131 878 236 922 pum
256 864 496 918 tradidisse,
519 873 568 908 ut
593 863 804 922 Sylvanus
828 859 931 909 tunc
945 865 1034 923 ejus
1055 862 1346 907 subdiaconus
1364 860 1512 915 fuerit,

132 943 176 978 et
207 950 307 979 cum
336 934 411 980 illo
448 934 670 979 tradiderit
694 934 914 993 proferens
935 935 1220 978 instrumenta
1262 932 1483 976 Dominiea
1501 964 1513 986 ,

134 1007 262 1050 etiam
285 1023 384 1066 quae
407 1006 636 1065 diligenter
659 1007 833 1050 fueraut
869 1005 1101 1059 occultata,
1134 1003 1414 1064 capitulatam
1442 1017 1512 1045 ar-

134 1087 348 1136 genteam,
374 1087 416 1122 et
440 1079 661 1122 lucernam
685 1087 949 1137 argenteam,
975 1078 1032 1121 ita
1056 1088 1105 1122 ut
1127 1077 1165 1121 ei
1182 1077 1345 1120 diceret
1368 1075 1518 1119 Victor

133 1147 311 1208 quidam
327 1151 545 1193 :Mortuus
563 1148 721 1203 fueras,
734 1150 766 1192 si
781 1165 867 1193 non
883 1148 976 1193 illas
992 1148 1375 1193 invenisses.Hunc
1390 1146 1522 1189 istum

136 1218 391 1277 Sylvanum,
417 1220 811 1265 manifestissimum
839 1219 1103 1275 traditorem,
1127 1235 1204 1279 pro
1224 1234 1382 1277 magno
1399 1232 1521 1261 com-

134 1293 409 1336 memoratin
428 1291 623 1351 epistola,
649 1308 781 1352 quam
806 1293 884 1337 tibi
905 1292 1069 1346 scribit,
1100 1307 1122 1335 a
1148 1290 1349 1336 Secundo
1370 1289 1521 1346 Tigisi-

135 1369 239 1406 tano
277 1363 429 1422 primm
469 1363 580 1407 sedis
603 1364 806 1424 episcopo
829 1363 1080 1423 episcopum
1117 1372 1222 1406 tunc
1253 1362 1519 1406 ordinatum.

135 1434 337 1486 Quiescat
359 1450 462 1494 ergo
481 1436 668 1495 superba
686 1451 837 1480 eorum
853 1436 1018 1495 lingua,
1037 1443 1079 1478 et
1098 1441 1329 1493 cognoscat
1344 1431 1526 1477 crimina

135 1518 228 1559 sua,
251 1521 307 1550 ne
324 1505 512 1551 delirans
534 1507 739 1567 loquatur
761 1507 1070 1551 aliena.Recita
1092 1504 1154 1549 illi
1168 1506 1313 1559 etiam,
1334 1505 1365 1548 si
1379 1503 1524 1559 volue-

135 1575 208 1631 rit,
227 1578 354 1621 Gesta
370 1577 656 1623 ecclesiastica
673 1577 866 1638 ejusdem
886 1577 1072 1622 Secundi
1089 1577 1307 1635 Tigisitani
1325 1576 1368 1619 in
1392 1575 1524 1619 domo

137 1648 300 1692 Urbani
324 1650 480 1693 Donati
500 1650 664 1705 habita,
692 1650 766 1694 ubi
786 1648 1002 1694 confessos
1028 1648 1253 1693 traditores
1275 1646 1414 1708 judici
1437 1649 1527 1690 Deo

136 1718 315 1773 dimisit,
340 1724 559 1766 Donatum
585 1721 945 1774 Masculitanum,
969 1720 1187 1765 Marinum
1216 1719 1272 1762 ab
1297 1718 1430 1777 Aquis
1456 1717 1527 1760 Ti-

138 1787 352 1842 bilitaniS,
389 1795 610 1835 Donatum
642 1792 958 1845 Calamensem,
994 1806 1093 1835 eum
1124 1790 1284 1850 quibus
1320 1786 1528 1832 confessis

138 1858 421 1904 traditoribus
441 1871 728 1906 memoratum
742 1862 993 1906 traditorem
1012 1860 1249 1919 Sylvanum
1272 1860 1330 1903 eis
1351 1859 1529 1903 ordina-

139 1931 201 1975 vit
221 1932 489 1992 episcopum.
516 1934 667 1978 Recita
694 1934 756 1978 illi
792 1936 919 1979 Gesta
951 1933 1067 1993 apud
1098 1932 1386 1992 Zenophilum
1419 1947 1527 1975 con-

141 2002 344 2059 sularem,
358 2005 430 2048 ubi
443 2006 740 2050 Nundinarius
755 2007 933 2065 quidam
951 2005 1157 2049 diaconus
1170 2005 1303 2049 iratus
1320 2002 1526 2061 Sylvano,

141 2073 262 2133 quod
290 2075 345 2118 ab
375 2091 427 2120 eo
468 2075 602 2121 fuerit
623 2077 1040 2132 excommunicatus,
1067 2077 1160 2120 haec
1190 2076 1333 2120 omnia
1352 2073 1528 2133 judiciis

143 2145 464 2205 prodidit,quae
481 2148 610 2192 certis
621 2148 894 2194 documentis
908 2158 950 2192 et
965 2147 1314 2205 responsionibus
1334 2146 1525 2199 testium,

145 2224 189 2260 et
224 2216 477 2262 recitatione
505 2220 737 2263 Gestorum
754 2254 764 2274 ,
790 2229 834 2263 et
855 2217 1092 2262 multarum
1113 2214 1409 2275 epistolarum,
1433 2214 1532 2260 luce

147 2287 303 2333 clarius
321 2289 626 2334 constiterunt.

206 2360 260 2404 V.
285 2359 426 2406 Multa
455 2370 556 2404 sunt
581 2360 783 2421 alia<c1uae
806 2359 869 2403 illi
893 2359 1060 2414 recites,
1085 2358 1118 2402 si
1150 2372 1239 2401 non
1265 2358 1534 2403 contentiose

151 2446 293 2489 agere,
314 2431 389 2476 sed
407 2432 643 2492 prudenter
659 2430 1003 2477 audirevoluerit
1023 2450 1031 2475 ε
1055 2445 1201 2490 preces
1215 2430 1532 2474 Donatistarum

155 2498 212 2544 ad
240 2503 593 2558 Constantinum,
617 2512 667 2547 ut
700 2513 878 2562 propter
908 2503 1044 2561 ipsam
1070 2516 1241 2545 eausam
1268 2501 1380 2544 inter
1409 2499 1535 2545 Afros

119 2633 125 2637 ι
158 2570 380 2631 episcopos
400 2569 687 2618 dirimendam
712 2574 882 2635 judices
900 2588 951 2617 ex
973 2571 1110 2617 Gallia
1144 2571 1364 2631 episcopos
1390 2571 1536 2615 mitte-

1290 2643 1349 2681 :317
