1790 3187
589 184 788 213 zmsrom.
825 185 882 213 ix.
1348 173 1427 210 271

48 254 131 300 Sed
153 253 187 297 si
210 254 254 297 in
275 266 355 297 suo
375 265 557 310 corpore
583 266 632 294 ea
657 250 847 304 faciunt,
868 250 1065 310 sequitur
1087 257 1136 293 ut
1157 257 1200 292 et
1229 264 1308 293 nos
1330 248 1435 293 alios

44 323 195 370 oculos
228 338 458 383 corporeos
485 322 742 366 intrinsecus
770 322 1010 365 habeamus
1044 336 1142 365 cum
1169 319 1433 375 dormimus,

44 394 202 455 quibus
236 394 308 437 illa
342 393 586 446 videamus,
613 409 713 453 quae
734 392 796 435 illi
824 392 868 436 in
901 409 978 436 suo
1011 406 1191 451 corpore
1219 391 1436 435 formave-

47 465 148 510 rint.
177 464 219 510 Si
239 480 343 508 vero
363 465 417 507 ad
437 464 534 507 istas
554 479 619 508 res
643 479 729 507 non
753 478 934 521 corpore
957 465 1219 524 adjuvantur
1234 477 1337 516 suo,
1362 460 1438 504 sed

45 535 91 580 in
120 536 392 595 phantastico
414 551 493 578 suo
526 534 605 578 ista
633 534 898 592 disponunt,
925 544 1057 593 atque
1085 534 1142 577 ita
1167 532 1438 591 phantastica

47 616 191 653 nostra
214 607 500 664 contingunt,
528 615 567 650 et
596 606 645 649 fit
667 606 804 649 visum
821 641 832 661 ‚
857 606 977 665 quod
1002 615 1066 648 est
1088 604 1304 648 somnium
1326 624 1337 658 3
1362 617 1441 647 cur

47 693 194 738 quaeso
217 687 259 721 te
279 713 290 732 ,
322 694 411 722 non
444 693 524 735 ego
551 677 824 736 phantastico
847 692 944 720 meo
968 686 1091 719 tuum
1117 674 1441 734 phantasticum

47 764 94 793 ea
117 750 282 793 somnia
307 765 511 807 generare
533 748 749 808 compello
768 784 778 802 ‚
799 765 898 808 quae
923 748 1028 791 mihi
1050 748 1188 806 primo
1212 746 1257 790 in
1281 762 1332 789 eo
1353 746 1443 804 ipse

45 818 229 864 formavi
249 822 266 864 P
285 822 412 865 Certe
434 830 477 864 et
498 821 603 863 mihi
621 830 684 864 est
707 819 929 877 phantasia
944 853 954 869 ‚
974 828 1017 861 et
1034 817 1153 876 quod
1171 817 1272 861 volo
1291 826 1443 875 potens

46 900 110 934 est
132 892 318 949 fingere,
340 907 438 935 curn
465 891 644 934 omnino
663 889 834 933 nullum
868 889 946 932 tibi
961 887 1072 931 facio
1094 888 1310 931 somnium
1328 921 1338 939 ,
1366 885 1443 930 sed

46 961 188 1019 ipsum
218 976 376 1019 corpus
403 970 599 1005 nostrum
626 960 753 1004 video
783 960 827 1002 in
862 960 988 1004 nobis
1016 960 1182 1002 somnia
1219 971 1439 1017 generare.

47 1033 155 1077 Nam
179 1047 279 1076 cum
302 1032 435 1076 semel
460 1032 663 1076 habuerit
685 1047 762 1091 per
785 1031 992 1076 affectum
1016 1047 1104 1090 quo
1126 1030 1283 1073 animae
1306 1044 1444 1088 copu-

46 1101 163 1147 latur
180 1138 190 1156 ,
216 1104 334 1162 cogit
355 1119 433 1148 nos
455 1103 645 1163 idipsum
676 1102 795 1147 miris
822 1102 962 1147 modis
990 1117 1064 1161 per
1089 1101 1359 1161 phantasiam
1386 1099 1442 1143 si—

46 1173 229 1218 mulare.
279 1177 402 1234 Saepe
442 1173 707 1218 dormientes
741 1189 841 1218 cum
876 1174 1044 1217 sitimus
1068 1207 1079 1227 ‚
1129 1173 1281 1216 bibere
1325 1185 1446 1215 som-

12 1258 15 1311 ³:
48 1244 216 1288 niamus
242 1280 254 1300 ‚
292 1255 336 1289 et
373 1246 609 1290 esurientes
653 1245 777 1305 quasi
812 1245 1090 1290 comedentes
1130 1244 1359 1300 videmur3
1403 1249 1448 1285 et

48 1315 186 1359 multa
212 1315 313 1360 talia
331 1352 342 1371 ‚
370 1333 469 1377 quae
496 1318 620 1378 quasi
655 1317 917 1362 commercio
939 1315 1130 1375 quodam
1154 1331 1176 1359 a
1199 1329 1380 1374 corpore
1402 1314 1448 1356 in

14 1436 15 1439 Ἴ
49 1386 236 1430 animam
267 1388 541 1446 phantastice
564 1387 900 1432 transferuntur.
929 1390 1032 1432 Haec
1054 1402 1134 1446 pro
1162 1386 1228 1430 sui
1251 1384 1448 1429 obscuri-

14 1462 16 1509 }
50 1466 163 1512 tate,
188 1473 268 1517 pro
303 1469 540 1520 nostraque
572 1460 788 1519 imperitia
811 1475 867 1504 ne
899 1459 1092 1512 mireris,
1119 1459 1153 1503 si
1181 1458 1324 1501 minus
1360 1455 1449 1500 ele-

0 1563 17 1592 Γ
51 1538 200 1588 gauter
233 1531 467 1591 minusque
501 1531 721 1576 subtiliter
748 1532 958 1592 explicata
991 1539 1094 1576 sunt
1125 1549 1133 1575 :
1160 1539 1211 1574 tu
1239 1529 1283 1573 id
1308 1529 1450 1574 facere

50 1609 268 1660 quantum
290 1604 450 1663 poteris
472 1602 705 1648 laborabis.
736 1621 757 1645 »

17 1755 19 1759 ·
53 1748 1193 1767 mmmmmmmmmmmmm
1199 1746 1450 1763 mmmmm

511 1859 837 1908 EPiSTOLA
882 1857 1000 1906 154¹.

469 1997 696 2030 NEBRIDIO
725 1995 1030 2029 AIJGUSTINUS.

0 2145 6 2154 -
66 2110 336 2175 Qucestz'onz'
365 2115 424 2160 de
446 2115 644 2160 somniis
660 2130 751 2174 per
777 2114 1048 2174 superiores
1065 2121 1331 2174 potestates
1366 2113 1453 2156 im-

521 2187 677 2231 missis
712 2184 981 2245 respondet.

120 2324 155 2366 1.
187 2325 440 2378 QUANQUAM
471 2325 557 2368 mei
588 2326 721 2369 animi
758 2325 959 2384 cognitor
987 2326 1065 2380 sis,
1102 2324 1283 2370 fortasse
1310 2334 1455 2369 tamen

0 2423 6 2433 .
64 2391 232 2452 ignoras
265 2406 481 2455 quantum
514 2395 644 2440 velim
677 2397 907 2456 praesentia
938 2406 1012 2441 tua
1039 2396 1140 2440 frui.
1176 2400 1341 2441 Verum
1374 2399 1457 2442 hoc

0 2521 8 2530 ι
65 2470 151 2508 tam
169 2480 375 2524 magnum
391 2466 653 2512 beneficium
672 2471 786 2512 Deus
802 2466 1070 2528 quandoque
1093 2468 1331 2527 praestabit.
1354 2469 1458 2527 Legi

111 2554 116 2569 ¹
138 2547 220 2582 Alias
237 2560 310 2582 cxv.
323 2560 391 2593 quae
408 2555 515 2584 autem
531 2561 566 2584 ix
581 2556 665 2594 erat,
682 2562 768 2584 nunc
784 2563 834 2584 xi..
852 2569 888 2575 -—-
909 2554 1034 2594 Scripta
1050 2556 1121 2595 post
1134 2553 1305 2595 posterior.
1319 2553 1418 2594 Epist.
