<?xml version="1.0" encoding="UTF-8"?>
<!DOCTYPE html PUBLIC "-//W3C//DTD XHTML 1.0 Transitional//EN"
    "http://www.w3.org/TR/xhtml1/DTD/xhtml1-transitional.dtd">
<html xmlns="http://www.w3.org/1999/xhtml" xml:lang="en" lang="en">
 <head>
  <title>
</title>
<meta http-equiv="Content-Type" content="text/html;charset=utf-8" />
  <meta name='ocr-system' content='tesseract 3.04.00' />
  <meta name='ocr-capabilities' content='ocr_page ocr_carea ocr_par ocr_line ocrx_word'/>
</head>
<body>
  <div class='ocr_page' id='page_1' title='image "./operaomniaaccura38auguuoft_0351.png"; bbox 0 0 1790 3187; ppageno 0'>
   <div class='ocr_carea' id='block_1_1' title="bbox 550 263 1432 302">
    <p class='ocr_par' dir='ltr' id='par_1_1' title="bbox 550 263 1432 302">
     <span class='ocr_line' id='line_1_1' title="bbox 550 263 1432 302; baseline 0 -2"><span class='ocrx_word' id='word_1_1' title='bbox 550 275 746 302; x_wconf 62' lang='lat' dir='ltr'>aris‘rom</span> <span class='ocrx_word' id='word_1_2' title='bbox 784 276 940 302; x_wconf 74' lang='lat' dir='ltr'>xxviii.</span> <span class='ocrx_word' id='word_1_3' title='bbox 1354 263 1432 302; x_wconf 78' lang='lat'>341</span> 
     </span>
    </p>
   </div>
   <div class='ocr_carea' id='block_1_2' title="bbox 0 340 1456 2589">
    <p class='ocr_par' dir='ltr' id='par_1_2' title="bbox 0 340 1447 615">
     <span class='ocr_line' id='line_1_2' title="bbox 0 340 1444 402; baseline 0.002 -18"><span class='ocrx_word' id='word_1_4' title='bbox 0 362 8 380; x_wconf 69' lang='grc' dir='ltr'>ι</span> <span class='ocrx_word' id='word_1_5' title='bbox 57 355 176 385; x_wconf 88' lang='lat' dir='ltr'>more</span> <span class='ocrx_word' id='word_1_6' title='bbox 203 350 434 385; x_wconf 90' lang='lat' dir='ltr'>contentus</span> <span class='ocrx_word' id='word_1_7' title='bbox 463 360 470 385; x_wconf 91' lang='lat'>:</span> <span class='ocrx_word' id='word_1_8' title='bbox 497 341 571 384; x_wconf 82' lang='lat' dir='ltr'>sed</span> <span class='ocrx_word' id='word_1_9' title='bbox 594 350 728 385; x_wconf 86' lang='lat' dir='ltr'>scatet</span> <span class='ocrx_word' id='word_1_10' title='bbox 759 343 926 386; x_wconf 80' lang='lat' dir='ltr'>animus</span> <span class='ocrx_word' id='word_1_11' title='bbox 948 342 992 385; x_wconf 91' lang='lat' dir='ltr'>in</span> <span class='ocrx_word' id='word_1_12' title='bbox 1021 340 1216 402; x_wconf 84' lang='lat' dir='ltr'>loquelas</span> <span class='ocrx_word' id='word_1_13' title='bbox 1244 356 1444 387; x_wconf 90' lang='lat' dir='ltr'>commu-</span> 
     </span>
     <span class='ocr_line' id='line_1_3' title="bbox 55 410 1443 473; baseline 0.003 -19"><span class='ocrx_word' id='word_1_14' title='bbox 55 410 258 455; x_wconf 87' lang='lat' dir='ltr'>nicandas</span> <span class='ocrx_word' id='word_1_15' title='bbox 281 420 424 455; x_wconf 88' lang='lat' dir='ltr'>tecum</span> <span class='ocrx_word' id='word_1_16' title='bbox 442 411 496 454; x_wconf 86' lang='lat' dir='ltr'>de</span> <span class='ocrx_word' id='word_1_17' title='bbox 511 411 662 455; x_wconf 88' lang='lat' dir='ltr'>studiis</span> <span class='ocrx_word' id='word_1_18' title='bbox 678 412 855 467; x_wconf 87' lang='lat' dir='ltr'>nostris,</span> <span class='ocrx_word' id='word_1_19' title='bbox 874 429 973 473; x_wconf 76' lang='lat' dir='ltr'>quae</span> <span class='ocrx_word' id='word_1_20' title='bbox 989 413 1198 457; x_wconf 82' lang='lat' dir='ltr'>habemus</span> <span class='ocrx_word' id='word_1_21' title='bbox 1211 412 1254 456; x_wconf 88' lang='lat' dir='ltr'>in</span> <span class='ocrx_word' id='word_1_22' title='bbox 1270 414 1443 458; x_wconf 86' lang='lat' dir='ltr'>Christo</span> 
     </span>
     <span class='ocr_line' id='line_1_4' title="bbox 56 483 1444 544; baseline 0 -16"><span class='ocrx_word' id='word_1_23' title='bbox 56 485 156 528; x_wconf 88' lang='lat' dir='ltr'>Jesu</span> <span class='ocrx_word' id='word_1_24' title='bbox 178 483 361 527; x_wconf 89' lang='lat' dir='ltr'>Domino</span> <span class='ocrx_word' id='word_1_25' title='bbox 384 493 532 527; x_wconf 87' lang='lat' dir='ltr'>nostro</span> <span class='ocrx_word' id='word_1_26' title='bbox 555 503 563 528; x_wconf 74' lang='grc' dir='ltr'>ε</span> <span class='ocrx_word' id='word_1_27' title='bbox 585 484 659 544; x_wconf 83' lang='lat' dir='ltr'>qui</span> <span class='ocrx_word' id='word_1_28' title='bbox 683 485 807 528; x_wconf 90' lang='lat' dir='ltr'>nobis</span> <span class='ocrx_word' id='word_1_29' title='bbox 825 485 982 530; x_wconf 85' lang='lat' dir='ltr'>multas</span> <span class='ocrx_word' id='word_1_30' title='bbox 1005 485 1210 529; x_wconf 70' lang='lat' dir='ltr'>utilitates</span> <span class='ocrx_word' id='word_1_31' title='bbox 1229 494 1273 529; x_wconf 90' lang='lat' dir='ltr'>et</span> <span class='ocrx_word' id='word_1_32' title='bbox 1290 485 1444 529; x_wconf 87' lang='lat' dir='ltr'>viatica</span> 
     </span>
     <span class='ocr_line' id='line_1_5' title="bbox 56 554 1447 615; baseline 0.002 -18"><span class='ocrx_word' id='word_1_33' title='bbox 56 554 255 614; x_wconf 73' lang='lat' dir='ltr'>quaedam</span> <span class='ocrx_word' id='word_1_34' title='bbox 277 554 562 598; x_wconf 86' lang='lat' dir='ltr'>demonstrati</span> <span class='ocrx_word' id='word_1_35' title='bbox 584 571 606 599; x_wconf 88' lang='lat' dir='ltr'>a</span> <span class='ocrx_word' id='word_1_36' title='bbox 632 570 676 599; x_wconf 90' lang='lat' dir='ltr'>se</span> <span class='ocrx_word' id='word_1_37' title='bbox 701 556 886 607; x_wconf 79' lang='lat' dir='ltr'>itineris,</span> <span class='ocrx_word' id='word_1_38' title='bbox 913 556 1041 600; x_wconf 82' lang='lat' dir='ltr'>etiam</span> <span class='ocrx_word' id='word_1_39' title='bbox 1066 572 1142 615; x_wconf 88' lang='lat' dir='ltr'>per</span> <span class='ocrx_word' id='word_1_40' title='bbox 1161 565 1281 600; x_wconf 87' lang='lat' dir='ltr'>tuam</span> <span class='ocrx_word' id='word_1_41' title='bbox 1304 556 1447 600; x_wconf 77' lang='lat' dir='ltr'>chari-</span> 
     </span>
    </p>

    <p class='ocr_par' dir='ltr' id='par_1_3' title="bbox 0 626 1112 687">
     <span class='ocr_line' id='line_1_6' title="bbox 0 626 1112 687; baseline 0.002 -17"><span class='ocrx_word' id='word_1_42' title='bbox 0 629 7 636; x_wconf 86' lang='grc'><strong>“</strong></span> <span class='ocrx_word' id='word_1_43' title='bbox 56 635 188 670; x_wconf 89' lang='lat' dir='ltr'>tatem</span> <span class='ocrx_word' id='word_1_44' title='bbox 212 642 301 671; x_wconf 91' lang='lat' dir='ltr'>non</span> <span class='ocrx_word' id='word_1_45' title='bbox 325 626 601 671; x_wconf 79' lang='lat' dir='ltr'>mediocriter</span> <span class='ocrx_word' id='word_1_46' title='bbox 625 628 868 671; x_wconf 86' lang='lat' dir='ltr'>ministrare</span> <span class='ocrx_word' id='word_1_47' title='bbox 891 628 1112 687; x_wconf 77' lang='lat' dir='ltr'>dignatur.</span> 
     </span>
    </p>

    <p class='ocr_par' dir='ltr' id='par_1_4' title="bbox 48 697 1447 759">
     <span class='ocr_line' id='line_1_7' title="bbox 48 697 1447 759; baseline 0.001 -18"><span class='ocrx_word' id='word_1_48' title='bbox 48 750 50 753; x_wconf 18' lang='grc' dir='ltr'>ι</span> <span class='ocrx_word' id='word_1_49' title='bbox 115 700 173 742; x_wconf 88' lang='lat'>11.</span> <span class='ocrx_word' id='word_1_50' title='bbox 202 699 393 742; x_wconf 83' lang='lat' dir='ltr'>Petimus</span> <span class='ocrx_word' id='word_1_51' title='bbox 410 713 510 756; x_wconf 86' lang='lat' dir='ltr'>ergo</span> <span class='ocrx_word' id='word_1_52' title='bbox 524 734 534 753; x_wconf 86' lang='lat'>,</span> <span class='ocrx_word' id='word_1_53' title='bbox 553 708 594 742; x_wconf 89' lang='lat' dir='ltr'>et</span> <span class='ocrx_word' id='word_1_54' title='bbox 614 698 839 743; x_wconf 86' lang='lat' dir='ltr'>nobiscum</span> <span class='ocrx_word' id='word_1_55' title='bbox 860 699 968 759; x_wconf 87' lang='lat' dir='ltr'>petit</span> <span class='ocrx_word' id='word_1_56' title='bbox 984 699 1123 743; x_wconf 90' lang='lat' dir='ltr'>omnis</span> <span class='ocrx_word' id='word_1_57' title='bbox 1144 697 1447 744; x_wconf 85' lang='lat' dir='ltr'>Africanarum</span> 
     </span>
    </p>

    <p class='ocr_par' dir='ltr' id='par_1_5' title="bbox 57 769 1451 830">
     <span class='ocr_line' id='line_1_8' title="bbox 57 769 1451 830; baseline -0.001 -15"><span class='ocrx_word' id='word_1_58' title='bbox 57 769 333 815; x_wconf 81' lang='lat' dir='ltr'>ecclesiarum</span> <span class='ocrx_word' id='word_1_59' title='bbox 358 770 549 814; x_wconf 86' lang='lat' dir='ltr'>studiosa</span> <span class='ocrx_word' id='word_1_60' title='bbox 572 771 751 815; x_wconf 87' lang='lat' dir='ltr'>societas</span> <span class='ocrx_word' id='word_1_61' title='bbox 766 805 776 825; x_wconf 87' lang='lat'>‚</span> <span class='ocrx_word' id='word_1_62' title='bbox 798 780 847 814; x_wconf 87' lang='lat' dir='ltr'>ut</span> <span class='ocrx_word' id='word_1_63' title='bbox 870 770 1206 830; x_wconf 80' lang='lat' dir='ltr'>interpretandis</span> <span class='ocrx_word' id='word_1_64' title='bbox 1228 786 1379 815; x_wconf 87' lang='lat' dir='ltr'>eorum</span> <span class='ocrx_word' id='word_1_65' title='bbox 1396 769 1451 813; x_wconf 92' lang='lat' dir='ltr'>li-</span> 
     </span>
    </p>

    <p class='ocr_par' dir='ltr' id='par_1_6' title="bbox 55 840 1451 900">
     <span class='ocr_line' id='line_1_9' title="bbox 55 840 1451 900; baseline -0.001 -14"><span class='ocrx_word' id='word_1_66' title='bbox 55 840 170 894; x_wconf 87' lang='lat' dir='ltr'>bris,</span> <span class='ocrx_word' id='word_1_67' title='bbox 204 840 279 900; x_wconf 86' lang='lat' dir='ltr'>qui</span> <span class='ocrx_word' id='word_1_68' title='bbox 305 856 444 899; x_wconf 74' lang='lat' dir='ltr'>graece</span> <span class='ocrx_word' id='word_1_69' title='bbox 468 842 709 900; x_wconf 71' lang='lat' dir='ltr'>Scripturas</span> <span class='ocrx_word' id='word_1_70' title='bbox 741 850 909 885; x_wconf 69' lang='lat' dir='ltr'>nostras</span> <span class='ocrx_word' id='word_1_71' title='bbox 939 857 1069 900; x_wconf 83' lang='lat' dir='ltr'>quam</span> <span class='ocrx_word' id='word_1_72' title='bbox 1099 842 1264 900; x_wconf 85' lang='lat' dir='ltr'>optime</span> <span class='ocrx_word' id='word_1_73' title='bbox 1290 850 1451 884; x_wconf 87' lang='lat' dir='ltr'>tracta-</span> 
     </span>
    </p>

    <p class='ocr_par' dir='ltr' id='par_1_7' title="bbox 55 910 1448 971">
     <span class='ocr_line' id='line_1_10' title="bbox 55 910 1448 971; baseline -0.001 -15"><span class='ocrx_word' id='word_1_74' title='bbox 55 920 237 966; x_wconf 85' lang='lat' dir='ltr'>verunt,</span> <span class='ocrx_word' id='word_1_75' title='bbox 271 927 420 955; x_wconf 90' lang='lat' dir='ltr'>curam</span> <span class='ocrx_word' id='word_1_76' title='bbox 453 920 584 971; x_wconf 85' lang='lat' dir='ltr'>atquc</span> <span class='ocrx_word' id='word_1_77' title='bbox 621 927 797 970; x_wconf 82' lang='lat' dir='ltr'>operam</span> <span class='ocrx_word' id='word_1_78' title='bbox 836 910 1088 970; x_wconf 86' lang='lat' dir='ltr'>impendere</span> <span class='ocrx_word' id='word_1_79' title='bbox 1121 926 1210 954; x_wconf 88' lang='lat' dir='ltr'>non</span> <span class='ocrx_word' id='word_1_80' title='bbox 1243 910 1448 968; x_wconf 85' lang='lat' dir='ltr'>graveris.</span> 
     </span>
    </p>

    <p class='ocr_par' dir='ltr' id='par_1_8' title="bbox 55 981 1452 1042">
     <span class='ocr_line' id='line_1_11' title="bbox 55 981 1452 1042; baseline -0.001 -15"><span class='ocrx_word' id='word_1_81' title='bbox 55 986 181 1028; x_wconf 89' lang='lat' dir='ltr'>Potes</span> <span class='ocrx_word' id='word_1_82' title='bbox 212 983 327 1026; x_wconf 90' lang='lat' dir='ltr'>enim</span> <span class='ocrx_word' id='word_1_83' title='bbox 348 984 540 1037; x_wconf 82' lang='lat' dir='ltr'>efficere,</span> <span class='ocrx_word' id='word_1_84' title='bbox 577 992 627 1026; x_wconf 87' lang='lat' dir='ltr'>ut</span> <span class='ocrx_word' id='word_1_85' title='bbox 654 998 731 1026; x_wconf 85' lang='lat' dir='ltr'>nos</span> <span class='ocrx_word' id='word_1_86' title='bbox 753 998 932 1042; x_wconf 87' lang='lat' dir='ltr'>quoque</span> <span class='ocrx_word' id='word_1_87' title='bbox 954 983 1195 1026; x_wconf 84' lang='lat' dir='ltr'>habeamus</span> <span class='ocrx_word' id='word_1_88' title='bbox 1221 981 1325 1026; x_wconf 87' lang='lat' dir='ltr'>tales</span> <span class='ocrx_word' id='word_1_89' title='bbox 1355 981 1452 1026; x_wconf 88' lang='lat' dir='ltr'>illos</span> 
     </span>
    </p>

    <p class='ocr_par' dir='ltr' id='par_1_9' title="bbox 54 1052 1454 1114">
     <span class='ocr_line' id='line_1_12' title="bbox 54 1052 1454 1114; baseline -0.001 -16"><span class='ocrx_word' id='word_1_90' title='bbox 54 1054 187 1108; x_wconf 86' lang='lat' dir='ltr'>viros,</span> <span class='ocrx_word' id='word_1_91' title='bbox 213 1062 256 1097; x_wconf 88' lang='lat' dir='ltr'>et</span> <span class='ocrx_word' id='word_1_92' title='bbox 279 1069 417 1097; x_wconf 87' lang='lat' dir='ltr'>unum</span> <span class='ocrx_word' id='word_1_93' title='bbox 442 1054 736 1112; x_wconf 73' lang='lat' dir='ltr'>potissimum,</span> <span class='ocrx_word' id='word_1_94' title='bbox 762 1069 890 1114; x_wconf 86' lang='lat' dir='ltr'>quem</span> <span class='ocrx_word' id='word_1_95' title='bbox 918 1063 963 1097; x_wconf 92' lang='lat' dir='ltr'>tu</span> <span class='ocrx_word' id='word_1_96' title='bbox 986 1053 1195 1097; x_wconf 88' lang='lat' dir='ltr'>libentius</span> <span class='ocrx_word' id='word_1_97' title='bbox 1217 1054 1262 1096; x_wconf 88' lang='lat' dir='ltr'>in</span> <span class='ocrx_word' id='word_1_98' title='bbox 1286 1053 1370 1096; x_wconf 87' lang='lat' dir='ltr'>tuis</span> <span class='ocrx_word' id='word_1_99' title='bbox 1388 1052 1454 1097; x_wconf 89' lang='lat' dir='ltr'>lit-</span> 
     </span>
    </p>

    <p class='ocr_par' dir='ltr' id='par_1_10' title="bbox 53 1124 1455 1254">
     <span class='ocr_line' id='line_1_13' title="bbox 55 1124 1455 1182; baseline -0.002 -12"><span class='ocrx_word' id='word_1_100' title='bbox 55 1126 155 1171; x_wconf 82' lang='lat' dir='ltr'>teris</span> <span class='ocrx_word' id='word_1_101' title='bbox 173 1140 312 1169; x_wconf 90' lang='lat' dir='ltr'>sonas.</span> <span class='ocrx_word' id='word_1_102' title='bbox 338 1127 399 1168; x_wconf 91' lang='lat' dir='ltr'>De</span> <span class='ocrx_word' id='word_1_103' title='bbox 417 1125 635 1169; x_wconf 83' lang='lat' dir='ltr'>vertendis</span> <span class='ocrx_word' id='word_1_104' title='bbox 654 1135 801 1169; x_wconf 86' lang='lat' dir='ltr'>autem</span> <span class='ocrx_word' id='word_1_105' title='bbox 819 1125 864 1168; x_wconf 91' lang='lat' dir='ltr'>in</span> <span class='ocrx_word' id='word_1_106' title='bbox 884 1124 1061 1168; x_wconf 90' lang='lat' dir='ltr'>latinam</span> <span class='ocrx_word' id='word_1_107' title='bbox 1079 1124 1275 1182; x_wconf 82' lang='lat' dir='ltr'>linguam</span> <span class='ocrx_word' id='word_1_108' title='bbox 1298 1124 1455 1168; x_wconf 88' lang='lat' dir='ltr'>sanctis</span> 
     </span>
     <span class='ocr_line' id='line_1_14' title="bbox 53 1193 1455 1254; baseline -0.001 -14"><span class='ocrx_word' id='word_1_109' title='bbox 53 1195 206 1241; x_wconf 84' lang='lat' dir='ltr'>litteris</span> <span class='ocrx_word' id='word_1_110' title='bbox 245 1195 463 1240; x_wconf 88' lang='lat' dir='ltr'>canonicis</span> <span class='ocrx_word' id='word_1_111' title='bbox 495 1196 693 1240; x_wconf 86' lang='lat' dir='ltr'>laborare</span> <span class='ocrx_word' id='word_1_112' title='bbox 722 1205 763 1239; x_wconf 84' lang='lat' dir='ltr'>tc</span> <span class='ocrx_word' id='word_1_113' title='bbox 793 1194 980 1250; x_wconf 81' lang='lat' dir='ltr'>nollem,</span> <span class='ocrx_word' id='word_1_114' title='bbox 1010 1196 1091 1238; x_wconf 89' lang='lat' dir='ltr'>nisi</span> <span class='ocrx_word' id='word_1_115' title='bbox 1123 1211 1174 1240; x_wconf 92' lang='lat' dir='ltr'>eo</span> <span class='ocrx_word' id='word_1_116' title='bbox 1202 1193 1335 1239; x_wconf 91' lang='lat' dir='ltr'>modo</span> <span class='ocrx_word' id='word_1_117' title='bbox 1366 1209 1455 1254; x_wconf 86' lang='lat' dir='ltr'>quo</span> 
     </span>
    </p>

    <p class='ocr_par' dir='ltr' id='par_1_11' title="bbox 0 1256 1456 1325">
     <span class='ocr_line' id='line_1_15' title="bbox 0 1256 1456 1325; baseline -0.002 -14"><span class='ocrx_word' id='word_1_118' title='bbox 0 1256 2 1318; x_wconf 42' lang='lat' dir='ltr'>f</span> <span class='ocrx_word' id='word_1_119' title='bbox 55 1266 140 1311; x_wconf 81' lang='lat' dir='ltr'>Job</span> <span class='ocrx_word' id='word_1_120' title='bbox 164 1267 474 1325; x_wconf 74' lang='lat' dir='ltr'>interpretatus</span> <span class='ocrx_word' id='word_1_121' title='bbox 496 1282 562 1324; x_wconf 78' lang='lat' dir='ltr'>es3</span> <span class='ocrx_word' id='word_1_122' title='bbox 607 1276 656 1309; x_wconf 89' lang='lat' dir='ltr'>ut</span> <span class='ocrx_word' id='word_1_123' title='bbox 685 1266 817 1325; x_wconf 83' lang='lat' dir='ltr'>signis</span> <span class='ocrx_word' id='word_1_124' title='bbox 845 1266 1051 1309; x_wconf 76' lang='lat' dir='ltr'>adhibitis</span> <span class='ocrx_word' id='word_1_125' title='bbox 1075 1265 1183 1325; x_wconf 84' lang='lat' dir='ltr'>quid</span> <span class='ocrx_word' id='word_1_126' title='bbox 1206 1266 1320 1309; x_wconf 87' lang='lat' dir='ltr'>inter</span> <span class='ocrx_word' id='word_1_127' title='bbox 1341 1266 1456 1310; x_wconf 88' lang='lat' dir='ltr'>hane</span> 
     </span>
    </p>

    <p class='ocr_par' dir='ltr' id='par_1_12' title="bbox 0 1329 1455 1467">
     <span class='ocr_line' id='line_1_16' title="bbox 0 1329 1451 1397; baseline -0.001 -16"><span class='ocrx_word' id='word_1_128' title='bbox 0 1329 2 1395; x_wconf 35' lang='grc' dir='ltr'>ἶ</span> <span class='ocrx_word' id='word_1_129' title='bbox 54 1347 172 1383; x_wconf 85' lang='lat' dir='ltr'>tuam</span> <span class='ocrx_word' id='word_1_130' title='bbox 200 1348 242 1380; x_wconf 90' lang='lat' dir='ltr'>et</span> <span class='ocrx_word' id='word_1_131' title='bbox 270 1337 579 1396; x_wconf 82' lang='lat' dir='ltr'>Septuaginta,</span> <span class='ocrx_word' id='word_1_132' title='bbox 608 1352 797 1397; x_wconf 87' lang='lat' dir='ltr'>quorum</span> <span class='ocrx_word' id='word_1_133' title='bbox 831 1346 895 1380; x_wconf 87' lang='lat' dir='ltr'>est</span> <span class='ocrx_word' id='word_1_134' title='bbox 917 1337 1164 1395; x_wconf 82' lang='lat' dir='ltr'>gravissima</span> <span class='ocrx_word' id='word_1_135' title='bbox 1191 1336 1451 1391; x_wconf 85' lang='lat' dir='ltr'>auctoritas,</span> 
     </span>
     <span class='ocr_line' id='line_1_17' title="bbox 53 1407 1455 1467; baseline -0.001 -15"><span class='ocrx_word' id='word_1_136' title='bbox 53 1408 458 1466; x_wconf 84' lang='lat' dir='ltr'>interpretationem</span> <span class='ocrx_word' id='word_1_137' title='bbox 497 1407 627 1451; x_wconf 85' lang='lat' dir='ltr'>distet</span> <span class='ocrx_word' id='word_1_138' title='bbox 645 1441 655 1457; x_wconf 91' lang='lat'>‚</span> <span class='ocrx_word' id='word_1_139' title='bbox 691 1417 911 1467; x_wconf 85' lang='lat' dir='ltr'>appareat.</span> <span class='ocrx_word' id='word_1_140' title='bbox 956 1408 1065 1452; x_wconf 87' lang='lat' dir='ltr'>Satis</span> <span class='ocrx_word' id='word_1_141' title='bbox 1097 1416 1243 1451; x_wconf 89' lang='lat' dir='ltr'>autem</span> <span class='ocrx_word' id='word_1_142' title='bbox 1283 1421 1455 1467; x_wconf 89' lang='lat' dir='ltr'>nequeo</span> 
     </span>
    </p>

    <p class='ocr_par' dir='ltr' id='par_1_13' title="bbox 0 1474 1456 1538">
     <span class='ocr_line' id='line_1_18' title="bbox 0 1474 1456 1538; baseline -0.001 -16"><span class='ocrx_word' id='word_1_143' title='bbox 0 1474 1 1536; x_wconf 41' lang='lat' dir='ltr'>J</span> <span class='ocrx_word' id='word_1_144' title='bbox 55 1479 222 1534; x_wconf 84' lang='lat' dir='ltr'>mirari,</span> <span class='ocrx_word' id='word_1_145' title='bbox 249 1479 283 1523; x_wconf 86' lang='lat' dir='ltr'>si</span> <span class='ocrx_word' id='word_1_146' title='bbox 306 1478 471 1538; x_wconf 82' lang='lat' dir='ltr'>aliquid</span> <span class='ocrx_word' id='word_1_147' title='bbox 503 1478 648 1522; x_wconf 85' lang='lat' dir='ltr'>adbuc</span> <span class='ocrx_word' id='word_1_148' title='bbox 679 1478 723 1521; x_wconf 92' lang='lat' dir='ltr'>in</span> <span class='ocrx_word' id='word_1_149' title='bbox 756 1478 952 1522; x_wconf 72' lang='lat' dir='ltr'>Hebraeis</span> <span class='ocrx_word' id='word_1_150' title='bbox 972 1477 1294 1537; x_wconf 83' lang='lat' dir='ltr'>exemplaribus</span> <span class='ocrx_word' id='word_1_151' title='bbox 1331 1479 1456 1522; x_wconf 82' lang='lat' dir='ltr'>inve-</span> 
     </span>
    </p>

    <p class='ocr_par' dir='ltr' id='par_1_14' title="bbox 0 1547 1456 2589">
     <span class='ocr_line' id='line_1_19' title="bbox 0 1547 1456 1609; baseline -0.001 -16"><span class='ocrx_word' id='word_1_152' title='bbox 0 1599 1 1605; x_wconf 16' lang='lat'><em>*</em></span> <span class='ocrx_word' id='word_1_153' title='bbox 55 1549 200 1603; x_wconf 77' lang='lat' dir='ltr'>nitur,</span> <span class='ocrx_word' id='word_1_154' title='bbox 232 1551 353 1609; x_wconf 84' lang='lat' dir='ltr'>quod</span> <span class='ocrx_word' id='word_1_155' title='bbox 381 1559 446 1594; x_wconf 88' lang='lat' dir='ltr'>tot</span> <span class='ocrx_word' id='word_1_156' title='bbox 475 1550 735 1608; x_wconf 84' lang='lat' dir='ltr'>interpretes</span> <span class='ocrx_word' id='word_1_157' title='bbox 756 1549 869 1592; x_wconf 90' lang='lat' dir='ltr'>illius</span> <span class='ocrx_word' id='word_1_158' title='bbox 891 1548 1054 1607; x_wconf 80' lang='lat' dir='ltr'>linguae</span> <span class='ocrx_word' id='word_1_159' title='bbox 1076 1549 1354 1608; x_wconf 84' lang='lat' dir='ltr'>peritissimos</span> <span class='ocrx_word' id='word_1_160' title='bbox 1384 1547 1456 1592; x_wconf 87' lang='lat' dir='ltr'>fu-</span> 
     </span>
     <span class='ocr_line' id='line_1_20' title="bbox 56 1619 1455 1680; baseline -0.002 -15"><span class='ocrx_word' id='word_1_161' title='bbox 56 1622 178 1680; x_wconf 83' lang='lat' dir='ltr'>gerit.</span> <span class='ocrx_word' id='word_1_162' title='bbox 209 1622 377 1666; x_wconf 85' lang='lat' dir='ltr'>Omitto</span> <span class='ocrx_word' id='word_1_163' title='bbox 408 1622 524 1664; x_wconf 86' lang='lat' dir='ltr'>enim</span> <span class='ocrx_word' id='word_1_164' title='bbox 556 1620 865 1680; x_wconf 73' lang='lat' dir='ltr'>Septuaginta,</span> <span class='ocrx_word' id='word_1_165' title='bbox 891 1621 947 1664; x_wconf 84' lang='lat' dir='ltr'>de</span> <span class='ocrx_word' id='word_1_166' title='bbox 972 1635 1159 1680; x_wconf 83' lang='lat' dir='ltr'>quorum</span> <span class='ocrx_word' id='word_1_167' title='bbox 1191 1619 1260 1664; x_wconf 90' lang='lat' dir='ltr'>vel</span> <span class='ocrx_word' id='word_1_168' title='bbox 1286 1619 1455 1664; x_wconf 88' lang='lat' dir='ltr'>consilii</span> 
     </span>
     <span class='ocr_line' id='line_1_21' title="bbox 55 1691 1456 1752; baseline -0.001 -16"><span class='ocrx_word' id='word_1_169' title='bbox 55 1691 121 1737; x_wconf 91' lang='lat' dir='ltr'>vel</span> <span class='ocrx_word' id='word_1_170' title='bbox 152 1693 326 1751; x_wconf 87' lang='lat' dir='ltr'>spiritus</span> <span class='ocrx_word' id='word_1_171' title='bbox 357 1693 520 1752; x_wconf 86' lang='lat' dir='ltr'>majore</span> <span class='ocrx_word' id='word_1_172' title='bbox 544 1692 779 1736; x_wconf 86' lang='lat' dir='ltr'>concordia</span> <span class='ocrx_word' id='word_1_173' title='bbox 797 1727 807 1745; x_wconf 76' lang='lat'>,</span> <span class='ocrx_word' id='word_1_174' title='bbox 833 1707 963 1751; x_wconf 81' lang='lat' dir='ltr'>quam</span> <span class='ocrx_word' id='word_1_175' title='bbox 990 1691 1024 1734; x_wconf 89' lang='lat' dir='ltr'>si</span> <span class='ocrx_word' id='word_1_176' title='bbox 1046 1706 1160 1734; x_wconf 86' lang='lat' dir='ltr'>unus</span> <span class='ocrx_word' id='word_1_177' title='bbox 1182 1692 1315 1734; x_wconf 90' lang='lat' dir='ltr'>homo</span> <span class='ocrx_word' id='word_1_178' title='bbox 1344 1699 1456 1734; x_wconf 86' lang='lat' dir='ltr'>esset</span> 
     </span>
     <span class='ocr_line' id='line_1_22' title="bbox 55 1761 1454 1821; baseline -0.001 -15"><span class='ocrx_word' id='word_1_179' title='bbox 55 1777 141 1807; x_wconf 89' lang='lat' dir='ltr'>non</span> <span class='ocrx_word' id='word_1_180' title='bbox 155 1763 295 1807; x_wconf 85' lang='lat' dir='ltr'>audeo</span> <span class='ocrx_word' id='word_1_181' title='bbox 315 1764 359 1806; x_wconf 87' lang='lat' dir='ltr'>in</span> <span class='ocrx_word' id='word_1_182' title='bbox 373 1763 563 1821; x_wconf 80' lang='lat' dir='ltr'>aliquam</span> <span class='ocrx_word' id='word_1_183' title='bbox 578 1771 745 1821; x_wconf 86' lang='lat' dir='ltr'>partem</span> <span class='ocrx_word' id='word_1_184' title='bbox 760 1771 920 1805; x_wconf 86' lang='lat' dir='ltr'>certam</span> <span class='ocrx_word' id='word_1_185' title='bbox 947 1761 1059 1805; x_wconf 85' lang='lat' dir='ltr'>ferre</span> <span class='ocrx_word' id='word_1_186' title='bbox 1076 1762 1351 1815; x_wconf 84' lang='lat' dir='ltr'>sententiam,</span> <span class='ocrx_word' id='word_1_187' title='bbox 1373 1762 1454 1806; x_wconf 87' lang='lat' dir='ltr'>nisi</span> 
     </span>
     <span class='ocr_line' id='line_1_23' title="bbox 55 1833 1453 1893; baseline -0.001 -15"><span class='ocrx_word' id='word_1_188' title='bbox 55 1833 172 1893; x_wconf 87' lang='lat' dir='ltr'>quod</span> <span class='ocrx_word' id='word_1_189' title='bbox 193 1834 252 1877; x_wconf 89' lang='lat' dir='ltr'>eis</span> <span class='ocrx_word' id='word_1_190' title='bbox 278 1834 634 1892; x_wconf 78' lang='lat' dir='ltr'>praeeminentem</span> <span class='ocrx_word' id='word_1_191' title='bbox 661 1833 961 1876; x_wconf 88' lang='lat' dir='ltr'>auctoritatem</span> <span class='ocrx_word' id='word_1_192' title='bbox 986 1833 1030 1876; x_wconf 87' lang='lat' dir='ltr'>in</span> <span class='ocrx_word' id='word_1_193' title='bbox 1056 1833 1138 1877; x_wconf 89' lang='lat' dir='ltr'>hoc</span> <span class='ocrx_word' id='word_1_194' title='bbox 1161 1848 1344 1876; x_wconf 82' lang='lat' dir='ltr'>munere.</span> <span class='ocrx_word' id='word_1_195' title='bbox 1361 1833 1453 1876; x_wconf 83' lang='lat' dir='ltr'>sine</span> 
     </span>
     <span class='ocr_line' id='line_1_24' title="bbox 53 1903 1452 1964; baseline -0.001 -15"><span class='ocrx_word' id='word_1_196' title='bbox 53 1905 345 1949; x_wconf 83' lang='lat' dir='ltr'>controversia</span> <span class='ocrx_word' id='word_1_197' title='bbox 363 1904 642 1948; x_wconf 85' lang='lat' dir='ltr'>tribuendam</span> <span class='ocrx_word' id='word_1_198' title='bbox 657 1905 870 1948; x_wconf 69' lang='lat' dir='ltr'>existimo.</span> <span class='ocrx_word' id='word_1_199' title='bbox 892 1903 960 1947; x_wconf 88' lang='lat' dir='ltr'>Illi</span> <span class='ocrx_word' id='word_1_200' title='bbox 977 1920 1044 1947; x_wconf 87' lang='lat' dir='ltr'>mc</span> <span class='ocrx_word' id='word_1_201' title='bbox 1056 1903 1151 1963; x_wconf 89' lang='lat' dir='ltr'>plus</span> <span class='ocrx_word' id='word_1_202' title='bbox 1167 1913 1359 1959; x_wconf 78' lang='lat' dir='ltr'>movent,</span> <span class='ocrx_word' id='word_1_203' title='bbox 1376 1904 1452 1964; x_wconf 88' lang='lat' dir='ltr'>qui</span> 
     </span>
     <span class='ocr_line' id='line_1_25' title="bbox 55 1975 1452 2034; baseline -0.001 -15"><span class='ocrx_word' id='word_1_204' title='bbox 55 1991 152 2020; x_wconf 88' lang='lat' dir='ltr'>cum</span> <span class='ocrx_word' id='word_1_205' title='bbox 163 1977 420 2034; x_wconf 84' lang='lat' dir='ltr'>posteriores</span> <span class='ocrx_word' id='word_1_206' title='bbox 434 1976 840 2034; x_wconf 66' lang='lat' dir='ltr'>interpretarentur,</span> <span class='ocrx_word' id='word_1_207' title='bbox 856 1985 898 2018; x_wconf 83' lang='lat' dir='ltr'>et</span> <span class='ocrx_word' id='word_1_208' title='bbox 912 1976 1146 2019; x_wconf 75' lang='lat' dir='ltr'>verborum</span> <span class='ocrx_word' id='word_1_209' title='bbox 1157 1975 1452 2020; x_wconf 83' lang='lat' dir='ltr'>locutionum·</span> 
     </span>
     <span class='ocr_line' id='line_1_26' title="bbox 55 2045 1445 2106; baseline -0.001 -16"><span class='ocrx_word' id='word_1_210' title='bbox 55 2061 138 2106; x_wconf 87' lang='lat' dir='ltr'>que</span> <span class='ocrx_word' id='word_1_211' title='bbox 154 2046 435 2090; x_wconf 79' lang='lat' dir='ltr'>Hel)raearum</span> <span class='ocrx_word' id='word_1_212' title='bbox 458 2046 571 2089; x_wconf 86' lang='lat' dir='ltr'>viam</span> <span class='ocrx_word' id='word_1_213' title='bbox 588 2049 599 2071; x_wconf 83' lang='lat'><strong>¹</strong></span> <span class='ocrx_word' id='word_1_214' title='bbox 625 2055 755 2105; x_wconf 81' lang='lat' dir='ltr'>atque</span> <span class='ocrx_word' id='word_1_215' title='bbox 777 2045 947 2104; x_wconf 80' lang='lat' dir='ltr'>regulas</span> <span class='ocrx_word' id='word_1_216' title='bbox 963 2046 1198 2097; x_wconf 80' lang='lat' dir='ltr'>mordicus,</span> <span class='ocrx_word' id='word_1_217' title='bbox 1222 2055 1269 2090; x_wconf 88' lang='lat' dir='ltr'>ut</span> <span class='ocrx_word' id='word_1_218' title='bbox 1286 2045 1445 2101; x_wconf 81' lang='lat' dir='ltr'>fertur,</span> 
     </span>
     <span class='ocr_line' id='line_1_27' title="bbox 56 2116 1448 2173; baseline 0 -11"><span class='ocrx_word' id='word_1_219' title='bbox 56 2126 266 2172; x_wconf 82' lang='lat' dir='ltr'>tenerent,</span> <span class='ocrx_word' id='word_1_220' title='bbox 294 2133 382 2162; x_wconf 92' lang='lat' dir='ltr'>non</span> <span class='ocrx_word' id='word_1_221' title='bbox 404 2116 545 2162; x_wconf 83' lang='lat' dir='ltr'>solum</span> <span class='ocrx_word' id='word_1_222' title='bbox 568 2118 682 2161; x_wconf 87' lang='lat' dir='ltr'>inter</span> <span class='ocrx_word' id='word_1_223' title='bbox 700 2133 850 2161; x_wconf 88' lang='lat' dir='ltr'>senon</span> <span class='ocrx_word' id='word_1_224' title='bbox 874 2127 1202 2173; x_wconf 82' lang='lat' dir='ltr'>consenserunt,</span> <span class='ocrx_word' id='word_1_225' title='bbox 1220 2116 1295 2161; x_wconf 91' lang='lat' dir='ltr'>sed</span> <span class='ocrx_word' id='word_1_226' title='bbox 1319 2118 1448 2162; x_wconf 87' lang='lat' dir='ltr'>etiam</span> 
     </span>
     <span class='ocr_line' id='line_1_28' title="bbox 55 2187 1449 2248; baseline 0 -16"><span class='ocrx_word' id='word_1_227' title='bbox 55 2188 323 2248; x_wconf 84' lang='lat' dir='ltr'>reliquerunt</span> <span class='ocrx_word' id='word_1_228' title='bbox 348 2188 481 2232; x_wconf 80' lang='lat' dir='ltr'>multa</span> <span class='ocrx_word' id='word_1_229' title='bbox 505 2223 515 2243; x_wconf 73' lang='lat'>‚</span> <span class='ocrx_word' id='word_1_230' title='bbox 542 2205 640 2248; x_wconf 75' lang='lat' dir='ltr'>quac</span> <span class='ocrx_word' id='word_1_231' title='bbox 665 2198 786 2233; x_wconf 88' lang='lat' dir='ltr'>tanto</span> <span class='ocrx_word' id='word_1_232' title='bbox 810 2198 907 2248; x_wconf 90' lang='lat' dir='ltr'>post</span> <span class='ocrx_word' id='word_1_233' title='bbox 930 2189 1122 2232; x_wconf 85' lang='lat' dir='ltr'>eruenda</span> <span class='ocrx_word' id='word_1_234' title='bbox 1150 2198 1193 2232; x_wconf 89' lang='lat' dir='ltr'>et</span> <span class='ocrx_word' id='word_1_235' title='bbox 1222 2187 1449 2248; x_wconf 86' lang='lat' dir='ltr'>prodenda</span> 
     </span>
     <span class='ocr_line' id='line_1_29' title="bbox 56 2259 1448 2315; baseline 0 -11"><span class='ocrx_word' id='word_1_236' title='bbox 56 2270 339 2304; x_wconf 81' lang='lat' dir='ltr'>remanerent.</span> <span class='ocrx_word' id='word_1_237' title='bbox 373 2263 428 2303; x_wconf 89' lang='lat' dir='ltr'>Et</span> <span class='ocrx_word' id='word_1_238' title='bbox 446 2269 521 2303; x_wconf 86' lang='lat' dir='ltr'>aut</span> <span class='ocrx_word' id='word_1_239' title='bbox 543 2260 727 2305; x_wconf 84' lang='lat' dir='ltr'>obscura</span> <span class='ocrx_word' id='word_1_240' title='bbox 750 2270 873 2315; x_wconf 79' lang='lat' dir='ltr'>sunt,</span> <span class='ocrx_word' id='word_1_241' title='bbox 896 2270 971 2304; x_wconf 89' lang='lat' dir='ltr'>aut</span> <span class='ocrx_word' id='word_1_242' title='bbox 995 2259 1237 2304; x_wconf 85' lang='lat' dir='ltr'>manifesta.</span> <span class='ocrx_word' id='word_1_243' title='bbox 1266 2261 1309 2304; x_wconf 89' lang='lat' dir='ltr'>Si</span> <span class='ocrx_word' id='word_1_244' title='bbox 1331 2261 1448 2304; x_wconf 86' lang='lat' dir='ltr'>enim</span> 
     </span>
     <span class='ocr_line' id='line_1_30' title="bbox 57 2329 1449 2390; baseline 0.001 -16"><span class='ocrx_word' id='word_1_245' title='bbox 57 2330 239 2375; x_wconf 86' lang='lat' dir='ltr'>obscura</span> <span class='ocrx_word' id='word_1_246' title='bbox 261 2340 384 2384; x_wconf 87' lang='lat' dir='ltr'>sunt,</span> <span class='ocrx_word' id='word_1_247' title='bbox 408 2340 448 2373; x_wconf 89' lang='lat' dir='ltr'>te</span> <span class='ocrx_word' id='word_1_248' title='bbox 471 2346 648 2390; x_wconf 82' lang='lat' dir='ltr'>quoque</span> <span class='ocrx_word' id='word_1_249' title='bbox 671 2332 715 2374; x_wconf 89' lang='lat' dir='ltr'>in</span> <span class='ocrx_word' id='word_1_250' title='bbox 738 2331 795 2375; x_wconf 89' lang='lat' dir='ltr'>eis</span> <span class='ocrx_word' id='word_1_251' title='bbox 825 2330 917 2375; x_wconf 85' lang='lat' dir='ltr'>falli</span> <span class='ocrx_word' id='word_1_252' title='bbox 941 2332 1130 2390; x_wconf 88' lang='lat' dir='ltr'>potuisse</span> <span class='ocrx_word' id='word_1_253' title='bbox 1161 2329 1354 2375; x_wconf 88' lang='lat' dir='ltr'>creditur</span> <span class='ocrx_word' id='word_1_254' title='bbox 1379 2351 1387 2376; x_wconf 91' lang='lat'>:</span> <span class='ocrx_word' id='word_1_255' title='bbox 1414 2332 1449 2375; x_wconf 88' lang='lat' dir='ltr'>si</span> 
     </span>
     <span class='ocr_line' id='line_1_31' title="bbox 58 2401 1447 2463; baseline 0.001 -17"><span class='ocrx_word' id='word_1_256' title='bbox 58 2402 278 2447; x_wconf 85' lang='lat' dir='ltr'>manifesta</span> <span class='ocrx_word' id='word_1_257' title='bbox 296 2438 307 2457; x_wconf 85' lang='lat'>,</span> <span class='ocrx_word' id='word_1_258' title='bbox 336 2401 430 2446; x_wconf 86' lang='lat' dir='ltr'>illos</span> <span class='ocrx_word' id='word_1_259' title='bbox 459 2402 504 2445; x_wconf 86' lang='lat' dir='ltr'>in</span> <span class='ocrx_word' id='word_1_260' title='bbox 535 2403 594 2446; x_wconf 91' lang='lat' dir='ltr'>eis</span> <span class='ocrx_word' id='word_1_261' title='bbox 624 2402 717 2447; x_wconf 85' lang='lat' dir='ltr'>falli</span> <span class='ocrx_word' id='word_1_262' title='bbox 744 2404 935 2463; x_wconf 88' lang='lat' dir='ltr'>potuisse</span> <span class='ocrx_word' id='word_1_263' title='bbox 958 2419 1048 2448; x_wconf 89' lang='lat' dir='ltr'>non</span> <span class='ocrx_word' id='word_1_264' title='bbox 1071 2403 1278 2448; x_wconf 88' lang='lat' dir='ltr'>creditur.</span> <span class='ocrx_word' id='word_1_265' title='bbox 1307 2404 1447 2463; x_wconf 86' lang='lat' dir='ltr'>Hujus</span> 
     </span>
     <span class='ocr_line' id='line_1_32' title="bbox 58 2472 1445 2534; baseline 0.001 -18"><span class='ocrx_word' id='word_1_266' title='bbox 58 2472 185 2530; x_wconf 85' lang='lat' dir='ltr'>igitur</span> <span class='ocrx_word' id='word_1_267' title='bbox 208 2474 268 2517; x_wconf 87' lang='lat' dir='ltr'>rei</span> <span class='ocrx_word' id='word_1_268' title='bbox 291 2489 369 2533; x_wconf 86' lang='lat' dir='ltr'>pro</span> <span class='ocrx_word' id='word_1_269' title='bbox 398 2482 471 2517; x_wconf 83' lang='lat' dir='ltr'>tua</span> <span class='ocrx_word' id='word_1_270' title='bbox 494 2474 730 2528; x_wconf 81' lang='lat' dir='ltr'>charitate,</span> <span class='ocrx_word' id='word_1_271' title='bbox 762 2475 963 2534; x_wconf 78' lang='lat' dir='ltr'>expositis</span> <span class='ocrx_word' id='word_1_272' title='bbox 990 2475 1127 2520; x_wconf 87' lang='lat' dir='ltr'>causis</span> <span class='ocrx_word' id='word_1_273' title='bbox 1143 2510 1153 2528; x_wconf 90' lang='lat'><strong>‚</strong></span> <span class='ocrx_word' id='word_1_274' title='bbox 1183 2483 1352 2519; x_wconf 87' lang='lat' dir='ltr'>certum</span> <span class='ocrx_word' id='word_1_275' title='bbox 1375 2489 1445 2518; x_wconf 92' lang='lat' dir='ltr'>me</span> 
     </span>
     <span class='ocr_line' id='line_1_33' title="bbox 60 2541 535 2589; baseline 0.002 -3"><span class='ocrx_word' id='word_1_276' title='bbox 60 2541 183 2588; x_wconf 84' lang='lat' dir='ltr'>facias</span> <span class='ocrx_word' id='word_1_277' title='bbox 206 2545 535 2589; x_wconf 86' lang='lat' dir='ltr'>obsecraverim.</span> 
     </span>
    </p>
   </div>
   <div class='ocr_carea' id='block_1_3' title="bbox 109 2629 338 2662">
    <p class='ocr_par' dir='ltr' id='par_1_15' title="bbox 109 2629 338 2662">
     <span class='ocr_line' id='line_1_34' title="bbox 109 2629 338 2662; baseline 0.009 -3"><span class='ocrx_word' id='word_1_278' title='bbox 109 2634 114 2649; x_wconf 89' lang='lat'><em>¹</em></span> <span class='ocrx_word' id='word_1_279' title='bbox 141 2629 244 2661; x_wconf 75' lang='lat' dir='ltr'>Forte</span> <span class='ocrx_word' id='word_1_280' title='bbox 262 2629 338 2662; x_wconf 70' lang='lat' dir='ltr'>vint-</span> 
     </span>
    </p>
   </div>
  </div>
 </body>
</html>
