1790 3187
352 206 407 245 64
785 221 818 245 s.
855 216 1083 246 ,mensum
1118 218 1294 245 EPISCOPI

357 304 373 324 »
399 292 443 328 et
476 298 594 328 nunc
625 298 725 328 eum
759 283 848 327 duo
883 283 1058 329 illorum
1086 284 1130 343 in
1168 283 1290 342 panis
1322 281 1529 327 fractione
1560 297 1726 340 cogno·
1788 315 1790 323 ,

354 371 374 394 »
399 356 598 398 verunt1.
621 372 639 394 »
1763 407 1766 410 ἦ

412 426 470 468 40.
507 427 562 468 Et
584 423 682 468 ideo
704 422 893 468 secunda
914 425 1051 483 pastio
1073 422 1249 483 populi,
1272 438 1370 482 quae
1386 423 1441 467 de
1463 432 1628 482 septem
1652 437 1729 481 pa-

350 495 478 539 nibus
501 495 615 539 facta
637 503 727 549 est,
754 492 808 538 ad
830 494 939 540 Novi
961 494 1220 539 Testamenti
1240 494 1591 553 praedicationem
1614 501 1729 538 recte

349 564 608 623 intelligitur
643 564 873 624 pertinere.
905 567 1000 610 Non
1036 564 1149 608 enim
1190 564 1244 608 ab
1282 564 1427 624 aliquo
1457 562 1732 622 Evangelista

348 633 516 679 dictum
551 643 643 689 est,
675 632 794 694 quod
824 634 893 678 isti
922 649 1052 692 panes
1079 633 1308 678 hordeacei
1333 633 1519 688 suerint,
1544 633 1656 677 sicut
1677 631 1730 676 de
1782 686 1783 691 ¹

350 703 433 748 illis
454 705 649 765 quinque
668 704 774 749 dixit
798 707 1028 750 Joannes2.
1055 707 1158 749 Haec
1181 720 1283 764 ergo
1306 704 1443 763 pastio
1470 703 1524 747 de
1548 703 1732 762 panibus

348 783 513 834 septem
536 773 591 819 ad
618 774 796 834 gratiam
818 775 1007 834 pertinet
1035 775 1266 830 Ecclesiae,
1293 790 1393 833 quae
1414 774 1634 819 notissima
1659 772 1732 816 illa

349 844 589 904 septenaria
620 846 756 891 sancti
782 846 965 906 Spiritus
986 846 1235 906 operatione
1254 844 1415 889 refecta
1438 845 1727 902 cognoscitur.
1779 876 1781 906 5

288 906 291 909 7
347 917 404 959 Et
425 914 523 961 ideo
545 931 634 960 non
656 916 725 960 hic
747 917 835 961 duo
856 916 992 976 pisces
1018 915 1148 960 fuisse
1164 915 1412 960 scribuntur
1426 949 1437 965 ,
1462 913 1573 958 sicut
1588 913 1634 957 in
1656 928 1733 957 ve·
1779 907 1780 920 ¹

349 986 426 1029 teri
447 985 543 1044 lege
557 1021 568 1041 ,
587 986 665 1030 ubi
687 985 777 1031 duo
798 985 876 1031 soli
895 987 1225 1046 unguebantur,
1252 1001 1325 1030 rex
1346 995 1390 1030 et
1411 984 1634 1041 sacerdos,
1659 982 1733 1027 sed

349 1056 473 1113 pauci
497 1056 656 1115 pisces,
681 1055 726 1100 id
749 1066 833 1112 est,
856 1057 931 1117 qui
954 1056 1080 1116 primi
1112 1056 1295 1101 Domino
1324 1058 1427 1099 Jesu
1449 1054 1622 1099 Christo
1643 1068 1734 1097 cre-

348 1126 579 1182 diderunt,
605 1135 648 1171 et
663 1127 708 1171 in
731 1128 820 1187 ejus
839 1128 1015 1173 nomine
1028 1128 1147 1172 uncti
1165 1136 1293 1181 sunt,
1318 1135 1360 1170 et
1374 1126 1490 1170 missi
1513 1124 1565 1169 ad
1581 1124 1735 1184 praedi·

348 1195 538 1240 eandum
576 1197 893 1255 Evangelium,
935 1208 977 1242 et
1015 1198 1069 1242 ad
1100 1197 1403 1243 sustinendum
1432 1196 1733 1241 turbulentum
1774 1195 1790 1241 ¹,

348 1280 467 1310 mare
492 1266 624 1327 hujus
646 1268 814 1322 saeculi,
840 1277 889 1312 ut
909 1283 987 1327 pro
1009 1268 1102 1327 ipso
1125 1283 1284 1326 magno
1306 1268 1444 1326 pisce,
1471 1266 1517 1310 id
1543 1276 1626 1321 est,
1659 1281 1736 1325 pro
1772 1266 1774 1303 ἰ

349 1336 523 1381 Christo
557 1336 774 1396 legatione
811 1337 1132 1397 fungerentur,
1170 1337 1280 1382 sicut
1323 1336 1482 1382 Paulus
1520 1336 1737 1396 apostolus
1772 1326 1790 1397 ’ἐ

348 1406 454 1451 dicit
472 1409 503 1450 3.
546 1410 697 1467 Neque
733 1409 778 1452 in
815 1409 905 1468 ipsa
941 1410 1068 1453 turba
1105 1408 1302 1469 quinque
1340 1408 1471 1452 millia
1506 1407 1732 1451 hominum
1788 1409 1790 1416 '

349 1477 558 1533 fuerunt,
597 1479 708 1523 sicut
735 1478 844 1534 illic,
879 1480 954 1523 ubi
985 1477 1176 1524 carnales
1201 1479 1341 1538 legem
1373 1479 1653 1537 accipientes,
1690 1477 1732 1520 id
1768 1501 1771 1539 5

350 1557 438 1603 est,
460 1548 655 1608 quinque
672 1549 867 1594 sensibus
885 1550 1023 1594 earnis
1042 1549 1176 1594 dediti
1194 1549 1489 1607 significantur
1506 1569 1517 1607 3
1536 1548 1609 1593 sed
1632 1562 1734 1607 qua·

354 1627 451 1663 tuor
483 1619 618 1663 millia
647 1620 790 1679 potius
810 1655 821 1675 ,
847 1636 934 1680 quo
961 1635 1143 1665 numero
1171 1619 1468 1678 significantur
1490 1617 1730 1678 spiritales,

351 1698 527 1748 propter
549 1699 736 1749 quatuor
756 1690 887 1734 animi
910 1691 1112 1745 virtutes,
1139 1690 1298 1749 quibus
1318 1691 1363 1745 in
1384 1690 1465 1734 hac
1489 1689 1576 1733 vita
1607 1688 1734 1747 spiri·
1765 1704 1766 1751 ]

352 1759 494 1803 taliter
515 1759 697 1815 vivitur,
721 1760 1014 1819 prudentiam,
1040 1761 1388 1818 temperantiam,
1411 1758 1729 1813 fortitudinem,
1763 1767 1765 1832 j

351 1838 391 1874 et
410 1830 637 1890 justitiam.
670 1833 864 1884 Quarum
893 1832 1030 1890 prima
1058 1841 1121 1876 est
1141 1832 1332 1891 cognitio
1355 1846 1499 1875 rerum
1524 1839 1733 1890 appeten-

351 1900 505 1944 darum
530 1910 572 1944 et
600 1900 907 1960 fugiendarum
931 1922 939 1946 :
974 1903 1189 1957 secunda,
1223 1902 1457 1946 refrenatio
1486 1899 1733 1960 cupiditatis
1762 1911 1763 1929 ἒ

351 1971 406 2014 ab
429 1971 479 2015 iis
501 1986 600 2031 quae
623 1972 919 2031 temporaliter
942 1972 1160 2017 delectant
1191 1992 1198 2017 :
1225 1972 1349 2016 tertia
1365 2007 1375 2027 ,
1402 1972 1581 2015 firmitas
1603 1968 1732 2014 animi
1760 1961 1762 2024 J

353 2040 556 2085 adversus
574 2057 622 2085 ea
641 2058 740 2101 quae
757 2043 1050 2102 temporaliter
1069 2043 1247 2086 molesta
1275 2050 1377 2086 sunt
1399 2061 1407 2086 :
1434 2050 1585 2101 quarta
1604 2075 1615 2095 ,
1636 2054 1731 2100 quae

354 2126 429 2169 per
446 2121 621 2156 caeteras
643 2128 789 2157 ornnes
807 2113 1093 2168 diffunditur,
1118 2113 1292 2157 dilectio
1314 2113 1391 2157 Dei
1406 2122 1451 2156 ct
1473 2111 1671 2171 proximi.
1758 2109 1759 2117 ’

414 2184 473 2226 5⁰.
498 2186 608 2228 Sane
625 2193 669 2228 et
689 2184 748 2227 ibi
771 2185 964 2244 quinque
981 2185 1111 2228 millia
1132 2184 1376 2237 hominum,
1398 2183 1527 2227 ethic
1545 2191 1731 2242 quatuor
1756 2217 1758 2233 ,

353 2253 485 2298 millia
509 2255 694 2314 exceptis
728 2255 980 2299 mulieribus
1006 2263 1048 2298 et
1072 2255 1214 2313 pueris
1243 2254 1373 2298 fuisse
1397 2262 1692 2298 memorantur
1719 2269 1727 2296 :
1754 2262 1757 2315 ῥ’

352 2323 472 2381 quod
494 2324 602 2367 mihi
620 2324 790 2368 videtur
812 2324 867 2368 ad
884 2326 965 2368 hoc
979 2325 1208 2384 pertinere,
1227 2333 1276 2367 ut
1299 2324 1604 2381 intelligamus,
1627 2331 1670 2366 et
1686 2322 1729 2365 in

353 2393 517 2451 populo
536 2394 699 2437 Veteris
716 2395 975 2438 Testamenti
990 2393 1120 2438 fuisse
1140 2394 1351 2453 quosdam
1365 2393 1558 2437 infirmos
1576 2392 1629 2436 ad
1650 2392 1730 2435 im·
1752 2394 1754 2441 ἒ

354 2461 557 2520 plendam
571 2462 782 2522 justitiam
805 2479 903 2523 quaa
926 2463 1165 2508 secundum
1191 2464 1329 2523 legem
1358 2472 1445 2519 est,
1474 2463 1519 2507 in
1546 2478 1630 2522 qua
1646 2463 1730 2522 jus·

402 2552 409 2569 ¹
434 2549 510 2579 Luc.
533 2557 618 2585 xxiv,
639 2556 692 2589 97.
707 2565 746 2572 --
766 2554 778 2571 ²
797 2547 915 2580 Matth.
937 2559 990 2587 xv,
1010 2547 1063 2590 34,
1079 2551 1111 2580 et
1125 2549 1228 2581 Marc.
1251 2555 1325 2588 vni,
1347 2547 1379 2579 5.
1396 2563 1436 2571 —
1450 2545 1463 2570 3
1478 2545 1501 2579 '2
1527 2549 1600 2581 Cor.
1621 2557 1654 2583 v,
1675 2554 1727 2578 20.
1750 2583 1751 2592 ἵ
