1790 3187
337 235 420 276 376
765 246 796 273 s.
838 248 1063 274 κυουετηει
1098 248 1275 274 EPISCOPl

334 312 576 357 incredibili
599 311 745 355 furore
759 311 867 355 solet
888 313 1054 355 caedere
1072 321 1415 371 perempturum.
1448 310 1640 355 Minatur
1656 312 1712 366 ei,

334 383 485 427 transit
508 382 561 426 ad
585 391 750 441 partem
783 382 952 437 Donati,
980 383 1273 441 rebaptizatur
1296 379 1466 432 furens,
1489 390 1532 424 et
1558 381 1604 424 in
1621 395 1716 425 ma-

333 463 507 498 ternum
544 453 795 511 sanguinem
834 451 1020 498 fremens
1057 453 1165 497 albis
1209 452 1400 497 vestibus
1441 451 1713 496 candidatur.

334 524 627 570 Constituitur
645 524 758 567 intra
780 523 993 569 cancellos
1020 525 1214 568 eminens
1237 532 1367 583 atque
1381 523 1656 581 conspicuus,
1676 531 1719 566 et

335 595 532 641 omnium
560 595 827 653 gementium
849 594 983 640 oculis
1006 593 1235 640 matricidii
1255 592 1488 638 meditator
1510 601 1720 653 tanquam

334 675 563 710 renovatus
581 666 833 725 opponitur.

392 740 475 782 III.
498 737 697 781 Haeccine
713 735 890 781 tandem
905 737 985 780 tibi
999 737 1173 796 placent
1187 735 1251 781 vir
1269 734 1720 794 gravissimePNequa-

330 823 464 868 quam
486 808 569 851 hoc
588 806 643 850 de
670 816 714 851 te
737 806 996 851 crediderim
1017 826 1026 851 :
1050 806 1152 851 novi
1172 806 1561 851 considerationem
1579 814 1716 850 tuam.

331 872 527 923 Caeditur
544 887 682 921 mater
699 876 882 921 carnalis
904 877 950 920 in
972 877 1192 932 membris,
1218 876 1378 937 quibus
1396 876 1546 934 genuit
1567 884 1610 919 et
1638 889 1722 918 nu-

332 949 452 993 trivit
474 949 691 1006 ingratum
721 968 730 1005 3
755 948 957 1007 prohibet
990 948 1074 992 hoc
1096 947 1287 992 Ecclesia
1323 956 1460 990 mater
1491 944 1690 1005 spiritalis
1707 979 1719 999 ,

332 1019 516 1062 caeditur
543 1028 586 1062 et
611 1019 701 1077 ipsa
729 1019 774 1062 in
804 1017 1090 1063 Sacramentis
1113 1018 1274 1077 quibus
1295 1017 1444 1074 genuit
1466 1025 1509 1060 et
1538 1015 1722 1060 nutrivit

331 1093 567 1147 ingratum.
605 1092 760 1134 Nonne
782 1088 862 1132 tibi
885 1088 1058 1132 videtur
1081 1089 1233 1132 dixisse
1262 1086 1572 1145 parricidaliter
1601 1085 1722 1129 fren-
1785 1100 1790 1128 ι

333 1162 457 1215 dens,
483 1159 601 1213 Quid
630 1159 784 1203 faciam
823 1158 1051 1214 Ecclesiae,
1092 1174 1192 1218 quac
1225 1173 1294 1201 me
1329 1157 1531 1217 prohibet
1558 1156 1724 1200 caedere

334 1240 517 1274 matrem
541 1244 682 1274 meam
705 1232 722 1274 P
745 1230 893 1273 inveni
921 1230 1029 1288 quid
1057 1227 1211 1273 faciam
1239 1247 1247 1273 :
1269 1229 1437 1289 injuriis
1459 1227 1619 1288 quibus
1640 1242 1723 1286 po·-

337 1311 417 1345 test
435 1302 563 1346 etiam
587 1303 677 1360 ipsa
695 1299 874 1344 feriatur
900 1321 911 1356 3
936 1301 1010 1344 fiat
1039 1301 1084 1343 in
1111 1314 1181 1343 me
1199 1299 1364 1359 aliquid
1387 1298 1505 1343 unde
1528 1298 1723 1343 membra

334 1373 425 1432 ejus
448 1371 640 1417 doleant.
664 1370 830 1415 Vadam
854 1371 961 1414 mibi
984 1371 1039 1414 ad
1056 1387 1127 1415 eos
1155 1372 1231 1431 qui
1252 1379 1483 1414 moverunt
1500 1369 1725 1413 exsufflare
1755 1363 1759 1375 '

333 1444 513 1501 gratiam
531 1444 576 1487 in
594 1459 680 1503 qua
698 1441 761 1486 illi
784 1450 911 1486 natus
931 1457 1049 1493 sum3
1071 1441 1292 1485 destruere
1309 1440 1511 1496 formam,
1529 1454 1661 1499 quam
1680 1439 1724 1482 in
1789 1459 1790 1462 ¹

335 1524 460 1558 utero
482 1516 573 1573 ejus
602 1514 763 1572 accepi.
796 1513 956 1557 Ambas
983 1523 1141 1557 matres
1164 1528 1279 1557 meas
1302 1512 1425 1556 saevis
1462 1509 1725 1556 cruciatibus

337 1594 562 1644 torqueam
586 1605 594 1629 :
617 1601 716 1644 quae
742 1599 811 1628 me
841 1584 1052 1643 posterior
1085 1584 1277 1643 peperit,
1304 1583 1456 1626 efferat
1488 1583 1619 1640 prior.
1656 1579 1725 1624 Ad

334 1656 464 1714 hujus
487 1654 705 1710 dolorem,
732 1654 982 1713 spiritaliter
1005 1654 1163 1697 moriar
1185 1675 1196 1711 3
1217 1653 1271 1697 ad
1288 1653 1401 1697 illius
1422 1651 1584 1696 caedem
1599 1685 1610 1705 ,
1635 1665 1726 1694 car-

334 1725 490 1769 naliter
522 1725 679 1770 vivam.
719 1724 832 1776 Quid
863 1723 981 1767 aliud
1012 1733 1318 1783 expectamus,
1353 1725 1418 1766 vir
1457 1719 1724 1766 honorabilis
1758 1769 1761 1776 ‚

336 1795 515 1849 Eusebi,
549 1795 629 1838 nisi
653 1803 702 1839 ut
723 1795 768 1838 in
791 1794 990 1837 miseram
1014 1793 1256 1849 mulierem,
1283 1801 1504 1837 senectute
1526 1790 1724 1850 decrepi-

338 1873 424 1909 tam
443 1901 453 1920 ,
480 1865 690 1910 viduitate
721 1865 973 1910 destitutam
991 1900 1002 1920 ,
1024 1881 1046 1909 a
1069 1867 1190 1925 cujus
1213 1864 1407 1909 caedibus
1430 1864 1475 1907 in
1502 1862 1725 1908 Catholica

339 1937 669 1995 prohibebatur,
685 1937 774 1995 jam
795 1937 1015 1980 Donatista
1035 1951 1212 1980 securus
1237 1936 1453 1978 armetur?
1473 1932 1589 1986 Quid
1610 1932 1724 1975 enim

339 2005 457 2049 aliud
472 2007 715 2050 furibundo
733 2006 865 2050 corde
879 2007 1096 2064 concepit,
1109 2021 1207 2050 cum
1227 2006 1389 2049 diceret
1407 2003 1556 2047 matri:
1571 2005 1726 2046 'frans-

339 2075 475 2119 feram
498 2077 629 2119 mein
652 2086 818 2134 partem
842 2076 1015 2129 Donati,
1053 2085 1096 2119 ct
1119 2076 1264 2118 bibam
1300 2074 1553 2132 sanguinem
1574 2074 1726 2117 tuum?

340 2149 453 2190 Ecce
481 2148 570 2205 jam
603 2147 865 2191 conscientia
887 2155 1115 2199 cruentus,
1152 2155 1268 2189 veste
1291 2145 1518 2188 dealbatus
1537 2143 1726 2203 ¹'perfecit
1765 2134 1768 2183 ζ

340 2226 508 2276 partem
548 2216 868 2275 pollicitationis
894 2233 999 2271 suae,
1025 2226 1155 2260 restat
1191 2231 1288 2274 pars
1318 2215 1475 2270 altera,
1510 2224 1558 2258 ut
1580 2215 1727 2259 matris
1760 2210 1773 2271 l

339 2288 594 2345 sanguinem
614 2288 746 2332 bibat.
776 2288 817 2332 Si
846 2303 947 2345 ergo
979 2287 1148 2346 placent
1170 2288 1264 2341 ista,
1293 2294 1498 2345 urgeatur
1517 2302 1538 2329 a
1561 2285 1724 2329 clericis

341 2366 385 2400 et
399 2358 790 2402 sanctificatoribus
808 2358 910 2412 suis,
935 2366 984 2401 ut
1000 2358 1110 2401 intra
1134 2365 1304 2402 octavas
1327 2372 1424 2401 suas
1447 2365 1587 2400 totum
1606 2355 1725 2414 quod

341 2427 460 2472 vovit
481 2427 670 2471 exsolvat
687 2430 718 2472 1.

1762 2463 1785 2483 ἰ,

401 2498 477 2540 IV.
515 2499 672 2540 Potens
704 2507 767 2542 est
788 2498 966 2558 quidem
990 2498 1163 2542 dextera
1188 2497 1385 2550 Domini,
1408 2511 1507 2554 quae
1533 2495 1723 2541 furorem
1762 2486 1790 2556 si

391 2588 396 2602 ¹
420 2582 550 2612 Octavze
566 2579 596 2612 in
615 2581 704 2614 albis.
