1790 3187
13 144 17 213 l
182 182 236 208 nr,
268 180 456 208 mvmsm
487 180 646 216 QUAEsr.
682 178 738 207 An
770 180 1236 212 s1M1’Llc1An.1.113.11.
1334 175 1417 214 193

13 214 105 293 ltur
125 261 148 290 a
170 246 312 304 pueris
334 245 425 305 ejus
447 243 668 304 quomodo
689 245 743 290 sit
765 244 956 303 dictum,
991 267 1011 291 «
1038 248 1221 307 Spiritus
1245 251 1420 296 Domini

41 338 60 362 »ι
79 317 318 376 malignus
347 334 367 358 n
393 318 611 377 superiora
641 318 773 363 veiha
798 283 992 366 indicaiit
1024 321 1238 371 narrantis
1278 324 1423 383 Scrip-

36 399 143 435 turae
164 398 206 433 et
220 388 402 433 dicentis
417 423 430 442 ,
455 406 473 429 «
501 388 684 447 Spiritus
706 388 920 448 malignus
937 408 959 436 a
978 392 1180 437 Domino.
1212 411 1232 434 »
1257 395 1423 438 Secun-

35 459 138 506 dum
162 459 275 503 enim
301 459 384 503 hoc
413 477 432 500 «
458 458 654 512 Domini,
680 459 802 519 quod
825 477 847 505 a
871 462 1073 507 Domino.
1103 481 1122 504 »
1148 464 1258 516 Quia
1282 479 1360 524 per
1379 480 1424 509 se

35 533 175 591 ipsum
192 530 303 575 velle
319 545 475 575 nocere
497 530 705 585 habebat,
731 530 774 574 id
795 541 874 586 est,
896 533 1268 593 comprehendere
1293 534 1424 594 satu,

17 602 156 663 {posse
175 611 320 646 autem
353 617 440 646 non
462 601 674 657 habebat,
701 602 780 646 nisi
807 619 977 649 summa
996 605 1160 664 justitia
1192 606 1422 651 sineretur.

17 654 79 720 'Si
107 673 219 717 enim
246 673 359 732 juste
393 672 585 716 vindicat
618 675 753 725 DeuS,
796 673 1172 734 quemadmodum
1205 677 1295 735 ipse
1323 675 1431 721 dicit

18 726 284 803 ¹Apostolus,
310 759 412 788 cum
432 742 563 787 tradit
597 743 796 788 homines
819 744 863 788 in
887 745 1264 804 concupiscentias
1286 746 1431 793 cordis

33 816 230 870 eorum¹3
257 830 344 859 non
374 814 533 858 mirum
570 814 602 857 si
626 814 914 859 nihilominus
933 815 1051 874 juste
1080 815 1309 861 vindicans
1340 827 1430 862 tra-

35 884 96 930 dit
122 899 193 929 eos
220 885 351 929 etiam
375 885 419 928 in
455 884 831 943 concupiscentias
862 884 1049 928 aliorum
1085 901 1243 930 nocere
1278 887 1431 933 volen-

34 956 160 1011 tium,
193 971 268 999 sua
291 970 457 1012 semper
484 953 836 1000 incommutabili
861 956 1074 1016 aequitate
1097 967 1279 1002 servata.

89 1028 148 1070 5⁰.
176 1024 623 1070 Animadvertendum
641 1041 744 1069 sane
757 1034 820 1070 est
838 1060 848 1079 ,
874 1041 977 1070 cum
1000 1026 1304 1073 additamento
1321 1028 1424 1085 dici,

34 1115 56 1140 «
81 1097 262 1157 Spiritus
286 1096 362 1141 Dei
385 1097 540 1141 malus.
565 1115 584 1138 »
608 1099 720 1142 Cum
741 1106 886 1141 autem
909 1099 1221 1144 tantummodo
1244 1099 1428 1156 dicitur,

34 1168 204 1228 spiritus
228 1168 328 1222 Dei,
356 1168 523 1212 etiamsi
549 1183 640 1212 non
663 1167 865 1223 addatur,
892 1168 1058 1223 bonus,
1089 1184 1141 1213 ex
1164 1170 1249 1214 hoc
1271 1170 1432 1215 intelli-

39 1238 149 1297 gitur
181 1239 338 1283 bonus.
369 1238 494 1283 Unde
527 1248 707 1298 apparet
741 1239 909 1283 bonum
949 1240 1151 1298 spiritum
1189 1242 1435 1286 secundum

34 1310 330 1365 substantiam,
349 1309 515 1354 malum
531 1320 675 1355 autem
691 1310 932 1355 secundum
946 1311 1235 1356 ministerium
1254 1313 1337 1357 dici
1351 1313 1436 1373 spi·

33 1381 159 1425 ritum
175 1382 266 1425 Dei.
289 1384 554 1442 Quanquam
571 1382 711 1441 quaeri
735 1380 880 1426 adhuc
901 1383 1050 1441 possit,
1070 1391 1218 1426 utrum
1239 1399 1338 1427 cum
1353 1384 1438 1444 spi-

33 1452 133 1496 ritus
151 1453 227 1496 Dei
244 1451 421 1506 dicitur,
439 1461 547 1501 etex
565 1453 648 1496 hoc
666 1452 882 1511 ipsojam,
905 1461 949 1496 et
966 1453 998 1495 si
1013 1452 1121 1496 nihil
1138 1452 1341 1509 addatur,
1368 1455 1437 1499 in-

34 1522 246 1582 telligitur
267 1523 432 1578 bonus,
464 1522 536 1567 ille
563 1522 833 1580 intelligatur
855 1523 932 1582 qui
951 1532 1014 1566 est
1032 1522 1078 1566 in
1098 1523 1435 1570 Trinitate'con-

35 1593 324 1639 substantialis
341 1595 456 1639 Patri
469 1603 508 1638 et
524 1593 634 1638 Filio
653 1594 836 1653 Spiritus
851 1603 1044 1648 sanctuS,
1061 1593 1116 1638 de
1133 1610 1223 1654 quo
1241 1594 1429 1643 dicitur:

39 1683 58 1707 «
82 1665 167 1710 Ubi
190 1674 335 1710 autem
361 1664 545 1725 Spiritus
563 1666 687 1709 Domi
694 1665 755 1719 ni,
780 1664 842 1708 ibi
867 1664 1084 1709 libertas².
1115 1683 1134 1706 »
1157 1667 1214 1710 Et
1235 1667 1427 1714 iterum·

25 1717 211 2028 {Nobis
231 1745 377 1780 autem
401 1735 609 1779 revelavit
632 1738 747 1779 Deus
777 1750 855 1793 per
889 1736 1097 1793 Spiritum
1126 1739 1296 1781 suumss.
1331 1757 1350 1780 »
1374 1741 1432 1783 Et

45 1805 135 1851 llud
191 1826 210 1848 α
233 1807 302 1851 Sic
318 1815 361 1850 et
377 1822 476 1866 quae
495 1806 573 1850 Dei
591 1815 715 1863 sunt,
734 1821 863 1850 nemo
879 1805 958 1850 scit
974 1806 1055 1850 nisi
1071 1807 1254 1866 Spiritus
1268 1809 1381 1852 Dei4.
1405 1827 1425 1852 υ

66 1886 84 1922 t
99 1877 248 1922 multis
266 1876 371 1922 locis
392 1878 475 1922 hoc
496 1877 631 1922 modo
647 1877 808 1921 dicitur
834 1877 1018 1936 Spiritus
1037 1877 1130 1933 Dei,
1152 1887 1195 1922 et
1217 1879 1426 1939 intelligi-

48 1963 98 1993 ur
120 1948 303 2009 Spiritus
326 1957 501 1993 sanctus
516 1983 526 2003 ,
563 1949 692 1992 etiam
724 1948 757 1992 si
780 1963 871 1992 non
901 1947 1088 1992 addatur
1112 1968 1120 1993 :
1147 1950 1356 2009 quoniam
1379 1966 1428 1995 ea

59 2035 123 2064 uae
138 2021 441 2073 circumstant,
468 2020 568 2065 satis
590 2019 785 2064 indicant
804 2019 859 2063 de
879 2035 970 2079 quo
990 2019 1183 2079 dicatur,
1202 2020 1260 2065 ita
1282 2031 1332 2065 ut
1351 2022 1426 2067 ali-

27 2031 202 2150 Euando
219 2106 301 2136 nec
321 2091 400 2135 Dei
431 2091 644 2144 addatur,
671 2099 713 2134 et
736 2089 1005 2149 intelligatur
1022 2099 1166 2135 tamen
1188 2090 1262 2135 ille
1286 2093 1422 2152 Spiri-

50 2177 96 2206 us
119 2163 195 2207 Dei
225 2162 523 2223 principaliter
551 2171 739 2207 sanctus.
777 2164 884 2208 Nam
919 2177 1050 2222 quem
1076 2162 1209 2207 alium
1231 2179 1420 2209 comme-

72 2242 179 2289 orat,
204 2234 280 2278 ubi
307 2234 441 2288 dicit,
473 2253 491 2275 «
520 2237 616 2293 Ipse
642 2234 826 2293 Spiritus
845 2234 1142 2278 testimonium
1158 2234 1233 2279 dat
1249 2236 1422 2295 spiritui

41 2322 51 2346 ›
74 2314 241 2360 nostro,
263 2305 364 2364 quia
387 2320 536 2349 sumus
568 2304 645 2348 filii
667 2305 802 2348 Dei5?
830 2322 849 2345 »
876 2306 947 2359 Et,
971 2323 989 2346 «
1016 2307 1113 2363 lpse
1137 2305 1320 2364 Spiritus
1348 2308 1424 2352 ad-

43 2376 185 2436 »juvat
205 2377 501 2422 infirmitatem
525 2385 716 2421 nostram
733 2378 766 2431 ⁶,
792 2394 812 2418 »
840 2379 911 2431 Et,
940 2395 959 2418 α
982 2378 1085 2420 Haec
1107 2377 1252 2421 omnia
1271 2394 1419 2438 opera-

74 2481 196 2512 ¹·Rom.
226 2492 249 2522 l,
279 2480 332 2521 24.
350 2498 391 2503 -
408 2485 421 2502 2
442 2488 460 2511 ‘2
480 2481 552 2513 Cor.
577 2491 624 2517 ui,
651 2490 699 2521 ¹⁷5·
722 2496 757 2501 -ο-
778 2477 791 2501 3
826 2490 835 2510 1
864 2482 940 2511 Cor.
961 2490 1002 2518 ιι,
1029 2478 1166 2512 10.-4
1191 2479 1272 2513 lbid.
1308 2493 1357 2515 11.
1378 2501 1416 2507 -

31 2532 47 2571 15
63 2537 150 2569 Rom.
171 2547 239 2577 vni,
263 2536 312 2568 ι6.
334 2553 371 2561 --
386 2534 400 2559 ⁶
420 2536 501 2568 lbid.
527 2535 582 2568 26.
603 2540 635 2568 et
658 2547 668 2567 ι
696 2537 766 2567 Cor.
790 2546 846 2576 xii,
875 2547 924 2567 11.

185 2600 314 2630 chv.
1212 2592 1261 2630 13

32 2577 35 2610 Ι

33 2643 36 2710 l

33 2727 37 2805 l
