1790 3187
271 236 353 274 536
799 245 1132 273 ANNOTATIONES.

268 321 311 354 et
341 313 583 368 Martyrum
615 310 739 354 titulo
768 310 883 369 apud
910 312 1148 355 Donatistas
1180 312 1400 370 exornati3
1432 312 1542 355 inter
1577 326 1649 356 eos

268 379 524 425 celebriores
542 381 760 425 Masculus
778 390 820 424 ct
843 384 1051 436 Donatus,
1069 381 1230 425 scilicet
1246 381 1503 440 Bagaiensis.
1531 381 1651 426 Alter

268 460 413 494 autem
438 454 630 495 Donatus
653 465 752 494 cum
776 451 839 504 iis,
864 451 938 509 qui
956 449 1011 495 ad
1034 451 1311 495 concordiam
1339 451 1526 495 revocari
1551 450 1650 495 nol-

266 520 379 575 lent,
411 520 559 579 fugam
582 521 861 580 postmodum
883 521 1078 580 arripuit,
1111 522 1198 565 sive
1219 522 1263 565 in
1287 520 1460 565 exilium
1484 521 1649 578 relega-

268 600 337 635 tus
371 590 469 636 fuit.
497 594 560 635 Ex
585 592 769 650 Optato,
797 593 839 635 in
869 592 945 635 lib.
973 611 1039 646 111,
1067 593 1221 650 partim
1244 593 1371 636 etiam
1396 607 1445 635 ex
1479 595 1651 650 Augus-

268 670 376 715 uno,
410 669 493 705 etc.

635 803 890 843 ΑΝΝοΤΑΤΙο
921 800 1013 855 (35)
1044 813 1143 858 pag.
1181 803 1279 842 450.

327 949 602 992 Interventor
615 946 859 999 dicebatur,
881 947 974 1006 qui,
996 956 1176 992 vacante
1190 947 1306 1002 sede,
1322 947 1497 1005 regebat
1514 945 1652 992 eccle-

266 1032 385 1062 siam.

637 1156 893 1197 ΑΝΝοΤΑΤιο
924 1154 1017 1209 (36)
1047 1166 1142 1211 pag.
1181 1156 1280 1195 454.

324 1297 634 1341 Coelicolarum
658 1312 818 1342 nomen
842 1297 1030 1341 occurrit
1050 1297 1092 1340 in
1120 1296 1284 1355 legibus
1307 1294 1472 1354 aliquot
1493 1296 1549 1339 ab
1567 1297 1652 1340 Ho-

267 1368 392 1412 norio
425 1367 556 1423 datis,
593 1367 754 1428 quibus
786 1367 849 1411 illi
883 1367 1139 1412 constitutas
1174 1367 1219 1410 in
1250 1366 1473 1410 haereticos
1502 1380 1653 1424 poenas

266 1439 413 1483 subire
435 1447 654 1493 tenentur,
680 1439 775 1483 nisi
799 1437 869 1482 acl
887 1437 985 1482 Dec·
1004 1437 1182 1483 cultum
1204 1437 1654 1494 venerationemque

273 1509 606 1554 Christianam
622 1509 1052 1571 conve7²9c'ficerz'nt.

636 1659 890 1700 ANNOTATIO
921 1658 1014 1713 (37)
1045 1670 1145 1714 pag.
1184 1659 1283 1698 457.

324 1794 504 1850 Bagasta
527 1806 549 1834 a
571 1798 731 1838 βαστάζω,
756 1790 920 1849 bajulo,
941 1788 1185 1849 ferculam
1206 1797 1291 1843 est,
1311 1790 1434 1848 juxta
1467 1788 1652 1832 chicon

268 1864 291 1906 J
298 1861 410 1905 urid.
447 1858 704 1920 portandis
743 1858 881 1903 rebus
905 1858 1163 1920 fiscalibus
1204 1856 1652 1913 accommodatum,

267 1932 460 1990 bastagia
484 1947 586 1976 vero
609 1929 836 1974 dicebatur
866 1931 1005 1988 ipsum
1035 1945 1145 1973 onus
1177 1929 1488 1988 portandarum
1512 1943 1653 1972 rerum

270 2017 346 2060 per
362 2002 576 2060 jumenta.

639 2122 894 2165 Annorum
926 2120 1017 2177 (38)
1045 2133 1144 2178 pag.
1182 2122 1281 2163 465.

329 2253 447 2307 Quid
468 2253 550 2298 sibi
573 2252 628 2297 de
649 2253 731 2297 hac
757 2267 804 2296 re
831 2249 1050 2297 videretur
1070 2252 1159 2311 jam
1189 2250 1291 2295 alias
1315 2258 1542 2311 aperuerat
1563 2253 1657 2296 Au-

271 2325 468 2385 gustinus
489 2325 532 2368 in
558 2324 632 2368 lib.
661 2342 676 2367 1
699 2325 754 2368 de
782 2323 919 2367 libero
942 2322 1155 2377 Arbitrio,
1187 2337 1281 2382 cap.
1310 2327 1351 2377 5,
1376 2323 1454 2366 ubi
1479 2321 1655 2366 demum

270 2395 426 2440 Evodii
447 2396 704 2439 sententiam
721 2393 1039 2454 comprobavit,
1059 2409 1102 2436 n.
1133 2398 1200 2437 13.
1225 2395 1309 2436 Eos
1322 2391 1522 2436 videlicet
1541 2392 1656 2451 apud

270 2466 460 2510 divinam
497 2464 814 2524 providentiam
854 2463 1192 2523 haudquaquam
1225 2478 1314 2507 esse
1337 2472 1515 2521 peccato
1545 2462 1655 2506 libe-

269 2550 355 2590 ros,
377 2536 460 2593 qui
476 2550 566 2594 pro
591 2535 647 2579 iis
672 2532 810 2579 rebus
833 2550 955 2592 quas
975 2533 1217 2578 contemni
1234 2541 1419 2592 oportet
1441 2532 1655 2577 flumana
