1790 3187
327 170 410 210 256
757 180 789 208 s.
828 182 1057 210 AUGUSTINI
1090 182 1269 209 Emscom

327 246 446 306 quod
465 247 571 290 mihi
593 246 836 305 abruperim
859 246 1173 290 odiosissimum
1196 247 1483 290 retinaculum
1501 281 1512 302 ,
1537 262 1625 306 quo
1646 248 1700 290 ab
1733 265 1737 268 ·

328 317 612 377 philosophiae
637 317 772 361 ubere
793 318 1090 377 desperatione
1109 318 1220 373 veri,
1245 318 1365 376 quod
1385 326 1448 362 est
1470 318 1601 362 animi
1624 333 1703 377 pa-

329 387 483 433 bulum
499 423 510 444 ‚
536 387 797 432 refrenabar.

331 535 362 551 M
368 534 1708 552 mmmmmmmwwwwmwwmmwwmwwmm

792 645 1118 694 EPISTOLA
1156 635 1250 693 11¹.

746 780 944 813 ZENOBIO
961 740 1009 822 (⁷1)
1034 779 1336 813 AUGUSTINUS.

337 885 556 931 Zenobio
574 884 860 931 desideriam
880 888 1079 946 exponit
1099 902 1233 930 szczcm
1246 922 1256 942 ,
1278 894 1329 930 at
1346 875 1716 945 disputationem

588 958 712 1002 inter
731 973 781 1002 se
800 967 1026 1017 coeptam,
1053 957 1176 1001 inter
1195 957 1450 1018 sefiniccnt.

396 1094 431 1136 Ι.
456 1094 576 1136 BENE
598 1093 712 1136 inter
729 1108 806 1137 nos
829 1095 1054 1150 convenit,
1076 1104 1126 1140 ut
1143 1093 1296 1151 opinor
1311 1127 1321 1143 ‚
1342 1092 1486 1136 omnia
1508 1106 1606 1151 quae
1627 1105 1722 1134 cor-
1774 1131 1775 1135 ,

339 1178 494 1221 poreus
513 1179 659 1207 sensus
678 1165 875 1223 attingit,
897 1182 951 1209 ne
969 1176 1134 1224 puncto
1153 1165 1328 1223 quidem
1349 1163 1551 1222 temporis
1569 1161 1722 1206 eodem

342 1234 472 1279 modo
497 1251 671 1279 manere
692 1252 838 1295 posse,
865 1239 939 1281 sed
970 1238 1086 1293 labi,
1122 1238 1298 1281 effluere
1331 1246 1374 1280 et
1395 1251 1582 1295 praesens
1616 1232 1721 1278 nihil
1776 1254 1779 1259 ’

341 1307 560 1361 obtinere,
586 1306 632 1351 id
657 1318 741 1363 cst,
768 1318 817 1352 ut
848 1309 980 1353 latine
1000 1308 1182 1370 loquar,
1208 1324 1295 1352 non
1319 1323 1422 1352 esse.
1451 1310 1615 1351 Horum
1640 1305 1721 1348 ita·
1780 1365 1783 1370 .

341 1392 427 1438 que
464 1378 874 1437 perniciocissimum
912 1395 1101 1424 amorem
1127 1415 1137 1435 ,
1170 1394 1488 1438 poenarumque
1525 1376 1722 1437 plenissi-
1779 1373 1790 1418 ⁸.

342 1464 461 1492 mum
480 1483 491 1503 ‚
512 1464 612 1492 vera
631 1458 672 1492 et
691 1450 832 1493 divina
856 1451 1128 1510 philosophia
1149 1460 1297 1495 monet
1314 1450 1483 1494 frenare
1505 1459 1636 1508 atque
1656 1462 1725 1491 so·
1779 1438 1790 1465 s

341 1518 433 1577 pire
459 1537 467 1562 :
497 1527 545 1562 ut
569 1535 612 1562 se
635 1528 727 1563 toto
753 1520 946 1575 animus,
974 1522 1103 1565 etiam
1126 1522 1230 1564 dum
1253 1522 1336 1564 hoc
1363 1534 1518 1579 corpus
1541 1519 1654 1576 agit,
1680 1517 1725 1560 in
1783 1518 1790 1559 ἒ

343 1604 388 1632 ea
405 1605 504 1648 quae
516 1605 685 1648 semper
702 1592 895 1650 ejusdem
918 1592 1035 1636 modi
1051 1602 1174 1645 sunt,
1193 1607 1272 1636 nec
1289 1591 1515 1650 peregrino
1541 1589 1724 1648 pulchro
1783 1609 1786 1626 ι

343 1658 540 1718 placent,
563 1660 726 1703 feratur
749 1670 880 1721 atque
900 1672 1068 1706 aestuet⁴
1093 1665 1200 1715 Quae
1223 1677 1323 1705 cum
1347 1662 1403 1704 ita
1428 1660 1534 1714 sint,
1561 1669 1601 1703 ct
1624 1674 1723 1702 cum
1765 1679 1781 1698 ι,

342 1737 383 1772 te
417 1745 566 1774 verum
607 1746 654 1774 ac
693 1731 930 1791 simplicem
953 1767 964 1786 ‚
1004 1731 1142 1791 qualis
1178 1732 1268 1775 sinc
1305 1731 1393 1775 ulla
1435 1730 1725 1774 sollicitudine

342 1801 474 1843 amari
503 1810 651 1859 potes,
682 1801 726 1845 in
754 1803 979 1862 semetipsa
1012 1819 1132 1846 mens
1162 1802 1327 1856 videat,
1361 1801 1550 1846 fatemur
1580 1810 1725 1844 tamen

342 1886 620 1929 congressum
642 1872 772 1915 istum
797 1882 927 1933 atque
950 1883 1229 1933 conspectum
1255 1884 1399 1928 tuum,
1426 1888 1523 1917 cum
1547 1889 1570 1916 a
1600 1870 1725 1915 nobis

343 1957 522 2000 corpore
540 1940 719 1986 discedis
734 1978 744 1997 ⁷
765 1943 954 2002 locisque
971 1945 1205 2003 sejungeris
1222 1979 1231 1997 ,
1254 1959 1445 2003 quaerere
1467 1958 1566 1995 nos,
1587 1956 1726 2001 eoque

344 2010 447 2055 dum
471 2011 571 2056 licet
592 2028 766 2071 cupere.
789 2013 917 2066 Quod
935 2014 1131 2073 profecto
1153 2014 1304 2058 vilium
1324 2048 1334 2068 ,
1355 2013 1389 2056 si
1409 2021 1452 2056 te
1471 2013 1581 2056 bene
1599 2012 1722 2066 novi,

343 2097 458 2125 amas
478 2082 523 2125 in
541 2082 664 2126 nobis
687 2102 695 2127 :
721 2091 762 2126 et
782 2099 881 2127 cum
897 2084 1040 2128 omnia
1059 2084 1170 2128 bona
1190 2094 1311 2143 optes
1332 2082 1589 2127 charissimis
1606 2091 1648 2126 et
1665 2081 1726 2125 fa·
1767 2122 1770 2123 ⁷

343 2153 633 2197 miliarissimis
652 2154 756 2207 tuis,
779 2155 833 2198 ab
856 2155 938 2199 hoc
955 2156 1027 2199 eos
1049 2156 1187 2199 sanari
1209 2156 1384 2199 metuis.
1409 2155 1450 2199 Si
1473 2162 1618 2198 autem
1639 2162 1725 2197 tam

343 2224 511 2282 potenti
534 2225 677 2269 animo
699 2240 742 2269 es
760 2260 771 2280 ,
797 2235 846 2269 ut
877 2235 919 2270 et
946 2242 1176 2285 agnoscere
1204 2227 1322 2271 hunc
1348 2226 1574 2286 laqueum,
1604 2233 1646 2268 et
1674 2239 1725 2268 eo

343 2304 490 2354 captos
516 2294 695 2339 irridere
724 2294 890 2349 valeas,
924 2312 991 2339 nae
1017 2306 1066 2340 tu
1097 2313 1281 2356 magnus
1311 2306 1441 2356 atque
1476 2295 1597 2339 alius.
1632 2297 1724 2353 Ego

344 2365 521 2425 quidem
540 2366 734 2426 quandiu
756 2366 968 2411 desiderio
989 2368 1236 2423 absentem,
1262 2366 1494 2411 desiderari
1517 2381 1585 2409 me
1607 2365 1721 2409 volo.

393 2468 400 2483 ¹
422 2460 506 2494 Alias
526 2472 630 2495 ccxlv.
652 2473 720 2504 quae
737 2467 844 2495 autem
863 2466 934 2495 erat
954 2475 988 2504 ιι,
1006 2473 1089 2496 nunc
1108 2474 1222 2496 cxxxv.
1240 2480 1282 2487 —
1294 2463 1422 2505 Scripta
1439 2463 1524 2495 circa
1543 2461 1635 2494 finem
1652 2460 1727 2494 anni

347 2516 424 2549 386.
