<?xml version="1.0" encoding="UTF-8"?>
<!DOCTYPE html PUBLIC "-//W3C//DTD XHTML 1.0 Transitional//EN"
    "http://www.w3.org/TR/xhtml1/DTD/xhtml1-transitional.dtd">
<html xmlns="http://www.w3.org/1999/xhtml" xml:lang="en" lang="en">
 <head>
  <title>
</title>
<meta http-equiv="Content-Type" content="text/html;charset=utf-8" />
  <meta name='ocr-system' content='tesseract 3.04.00' />
  <meta name='ocr-capabilities' content='ocr_page ocr_carea ocr_par ocr_line ocrx_word'/>
</head>
<body>
  <div class='ocr_page' id='page_1' title='image "./operaomniaaccura38auguuoft_0101.png"; bbox 0 0 1790 3187; ppageno 0'>
   <div class='ocr_carea' id='block_1_1' title="bbox 281 216 1396 263">
    <p class='ocr_par' dir='ltr' id='par_1_1' title="bbox 281 216 1396 263">
     <span class='ocr_line' id='line_1_1' title="bbox 281 216 1396 263; baseline -0.003 -7"><span class='ocrx_word' id='word_1_1' title='bbox 281 230 333 256; x_wconf 83' lang='lat' dir='ltr'>DE</span> <span class='ocrx_word' id='word_1_2' title='bbox 366 228 558 256; x_wconf 73' lang='lat' dir='ltr'>mvnnsls</span> <span class='ocrx_word' id='word_1_3' title='bbox 590 227 747 263; x_wconf 67' lang='lat' dir='ltr'>QUAEs‘r.</span> <span class='ocrx_word' id='word_1_4' title='bbox 784 229 932 255; x_wconf 65' lang='lat' dir='ltr'>ocoeoo.</span> <span class='ocrx_word' id='word_1_5' title='bbox 969 228 1132 254; x_wconf 61' lang='lat' dir='ltr'>Tamus.</span> <span class='ocrx_word' id='word_1_6' title='bbox 1347 216 1396 253; x_wconf 90' lang='lat'>91</span> 
     </span>
    </p>
   </div>
   <div class='ocr_carea' id='block_1_2' title="bbox 19 289 1411 1484">
    <p class='ocr_par' dir='ltr' id='par_1_2' title="bbox 19 289 1409 991">
     <span class='ocr_line' id='line_1_2' title="bbox 23 289 1404 352; baseline -0.006 -10"><span class='ocrx_word' id='word_1_7' title='bbox 23 316 44 341; x_wconf 72' lang='grc' dir='ltr'>ιι</span> <span class='ocrx_word' id='word_1_8' title='bbox 61 306 147 342; x_wconf 81' lang='lat' dir='ltr'>tus.</span> <span class='ocrx_word' id='word_1_9' title='bbox 171 294 299 349; x_wconf 88' lang='lat' dir='ltr'>Quod</span> <span class='ocrx_word' id='word_1_10' title='bbox 319 293 468 352; x_wconf 82' lang='lat' dir='ltr'>itaque</span> <span class='ocrx_word' id='word_1_11' title='bbox 493 293 569 346; x_wconf 86' lang='lat' dir='ltr'>ait,</span> <span class='ocrx_word' id='word_1_12' title='bbox 594 311 613 332; x_wconf 85' lang='lat'>«</span> <span class='ocrx_word' id='word_1_13' title='bbox 635 301 678 336; x_wconf 89' lang='lat' dir='ltr'>et</span> <span class='ocrx_word' id='word_1_14' title='bbox 699 292 788 351; x_wconf 91' lang='lat' dir='ltr'>ipsa</span> <span class='ocrx_word' id='word_1_15' title='bbox 806 291 1065 336; x_wconf 76' lang='lat' dir='ltr'>liberabitur</span> <span class='ocrx_word' id='word_1_16' title='bbox 1084 311 1096 348; x_wconf 65' lang='grc' dir='ltr'><strong>ς</strong></span> <span class='ocrx_word' id='word_1_17' title='bbox 1114 309 1133 332; x_wconf 82' lang='grc'>&gt;)</span> <span class='ocrx_word' id='word_1_18' title='bbox 1155 289 1256 335; x_wconf 84' lang='lat' dir='ltr'>facit</span> <span class='ocrx_word' id='word_1_19' title='bbox 1272 289 1404 334; x_wconf 86' lang='lat' dir='ltr'>intel-</span> 
     </span>
     <span class='ocr_line' id='line_1_3' title="bbox 19 361 1406 428; baseline -0.006 -15"><span class='ocrx_word' id='word_1_20' title='bbox 19 368 112 428; x_wconf 79' lang='lat' dir='ltr'>ligi,</span> <span class='ocrx_word' id='word_1_21' title='bbox 128 375 170 411; x_wconf 85' lang='lat' dir='ltr'>et</span> <span class='ocrx_word' id='word_1_22' title='bbox 194 367 300 425; x_wconf 88' lang='lat' dir='ltr'>ipsa,</span> <span class='ocrx_word' id='word_1_23' title='bbox 320 362 695 424; x_wconf 80' lang='lat' dir='ltr'>quemadmodum</span> <span class='ocrx_word' id='word_1_24' title='bbox 714 372 757 406; x_wconf 88' lang='lat' dir='ltr'>et</span> <span class='ocrx_word' id='word_1_25' title='bbox 778 378 871 415; x_wconf 91' lang='lat' dir='ltr'>nos,</span> <span class='ocrx_word' id='word_1_26' title='bbox 894 363 937 406; x_wconf 92' lang='lat' dir='ltr'>id</span> <span class='ocrx_word' id='word_1_27' title='bbox 958 372 1037 415; x_wconf 86' lang='lat' dir='ltr'>est,</span> <span class='ocrx_word' id='word_1_28' title='bbox 1058 371 1100 405; x_wconf 83' lang='lat' dir='ltr'>et</span> <span class='ocrx_word' id='word_1_29' title='bbox 1123 361 1295 420; x_wconf 84' lang='lat' dir='ltr'>deipsis</span> <span class='ocrx_word' id='word_1_30' title='bbox 1316 376 1406 405; x_wconf 89' lang='lat' dir='ltr'>non</span> 
     </span>
     <span class='ocr_line' id='line_1_4' title="bbox 19 431 1403 495; baseline -0.007 -12"><span class='ocrx_word' id='word_1_31' title='bbox 19 447 82 483; x_wconf 79' lang='lat' dir='ltr'>est</span> <span class='ocrx_word' id='word_1_32' title='bbox 106 434 426 495; x_wconf 88' lang='lat' dir='ltr'>desperandum</span> <span class='ocrx_word' id='word_1_33' title='bbox 444 468 456 488; x_wconf 89' lang='lat'><strong>‚</strong></span> <span class='ocrx_word' id='word_1_34' title='bbox 480 434 557 493; x_wconf 86' lang='lat' dir='ltr'>qui</span> <span class='ocrx_word' id='word_1_35' title='bbox 596 433 793 477; x_wconf 88' lang='lat' dir='ltr'>nondum</span> <span class='ocrx_word' id='word_1_36' title='bbox 823 443 1035 478; x_wconf 84' lang='lat' dir='ltr'>vocantur</span> <span class='ocrx_word' id='word_1_37' title='bbox 1065 431 1141 476; x_wconf 88' lang='lat' dir='ltr'>filii</span> <span class='ocrx_word' id='word_1_38' title='bbox 1165 433 1241 476; x_wconf 85' lang='lat' dir='ltr'>Dei</span> <span class='ocrx_word' id='word_1_39' title='bbox 1264 466 1275 484; x_wconf 76' lang='lat'>‚</span> <span class='ocrx_word' id='word_1_40' title='bbox 1303 432 1403 490; x_wconf 89' lang='lat' dir='ltr'>quia</span> 
     </span>
     <span class='ocr_line' id='line_1_5' title="bbox 20 502 1404 562; baseline -0.007 -8"><span class='ocrx_word' id='word_1_41' title='bbox 20 507 213 554; x_wconf 83' lang='lat' dir='ltr'>nondum</span> <span class='ocrx_word' id='word_1_42' title='bbox 236 505 516 551; x_wconf 85' lang='lat' dir='ltr'>crediderunt</span> <span class='ocrx_word' id='word_1_43' title='bbox 535 539 546 559; x_wconf 87' lang='lat'>‚</span> <span class='ocrx_word' id='word_1_44' title='bbox 584 504 658 549; x_wconf 90' lang='lat' dir='ltr'>sed</span> <span class='ocrx_word' id='word_1_45' title='bbox 685 513 854 548; x_wconf 86' lang='lat' dir='ltr'>tantum</span> <span class='ocrx_word' id='word_1_46' title='bbox 880 515 1075 549; x_wconf 86' lang='lat' dir='ltr'>creatura</span> <span class='ocrx_word' id='word_1_47' title='bbox 1103 523 1112 548; x_wconf 84' lang='grc'><strong>;</strong></span> <span class='ocrx_word' id='word_1_48' title='bbox 1137 504 1239 562; x_wconf 89' lang='lat' dir='ltr'>quia</span> <span class='ocrx_word' id='word_1_49' title='bbox 1260 512 1302 546; x_wconf 90' lang='lat' dir='ltr'>et</span> <span class='ocrx_word' id='word_1_50' title='bbox 1325 502 1404 561; x_wconf 90' lang='lat' dir='ltr'>ipsi</span> 
     </span>
     <span class='ocr_line' id='line_1_6' title="bbox 20 573 1407 632; baseline -0.005 -9"><span class='ocrx_word' id='word_1_51' title='bbox 20 578 223 625; x_wconf 79' lang='lat' dir='ltr'>credituri</span> <span class='ocrx_word' id='word_1_52' title='bbox 239 585 356 630; x_wconf 86' lang='lat' dir='ltr'>sunt,</span> <span class='ocrx_word' id='word_1_53' title='bbox 370 585 413 619; x_wconf 88' lang='lat' dir='ltr'>et</span> <span class='ocrx_word' id='word_1_54' title='bbox 426 575 730 619; x_wconf 87' lang='lat' dir='ltr'>liberabuntur</span> <span class='ocrx_word' id='word_1_55' title='bbox 747 590 769 618; x_wconf 90' lang='lat' dir='ltr'>a</span> <span class='ocrx_word' id='word_1_56' title='bbox 787 576 993 619; x_wconf 87' lang='lat' dir='ltr'>servitute</span> <span class='ocrx_word' id='word_1_57' title='bbox 1015 573 1229 623; x_wconf 78' lang='lat' dir='ltr'>interitus,</span> <span class='ocrx_word' id='word_1_58' title='bbox 1251 588 1407 632; x_wconf 86' lang='lat' dir='ltr'>quem-</span> 
     </span>
     <span class='ocr_line' id='line_1_7' title="bbox 19 643 1406 707; baseline -0.006 -13"><span class='ocrx_word' id='word_1_59' title='bbox 19 648 255 695; x_wconf 86' lang='lat' dir='ltr'>admodum</span> <span class='ocrx_word' id='word_1_60' title='bbox 279 662 357 691; x_wconf 90' lang='lat' dir='ltr'>nos</span> <span class='ocrx_word' id='word_1_61' title='bbox 378 646 454 707; x_wconf 86' lang='lat' dir='ltr'>qui</span> <span class='ocrx_word' id='word_1_62' title='bbox 487 648 572 706; x_wconf 86' lang='lat' dir='ltr'>jam</span> <span class='ocrx_word' id='word_1_63' title='bbox 609 645 685 690; x_wconf 83' lang='lat' dir='ltr'>filii</span> <span class='ocrx_word' id='word_1_64' title='bbox 721 647 795 690; x_wconf 87' lang='lat' dir='ltr'>Dei</span> <span class='ocrx_word' id='word_1_65' title='bbox 813 662 976 702; x_wconf 88' lang='lat' dir='ltr'>sumus,</span> <span class='ocrx_word' id='word_1_66' title='bbox 997 645 1194 706; x_wconf 89' lang='lat' dir='ltr'>quamvis</span> <span class='ocrx_word' id='word_1_67' title='bbox 1207 643 1406 688; x_wconf 89' lang='lat' dir='ltr'>nondum</span> 
     </span>
     <span class='ocr_line' id='line_1_8' title="bbox 21 716 1407 780; baseline -0.005 -15"><span class='ocrx_word' id='word_1_68' title='bbox 21 720 266 780; x_wconf 86' lang='lat' dir='ltr'>apparuerit</span> <span class='ocrx_word' id='word_1_69' title='bbox 292 718 400 778; x_wconf 89' lang='lat' dir='ltr'>quid</span> <span class='ocrx_word' id='word_1_70' title='bbox 431 718 605 762; x_wconf 86' lang='lat' dir='ltr'>erimus.</span> <span class='ocrx_word' id='word_1_71' title='bbox 639 717 962 762; x_wconf 85' lang='lat' dir='ltr'>Liberabuntur</span> <span class='ocrx_word' id='word_1_72' title='bbox 1000 733 1104 776; x_wconf 83' lang='lat' dir='ltr'>ergo</span> <span class='ocrx_word' id='word_1_73' title='bbox 1139 732 1163 760; x_wconf 87' lang='lat' dir='ltr'>a</span> <span class='ocrx_word' id='word_1_74' title='bbox 1202 716 1407 760; x_wconf 88' lang='lat' dir='ltr'>servitute</span> 
     </span>
     <span class='ocr_line' id='line_1_9' title="bbox 21 786 1409 846; baseline -0.004 -12"><span class='ocrx_word' id='word_1_75' title='bbox 21 790 232 844; x_wconf 82' lang='lat' dir='ltr'>interitus,</span> <span class='ocrx_word' id='word_1_76' title='bbox 262 808 281 830; x_wconf 89' lang='lat'>«</span> <span class='ocrx_word' id='word_1_77' title='bbox 303 789 347 831; x_wconf 88' lang='lat' dir='ltr'>in</span> <span class='ocrx_word' id='word_1_78' title='bbox 365 788 609 832; x_wconf 85' lang='lat' dir='ltr'>libertatem</span> <span class='ocrx_word' id='word_1_79' title='bbox 633 788 779 846; x_wconf 77' lang='lat' dir='ltr'>gloriae</span> <span class='ocrx_word' id='word_1_80' title='bbox 797 787 1081 838; x_wconf 86' lang='lat' dir='ltr'>filioruchi</span> <span class='ocrx_word' id='word_1_81' title='bbox 1099 821 1110 840; x_wconf 87' lang='lat'>‚</span> <span class='ocrx_word' id='word_1_82' title='bbox 1133 804 1154 827; x_wconf 87' lang='lat'>»</span> <span class='ocrx_word' id='word_1_83' title='bbox 1185 786 1229 829; x_wconf 89' lang='lat' dir='ltr'>id</span> <span class='ocrx_word' id='word_1_84' title='bbox 1259 794 1340 839; x_wconf 88' lang='lat' dir='ltr'>est,</span> <span class='ocrx_word' id='word_1_85' title='bbox 1366 793 1409 828; x_wconf 85' lang='lat' dir='ltr'>et</span> 
     </span>
     <span class='ocr_line' id='line_1_10' title="bbox 19 855 1407 920; baseline -0.005 -15"><span class='ocrx_word' id='word_1_86' title='bbox 19 862 97 920; x_wconf 84' lang='lat' dir='ltr'>ipsi</span> <span class='ocrx_word' id='word_1_87' title='bbox 120 869 246 905; x_wconf 89' lang='lat' dir='ltr'>erunt</span> <span class='ocrx_word' id='word_1_88' title='bbox 275 875 324 903; x_wconf 82' lang='lat' dir='ltr'>ex</span> <span class='ocrx_word' id='word_1_89' title='bbox 343 860 472 903; x_wconf 83' lang='lat' dir='ltr'>servis</span> <span class='ocrx_word' id='word_1_90' title='bbox 494 859 646 913; x_wconf 87' lang='lat' dir='ltr'>liberi,</span> <span class='ocrx_word' id='word_1_91' title='bbox 676 868 718 903; x_wconf 83' lang='lat' dir='ltr'>et</span> <span class='ocrx_word' id='word_1_92' title='bbox 737 874 788 903; x_wconf 83' lang='lat' dir='ltr'>ex</span> <span class='ocrx_word' id='word_1_93' title='bbox 819 859 1003 903; x_wconf 78' lang='lat' dir='ltr'>mortuis</span> <span class='ocrx_word' id='word_1_94' title='bbox 1035 856 1209 916; x_wconf 82' lang='lat' dir='ltr'>gloriosi</span> <span class='ocrx_word' id='word_1_95' title='bbox 1239 855 1286 900; x_wconf 88' lang='lat' dir='ltr'>in</span> <span class='ocrx_word' id='word_1_96' title='bbox 1320 855 1407 899; x_wconf 85' lang='lat' dir='ltr'>vita</span> 
     </span>
     <span class='ocr_line' id='line_1_11' title="bbox 20 928 830 991; baseline -0.004 -16"><span class='ocrx_word' id='word_1_97' title='bbox 20 931 226 991; x_wconf 83' lang='lat' dir='ltr'>perfecta,</span> <span class='ocrx_word' id='word_1_98' title='bbox 244 945 374 991; x_wconf 81' lang='lat' dir='ltr'>quam</span> <span class='ocrx_word' id='word_1_99' title='bbox 398 929 625 973; x_wconf 86' lang='lat' dir='ltr'>habebunt</span> <span class='ocrx_word' id='word_1_100' title='bbox 641 928 717 973; x_wconf 85' lang='lat' dir='ltr'>filii</span> <span class='ocrx_word' id='word_1_101' title='bbox 739 929 830 973; x_wconf 85' lang='lat' dir='ltr'>Dei.</span> 
     </span>
    </p>

    <p class='ocr_par' dir='ltr' id='par_1_3' title="bbox 19 997 1411 1484">
     <span class='ocr_line' id='line_1_12' title="bbox 80 997 1410 1060; baseline -0.005 -14"><span class='ocrx_word' id='word_1_102' title='bbox 80 1008 140 1046; x_wconf 84' lang='lat'>5⁰.</span> <span class='ocrx_word' id='word_1_103' title='bbox 166 1020 184 1043; x_wconf 94' lang='lat'>«</span> <span class='ocrx_word' id='word_1_104' title='bbox 207 1002 374 1046; x_wconf 83' lang='lat' dir='ltr'>Scimus</span> <span class='ocrx_word' id='word_1_105' title='bbox 396 1001 512 1044; x_wconf 86' lang='lat' dir='ltr'>enim</span> <span class='ocrx_word' id='word_1_106' title='bbox 543 1001 644 1060; x_wconf 86' lang='lat' dir='ltr'>quia</span> <span class='ocrx_word' id='word_1_107' title='bbox 663 1001 804 1044; x_wconf 89' lang='lat' dir='ltr'>omnis</span> <span class='ocrx_word' id='word_1_108' title='bbox 834 1008 1032 1044; x_wconf 84' lang='lat' dir='ltr'>creatura</span> <span class='ocrx_word' id='word_1_109' title='bbox 1063 997 1344 1056; x_wconf 82' lang='lat' dir='ltr'>congemiscit</span> <span class='ocrx_word' id='word_1_110' title='bbox 1368 1006 1410 1040; x_wconf 84' lang='lat' dir='ltr'>et</span> 
     </span>
     <span class='ocr_line' id='line_1_13' title="bbox 23 1070 1408 1131; baseline -0.002 -18"><span class='ocrx_word' id='word_1_111' title='bbox 23 1071 178 1116; x_wconf 79' lang='lat' dir='ltr'>»dolet</span> <span class='ocrx_word' id='word_1_112' title='bbox 200 1087 336 1131; x_wconf 82' lang='lat' dir='ltr'>usquc</span> <span class='ocrx_word' id='word_1_113' title='bbox 361 1071 580 1115; x_wconf 82' lang='lat' dir='ltr'>adhuc1.»</span> <span class='ocrx_word' id='word_1_114' title='bbox 607 1072 757 1115; x_wconf 89' lang='lat' dir='ltr'>Omnis</span> <span class='ocrx_word' id='word_1_115' title='bbox 780 1080 977 1115; x_wconf 84' lang='lat' dir='ltr'>creatura</span> <span class='ocrx_word' id='word_1_116' title='bbox 998 1070 1042 1114; x_wconf 90' lang='lat' dir='ltr'>in</span> <span class='ocrx_word' id='word_1_117' title='bbox 1060 1070 1238 1114; x_wconf 85' lang='lat' dir='ltr'>homine</span> <span class='ocrx_word' id='word_1_118' title='bbox 1259 1082 1408 1111; x_wconf 88' lang='lat' dir='ltr'>nume-</span> 
     </span>
     <span class='ocr_line' id='line_1_14' title="bbox 20 1139 1409 1202; baseline -0.004 -16"><span class='ocrx_word' id='word_1_119' title='bbox 20 1152 155 1197; x_wconf 87' lang='lat' dir='ltr'>ratur,</span> <span class='ocrx_word' id='word_1_120' title='bbox 170 1158 258 1186; x_wconf 90' lang='lat' dir='ltr'>non</span> <span class='ocrx_word' id='word_1_121' title='bbox 282 1142 401 1202; x_wconf 86' lang='lat' dir='ltr'>quod</span> <span class='ocrx_word' id='word_1_122' title='bbox 416 1142 459 1185; x_wconf 82' lang='lat' dir='ltr'>in</span> <span class='ocrx_word' id='word_1_123' title='bbox 478 1158 529 1186; x_wconf 89' lang='lat' dir='ltr'>eo</span> <span class='ocrx_word' id='word_1_124' title='bbox 546 1143 631 1186; x_wconf 86' lang='lat' dir='ltr'>sint</span> <span class='ocrx_word' id='word_1_125' title='bbox 653 1140 984 1199; x_wconf 79' lang='lat' dir='ltr'>omnesAngeli,</span> <span class='ocrx_word' id='word_1_126' title='bbox 1004 1149 1047 1184; x_wconf 86' lang='lat' dir='ltr'>et</span> <span class='ocrx_word' id='word_1_127' title='bbox 1064 1139 1409 1198; x_wconf 87' lang='lat' dir='ltr'>superminentes</span> 
     </span>
     <span class='ocr_line' id='line_1_15' title="bbox 19 1211 1411 1267; baseline -0.004 -11"><span class='ocrx_word' id='word_1_128' title='bbox 19 1213 211 1256; x_wconf 74' lang='lat' dir='ltr'>Virtutes</span> <span class='ocrx_word' id='word_1_129' title='bbox 235 1228 283 1257; x_wconf 90' lang='lat' dir='ltr'>ac</span> <span class='ocrx_word' id='word_1_130' title='bbox 308 1216 543 1256; x_wconf 81' lang='lat' dir='ltr'>Potestates</span> <span class='ocrx_word' id='word_1_131' title='bbox 560 1214 593 1267; x_wconf 81' lang='lat'>²,</span> <span class='ocrx_word' id='word_1_132' title='bbox 621 1221 694 1255; x_wconf 90' lang='lat' dir='ltr'>aut</span> <span class='ocrx_word' id='word_1_133' title='bbox 716 1211 900 1265; x_wconf 78' lang='lat' dir='ltr'>coelum,</span> <span class='ocrx_word' id='word_1_134' title='bbox 921 1219 963 1254; x_wconf 87' lang='lat' dir='ltr'>et</span> <span class='ocrx_word' id='word_1_135' title='bbox 987 1219 1117 1264; x_wconf 83' lang='lat' dir='ltr'>terra,</span> <span class='ocrx_word' id='word_1_136' title='bbox 1143 1218 1187 1252; x_wconf 82' lang='lat' dir='ltr'>et</span> <span class='ocrx_word' id='word_1_137' title='bbox 1210 1223 1343 1262; x_wconf 85' lang='lat' dir='ltr'>mare,</span> <span class='ocrx_word' id='word_1_138' title='bbox 1368 1216 1411 1251; x_wconf 86' lang='lat' dir='ltr'>et</span> 
     </span>
     <span class='ocr_line' id='line_1_16' title="bbox 20 1279 1409 1343; baseline -0.004 -16"><span class='ocrx_word' id='word_1_139' title='bbox 20 1284 164 1328; x_wconf 85' lang='lat' dir='ltr'>omnia</span> <span class='ocrx_word' id='word_1_140' title='bbox 196 1299 295 1343; x_wconf 80' lang='lat' dir='ltr'>quae</span> <span class='ocrx_word' id='word_1_141' title='bbox 324 1284 368 1326; x_wconf 85' lang='lat' dir='ltr'>in</span> <span class='ocrx_word' id='word_1_142' title='bbox 393 1284 452 1327; x_wconf 89' lang='lat' dir='ltr'>eis</span> <span class='ocrx_word' id='word_1_143' title='bbox 474 1293 576 1327; x_wconf 84' lang='lat' dir='ltr'>sunt</span> <span class='ocrx_word' id='word_1_144' title='bbox 599 1304 610 1340; x_wconf 81' lang='lat'>3</span> <span class='ocrx_word' id='word_1_145' title='bbox 635 1284 709 1327; x_wconf 91' lang='lat' dir='ltr'>sed</span> <span class='ocrx_word' id='word_1_146' title='bbox 739 1283 840 1343; x_wconf 87' lang='lat' dir='ltr'>quia</span> <span class='ocrx_word' id='word_1_147' title='bbox 869 1283 1009 1326; x_wconf 87' lang='lat' dir='ltr'>omnis</span> <span class='ocrx_word' id='word_1_148' title='bbox 1038 1289 1233 1326; x_wconf 86' lang='lat' dir='ltr'>creatura</span> <span class='ocrx_word' id='word_1_149' title='bbox 1252 1279 1409 1338; x_wconf 87' lang='lat' dir='ltr'>partim</span> 
     </span>
     <span class='ocr_line' id='line_1_17' title="bbox 19 1350 1411 1413; baseline -0.004 -16"><span class='ocrx_word' id='word_1_150' title='bbox 19 1353 221 1412; x_wconf 88' lang='lat' dir='ltr'>spiritalis</span> <span class='ocrx_word' id='word_1_151' title='bbox 243 1364 321 1407; x_wconf 83' lang='lat' dir='ltr'>est,</span> <span class='ocrx_word' id='word_1_152' title='bbox 347 1354 503 1413; x_wconf 85' lang='lat' dir='ltr'>partim</span> <span class='ocrx_word' id='word_1_153' title='bbox 527 1353 740 1406; x_wconf 82' lang='lat' dir='ltr'>animalis,</span> <span class='ocrx_word' id='word_1_154' title='bbox 766 1353 918 1412; x_wconf 90' lang='lat' dir='ltr'>partim</span> <span class='ocrx_word' id='word_1_155' title='bbox 942 1350 1191 1410; x_wconf 88' lang='lat' dir='ltr'>corporalis.</span> <span class='ocrx_word' id='word_1_156' title='bbox 1213 1350 1343 1402; x_wconf 88' lang='lat' dir='ltr'>Quod</span> <span class='ocrx_word' id='word_1_157' title='bbox 1362 1358 1411 1392; x_wconf 85' lang='lat' dir='ltr'>ut</span> 
     </span>
     <span class='ocr_line' id='line_1_18' title="bbox 19 1419 1410 1484; baseline -0.003 -16"><span class='ocrx_word' id='word_1_158' title='bbox 19 1425 74 1468; x_wconf 85' lang='lat' dir='ltr'>ab</span> <span class='ocrx_word' id='word_1_159' title='bbox 88 1424 365 1468; x_wconf 85' lang='lat' dir='ltr'>inferioribus</span> <span class='ocrx_word' id='word_1_160' title='bbox 388 1424 727 1478; x_wconf 82' lang='lat' dir='ltr'>consideremus,</span> <span class='ocrx_word' id='word_1_161' title='bbox 749 1423 984 1484; x_wconf 83' lang='lat' dir='ltr'>corporalis</span> <span class='ocrx_word' id='word_1_162' title='bbox 1001 1431 1199 1467; x_wconf 85' lang='lat' dir='ltr'>creatura</span> <span class='ocrx_word' id='word_1_163' title='bbox 1218 1436 1294 1479; x_wconf 75' lang='lat' dir='ltr'>per</span> <span class='ocrx_word' id='word_1_164' title='bbox 1313 1419 1410 1464; x_wconf 86' lang='lat' dir='ltr'>loca</span> 
     </span>
    </p>
   </div>
   <div class='ocr_carea' id='block_1_3' title="bbox 0 1492 1411 1697">
    <p class='ocr_par' dir='ltr' id='par_1_4' title="bbox 0 1492 1411 1697">
     <span class='ocr_line' id='line_1_19' title="bbox 0 1492 1410 1554; baseline -0.004 -14"><span class='ocrx_word' id='word_1_165' title='bbox 0 1497 211 1540; x_wconf 51' lang='lat' dir='ltr'>¹tenditur</span> <span class='ocrx_word' id='word_1_166' title='bbox 227 1531 236 1546; x_wconf 90' lang='lat'>‚</span> <span class='ocrx_word' id='word_1_167' title='bbox 273 1495 468 1540; x_wconf 84' lang='lat' dir='ltr'>animalis</span> <span class='ocrx_word' id='word_1_168' title='bbox 496 1506 640 1540; x_wconf 87' lang='lat' dir='ltr'>autem</span> <span class='ocrx_word' id='word_1_169' title='bbox 665 1497 854 1541; x_wconf 74' lang='lat' dir='ltr'>vivificat</span> <span class='ocrx_word' id='word_1_170' title='bbox 883 1494 1153 1554; x_wconf 86' lang='lat' dir='ltr'>corporalem</span> <span class='ocrx_word' id='word_1_171' title='bbox 1173 1529 1184 1548; x_wconf 88' lang='lat'>‚</span> <span class='ocrx_word' id='word_1_172' title='bbox 1209 1492 1410 1552; x_wconf 87' lang='lat' dir='ltr'>spiritalis</span> 
     </span>
     <span class='ocr_line' id='line_1_20' title="bbox 0 1565 1411 1626; baseline -0.004 -14"><span class='ocrx_word' id='word_1_173' title='bbox 0 1589 1 1612; x_wconf 60' lang='grc' dir='ltr'>ι</span> <span class='ocrx_word' id='word_1_174' title='bbox 19 1566 246 1611; x_wconf 82' lang='lat' dir='ltr'>animalem</span> <span class='ocrx_word' id='word_1_175' title='bbox 264 1567 441 1624; x_wconf 59' lang='lat' dir='ltr'>regium</span> <span class='ocrx_word' id='word_1_176' title='bbox 464 1576 571 1611; x_wconf 88' lang='lat' dir='ltr'>tunc</span> <span class='ocrx_word' id='word_1_177' title='bbox 593 1567 704 1611; x_wconf 88' lang='lat' dir='ltr'>bene</span> <span class='ocrx_word' id='word_1_178' title='bbox 725 1568 850 1626; x_wconf 81' lang='lat' dir='ltr'>regit,</span> <span class='ocrx_word' id='word_1_179' title='bbox 885 1582 983 1611; x_wconf 88' lang='lat' dir='ltr'>cum</span> <span class='ocrx_word' id='word_1_180' title='bbox 1009 1566 1099 1626; x_wconf 83' lang='lat' dir='ltr'>ipsa</span> <span class='ocrx_word' id='word_1_181' title='bbox 1116 1565 1348 1622; x_wconf 83' lang='lat' dir='ltr'>regendam</span> <span class='ocrx_word' id='word_1_182' title='bbox 1367 1579 1411 1607; x_wconf 82' lang='lat' dir='ltr'>se</span> 
     </span>
     <span class='ocr_line' id='line_1_21' title="bbox 0 1636 1408 1697; baseline -0.002 -15"><span class='ocrx_word' id='word_1_183' title='bbox 0 1637 192 1697; x_wconf 50' lang='lat' dir='ltr'>mubjicit</span> <span class='ocrx_word' id='word_1_184' title='bbox 224 1641 312 1682; x_wconf 89' lang='lat' dir='ltr'>Deo</span> <span class='ocrx_word' id='word_1_185' title='bbox 349 1658 358 1682; x_wconf 88' lang='lat'><strong>:</strong></span> <span class='ocrx_word' id='word_1_186' title='bbox 390 1653 490 1681; x_wconf 89' lang='lat' dir='ltr'>cum</span> <span class='ocrx_word' id='word_1_187' title='bbox 526 1648 670 1682; x_wconf 89' lang='lat' dir='ltr'>autem</span> <span class='ocrx_word' id='word_1_188' title='bbox 705 1637 1016 1695; x_wconf 79' lang='lat' dir='ltr'>transgreditur</span> <span class='ocrx_word' id='word_1_189' title='bbox 1052 1645 1269 1696; x_wconf 62' lang='lat' dir='ltr'>praecepta</span> <span class='ocrx_word' id='word_1_190' title='bbox 1302 1636 1408 1694; x_wconf 84' lang='lat' dir='ltr'>ejus,</span> 
     </span>
    </p>
   </div>
   <div class='ocr_carea' id='block_1_4' title="bbox 0 1715 3 2219">
    <p class='ocr_par' dir='ltr' id='par_1_5' title="bbox 0 1715 3 2219">
     <span class='ocr_line' id='line_1_22' title="bbox 0 1715 3 2219; baseline 0 0"><span class='ocrx_word' id='word_1_191' title='bbox 0 1715 3 2219; x_wconf 95' lang='lat' dir='ltr'> </span> 
     </span>
    </p>
   </div>
   <div class='ocr_carea' id='block_1_5' title="bbox 18 1708 1412 2052">
    <p class='ocr_par' dir='ltr' id='par_1_6' title="bbox 18 1708 1412 2052">
     <span class='ocr_line' id='line_1_23' title="bbox 19 1708 1412 1770; baseline -0.001 -18"><span class='ocrx_word' id='word_1_192' title='bbox 19 1708 239 1753; x_wconf 79' lang='lat' dir='ltr'>laboribus</span> <span class='ocrx_word' id='word_1_193' title='bbox 262 1719 305 1753; x_wconf 85' lang='lat' dir='ltr'>et</span> <span class='ocrx_word' id='word_1_194' title='bbox 327 1710 531 1753; x_wconf 82' lang='lat' dir='ltr'>aerumnis</span> <span class='ocrx_word' id='word_1_195' title='bbox 555 1726 632 1767; x_wconf 86' lang='lat' dir='ltr'>per</span> <span class='ocrx_word' id='word_1_196' title='bbox 649 1709 800 1753; x_wconf 85' lang='lat' dir='ltr'>eadem</span> <span class='ocrx_word' id='word_1_197' title='bbox 823 1710 912 1768; x_wconf 84' lang='lat' dir='ltr'>ipsa</span> <span class='ocrx_word' id='word_1_198' title='bbox 945 1726 1044 1770; x_wconf 77' lang='lat' dir='ltr'>quae</span> <span class='ocrx_word' id='word_1_199' title='bbox 1068 1723 1214 1765; x_wconf 85' lang='lat' dir='ltr'>regere</span> <span class='ocrx_word' id='word_1_200' title='bbox 1244 1717 1412 1766; x_wconf 84' lang='lat' dir='ltr'>poterat</span> 
     </span>
     <span class='ocr_line' id='line_1_24' title="bbox 20 1778 1411 1839; baseline -0.001 -17"><span class='ocrx_word' id='word_1_201' title='bbox 20 1779 281 1837; x_wconf 81' lang='lat' dir='ltr'>implicatur.</span> <span class='ocrx_word' id='word_1_202' title='bbox 308 1782 392 1833; x_wconf 90' lang='lat' dir='ltr'>Qui</span> <span class='ocrx_word' id='word_1_203' title='bbox 415 1796 517 1839; x_wconf 82' lang='lat' dir='ltr'>crgo</span> <span class='ocrx_word' id='word_1_204' title='bbox 541 1782 648 1824; x_wconf 89' lang='lat' dir='ltr'>vivit</span> <span class='ocrx_word' id='word_1_205' title='bbox 676 1797 727 1824; x_wconf 80' lang='lat' dir='ltr'>ex</span> <span class='ocrx_word' id='word_1_206' title='bbox 750 1796 947 1839; x_wconf 67' lang='lat' dir='ltr'>corpore,</span> <span class='ocrx_word' id='word_1_207' title='bbox 973 1779 1154 1823; x_wconf 87' lang='lat' dir='ltr'>carnalis</span> <span class='ocrx_word' id='word_1_208' title='bbox 1184 1780 1316 1822; x_wconf 90' lang='lat' dir='ltr'>homo</span> <span class='ocrx_word' id='word_1_209' title='bbox 1343 1778 1411 1821; x_wconf 79' lang='lat' dir='ltr'>vel</span> 
     </span>
     <span class='ocr_line' id='line_1_25' title="bbox 19 1849 1412 1909; baseline -0.001 -17"><span class='ocrx_word' id='word_1_210' title='bbox 19 1849 215 1893; x_wconf 84' lang='lat' dir='ltr'>animalis</span> <span class='ocrx_word' id='word_1_211' title='bbox 237 1860 440 1895; x_wconf 87' lang='lat' dir='ltr'>vocatur:</span> <span class='ocrx_word' id='word_1_212' title='bbox 467 1851 777 1909; x_wconf 81' lang='lat' dir='ltr'>carnalis‚quia</span> <span class='ocrx_word' id='word_1_213' title='bbox 799 1851 987 1894; x_wconf 83' lang='lat' dir='ltr'>carnalia</span> <span class='ocrx_word' id='word_1_214' title='bbox 1010 1859 1199 1894; x_wconf 83' lang='lat' dir='ltr'>sectatur</span> <span class='ocrx_word' id='word_1_215' title='bbox 1216 1870 1233 1906; x_wconf 80' lang='lat'>3.</span> <span class='ocrx_word' id='word_1_216' title='bbox 1251 1849 1412 1892; x_wconf 83' lang='lat' dir='ltr'>anima-</span> 
     </span>
     <span class='ocr_line' id='line_1_26' title="bbox 18 1920 1409 1981; baseline -0.001 -17"><span class='ocrx_word' id='word_1_217' title='bbox 18 1920 70 1964; x_wconf 90' lang='lat' dir='ltr'>lis</span> <span class='ocrx_word' id='word_1_218' title='bbox 87 1930 248 1975; x_wconf 86' lang='lat' dir='ltr'>autem,</span> <span class='ocrx_word' id='word_1_219' title='bbox 275 1922 376 1981; x_wconf 84' lang='lat' dir='ltr'>quia</span> <span class='ocrx_word' id='word_1_220' title='bbox 395 1921 534 1966; x_wconf 85' lang='lat' dir='ltr'>fertur</span> <span class='ocrx_word' id='word_1_221' title='bbox 556 1921 764 1966; x_wconf 81' lang='lat' dir='ltr'>dissoluta</span> <span class='ocrx_word' id='word_1_222' title='bbox 786 1922 958 1966; x_wconf 82' lang='lat' dir='ltr'>lascivia</span> <span class='ocrx_word' id='word_1_223' title='bbox 984 1922 1141 1965; x_wconf 82' lang='lat' dir='ltr'>animae</span> <span class='ocrx_word' id='word_1_224' title='bbox 1159 1936 1264 1974; x_wconf 83' lang='lat' dir='ltr'>suae,</span> <span class='ocrx_word' id='word_1_225' title='bbox 1279 1935 1409 1979; x_wconf 88' lang='lat' dir='ltr'>quam</span> 
     </span>
     <span class='ocr_line' id='line_1_27' title="bbox 20 1990 1412 2052; baseline -0.001 -18"><span class='ocrx_word' id='word_1_226' title='bbox 20 2004 109 2034; x_wconf 89' lang='lat' dir='ltr'>non</span> <span class='ocrx_word' id='word_1_227' title='bbox 137 1992 246 2050; x_wconf 84' lang='lat' dir='ltr'>regit</span> <span class='ocrx_word' id='word_1_228' title='bbox 273 1992 447 2051; x_wconf 87' lang='lat' dir='ltr'>spiritus</span> <span class='ocrx_word' id='word_1_229' title='bbox 473 2027 482 2045; x_wconf 92' lang='lat'><strong>‚</strong></span> <span class='ocrx_word' id='word_1_230' title='bbox 509 2008 652 2052; x_wconf 77' lang='lat' dir='ltr'>neque,</span> <span class='ocrx_word' id='word_1_231' title='bbox 682 1996 852 2037; x_wconf 76' lang='lat' dir='ltr'>coercet</span> <span class='ocrx_word' id='word_1_232' title='bbox 881 1993 993 2036; x_wconf 85' lang='lat' dir='ltr'>intra</span> <span class='ocrx_word' id='word_1_233' title='bbox 1029 2001 1165 2035; x_wconf 84' lang='lat' dir='ltr'>metas</span> <span class='ocrx_word' id='word_1_234' title='bbox 1203 1990 1412 2034; x_wconf 86' lang='lat' dir='ltr'>naturalis</span> 
     </span>
    </p>
   </div>
   <div class='ocr_carea' id='block_1_6' title="bbox 0 2062 1410 2122">
    <p class='ocr_par' dir='ltr' id='par_1_7' title="bbox 0 2062 1410 2122">
     <span class='ocr_line' id='line_1_28' title="bbox 0 2062 1410 2122; baseline -0.001 -17"><span class='ocrx_word' id='word_1_235' title='bbox 0 2062 181 2122; x_wconf 69' lang='lat' dir='ltr'>vordinis</span> <span class='ocrx_word' id='word_1_236' title='bbox 203 2098 214 2118; x_wconf 85' lang='lat'>‚</span> <span class='ocrx_word' id='word_1_237' title='bbox 250 2063 349 2121; x_wconf 86' lang='lat' dir='ltr'>quia</span> <span class='ocrx_word' id='word_1_238' title='bbox 382 2072 423 2106; x_wconf 90' lang='lat' dir='ltr'>et</span> <span class='ocrx_word' id='word_1_239' title='bbox 446 2063 536 2121; x_wconf 85' lang='lat' dir='ltr'>ipse</span> <span class='ocrx_word' id='word_1_240' title='bbox 559 2079 603 2107; x_wconf 84' lang='lat' dir='ltr'>se</span> <span class='ocrx_word' id='word_1_241' title='bbox 626 2079 714 2108; x_wconf 87' lang='lat' dir='ltr'>non</span> <span class='ocrx_word' id='word_1_242' title='bbox 745 2064 895 2108; x_wconf 86' lang='lat' dir='ltr'>subdit</span> <span class='ocrx_word' id='word_1_243' title='bbox 934 2063 1171 2121; x_wconf 82' lang='lat' dir='ltr'>regendum</span> <span class='ocrx_word' id='word_1_244' title='bbox 1196 2066 1301 2106; x_wconf 90' lang='lat' dir='ltr'>Deo.</span> <span class='ocrx_word' id='word_1_245' title='bbox 1327 2062 1410 2114; x_wconf 87' lang='lat' dir='ltr'>Qui</span> 
     </span>
    </p>
   </div>
   <div class='ocr_carea' id='block_1_7' title="bbox 21 2133 1412 2548">
    <p class='ocr_par' dir='ltr' id='par_1_8' title="bbox 21 2133 1412 2548">
     <span class='ocr_line' id='line_1_29' title="bbox 22 2133 1410 2193; baseline 0.001 -18"><span class='ocrx_word' id='word_1_246' title='bbox 22 2142 166 2176; x_wconf 86' lang='lat' dir='ltr'>autem</span> <span class='ocrx_word' id='word_1_247' title='bbox 185 2133 336 2192; x_wconf 89' lang='lat' dir='ltr'>spiritu</span> <span class='ocrx_word' id='word_1_248' title='bbox 359 2134 547 2178; x_wconf 82' lang='lat' dir='ltr'>animam</span> <span class='ocrx_word' id='word_1_249' title='bbox 573 2135 697 2192; x_wconf 82' lang='lat' dir='ltr'>regit,</span> <span class='ocrx_word' id='word_1_250' title='bbox 719 2146 761 2179; x_wconf 83' lang='lat' dir='ltr'>et</span> <span class='ocrx_word' id='word_1_251' title='bbox 785 2151 861 2193; x_wconf 90' lang='lat' dir='ltr'>per</span> <span class='ocrx_word' id='word_1_252' title='bbox 883 2135 1072 2178; x_wconf 79' lang='lat' dir='ltr'>animam</span> <span class='ocrx_word' id='word_1_253' title='bbox 1091 2134 1410 2193; x_wconf 75' lang='lat' dir='ltr'>corpt,1s,(quod</span> 
     </span>
     <span class='ocr_line' id='line_1_30' title="bbox 21 2202 1409 2265; baseline 0 -18"><span class='ocrx_word' id='word_1_254' title='bbox 21 2202 162 2248; x_wconf 83' lang='lat' dir='ltr'>facere</span> <span class='ocrx_word' id='word_1_255' title='bbox 185 2220 271 2248; x_wconf 87' lang='lat' dir='ltr'>non</span> <span class='ocrx_word' id='word_1_256' title='bbox 297 2214 436 2262; x_wconf 85' lang='lat' dir='ltr'>potest</span> <span class='ocrx_word' id='word_1_257' title='bbox 460 2240 470 2259; x_wconf 89' lang='lat'>,</span> <span class='ocrx_word' id='word_1_258' title='bbox 506 2205 586 2249; x_wconf 87' lang='lat' dir='ltr'>nisi</span> <span class='ocrx_word' id='word_1_259' title='bbox 619 2209 753 2249; x_wconf 83' lang='lat' dir='ltr'>Deum</span> <span class='ocrx_word' id='word_1_260' title='bbox 795 2206 952 2250; x_wconf 82' lang='lat' dir='ltr'>habeat</span> <span class='ocrx_word' id='word_1_261' title='bbox 987 2217 1029 2250; x_wconf 84' lang='lat' dir='ltr'>et</span> <span class='ocrx_word' id='word_1_262' title='bbox 1053 2206 1143 2265; x_wconf 86' lang='lat' dir='ltr'>ipse</span> <span class='ocrx_word' id='word_1_263' title='bbox 1171 2215 1382 2248; x_wconf 85' lang='lat' dir='ltr'>rectorem</span> <span class='ocrx_word' id='word_1_264' title='bbox 1400 2239 1409 2257; x_wconf 81' lang='lat'>‚</span> 
     </span>
     <span class='ocr_line' id='line_1_31' title="bbox 22 2274 1412 2336; baseline -0.001 -18"><span class='ocrx_word' id='word_1_265' title='bbox 22 2274 226 2334; x_wconf 84' lang='lat' dir='ltr'>quoniam</span> <span class='ocrx_word' id='word_1_266' title='bbox 255 2275 365 2319; x_wconf 86' lang='lat' dir='ltr'>sicut</span> <span class='ocrx_word' id='word_1_267' title='bbox 393 2285 524 2334; x_wconf 81' lang='lat' dir='ltr'>caput</span> <span class='ocrx_word' id='word_1_268' title='bbox 544 2275 735 2320; x_wconf 86' lang='lat' dir='ltr'>mulieris</span> <span class='ocrx_word' id='word_1_269' title='bbox 763 2278 854 2331; x_wconf 75' lang='lat' dir='ltr'>vir,</span> <span class='ocrx_word' id='word_1_270' title='bbox 882 2279 938 2327; x_wconf 69' lang='lat' dir='ltr'>isa</span> <span class='ocrx_word' id='word_1_271' title='bbox 968 2287 1099 2336; x_wconf 79' lang='lat' dir='ltr'>caput</span> <span class='ocrx_word' id='word_1_272' title='bbox 1120 2276 1412 2320; x_wconf 78' lang='lat' dir='ltr'>viriCliristus</span> 
     </span>
     <span class='ocr_line' id='line_1_32' title="bbox 23 2346 1410 2407; baseline -0.001 -18"><span class='ocrx_word' id='word_1_273' title='bbox 23 2354 86 2390; x_wconf 84' lang='lat' dir='ltr'>est</span> <span class='ocrx_word' id='word_1_274' title='bbox 99 2347 131 2400; x_wconf 77' lang='lat'>²,</span> <span class='ocrx_word' id='word_1_275' title='bbox 158 2348 174 2401; x_wconf 97' lang='lat'><em>)</em></span> <span class='ocrx_word' id='word_1_276' title='bbox 204 2357 382 2391; x_wconf 83' lang='lat' dir='ltr'>vocatur</span> <span class='ocrx_word' id='word_1_277' title='bbox 405 2346 620 2407; x_wconf 80' lang='lat' dir='ltr'>spiritalis.</span> <span class='ocrx_word' id='word_1_278' title='bbox 660 2351 768 2400; x_wconf 83' lang='lat' dir='ltr'>Quae</span> <span class='ocrx_word' id='word_1_279' title='bbox 791 2348 877 2391; x_wconf 81' lang='lat' dir='ltr'>vita</span> <span class='ocrx_word' id='word_1_280' title='bbox 901 2364 1001 2392; x_wconf 90' lang='lat' dir='ltr'>cum</span> <span class='ocrx_word' id='word_1_281' title='bbox 1031 2347 1176 2407; x_wconf 85' lang='lat' dir='ltr'>aliqua</span> <span class='ocrx_word' id='word_1_282' title='bbox 1215 2346 1410 2390; x_wconf 85' lang='lat' dir='ltr'>molestia</span> 
     </span>
     <span class='ocr_line' id='line_1_33' title="bbox 23 2413 1409 2478; baseline 0 -18"><span class='ocrx_word' id='word_1_283' title='bbox 23 2431 139 2462; x_wconf 86' lang='lat' dir='ltr'>nunc</span> <span class='ocrx_word' id='word_1_284' title='bbox 164 2419 335 2475; x_wconf 88' lang='lat' dir='ltr'>agitur,</span> <span class='ocrx_word' id='word_1_285' title='bbox 369 2429 466 2478; x_wconf 87' lang='lat' dir='ltr'>post</span> <span class='ocrx_word' id='word_1_286' title='bbox 493 2429 637 2463; x_wconf 88' lang='lat' dir='ltr'>autem</span> <span class='ocrx_word' id='word_1_287' title='bbox 678 2418 842 2462; x_wconf 89' lang='lat' dir='ltr'>nullam</span> <span class='ocrx_word' id='word_1_288' title='bbox 877 2420 1081 2478; x_wconf 87' lang='lat' dir='ltr'>patietur.</span> <span class='ocrx_word' id='word_1_289' title='bbox 1110 2421 1166 2462; x_wconf 86' lang='lat' dir='ltr'>Et</span> <span class='ocrx_word' id='word_1_290' title='bbox 1203 2413 1409 2478; x_wconf 79' lang='lat' dir='ltr'>quoniam</span> 
     </span>
     <span class='ocr_line' id='line_1_34' title="bbox 24 2488 1408 2548; baseline -0.001 -17"><span class='ocrx_word' id='word_1_291' title='bbox 24 2489 179 2532; x_wconf 90' lang='lat' dir='ltr'>summi</span> <span class='ocrx_word' id='word_1_292' title='bbox 196 2490 350 2547; x_wconf 84' lang='lat' dir='ltr'>Angeli</span> <span class='ocrx_word' id='word_1_293' title='bbox 371 2489 619 2548; x_wconf 85' lang='lat' dir='ltr'>spiritaliter</span> <span class='ocrx_word' id='word_1_294' title='bbox 640 2491 812 2541; x_wconf 77' lang='lat' dir='ltr'>vivunt,</span> <span class='ocrx_word' id='word_1_295' title='bbox 826 2491 965 2534; x_wconf 79' lang='lat' dir='ltr'>infimi</span> <span class='ocrx_word' id='word_1_296' title='bbox 988 2499 1132 2534; x_wconf 84' lang='lat' dir='ltr'>autem</span> <span class='ocrx_word' id='word_1_297' title='bbox 1149 2488 1408 2535; x_wconf 73' lang='lat' dir='ltr'>animaliter„</span> 
     </span>
    </p>
   </div>
   <div class='ocr_carea' id='block_1_8' title="bbox 76 2576 698 2615">
    <p class='ocr_par' dir='ltr' id='par_1_9' title="bbox 76 2576 698 2615">
     <span class='ocr_line' id='line_1_35' title="bbox 76 2576 698 2615; baseline -0.002 -9"><span class='ocrx_word' id='word_1_298' title='bbox 76 2581 84 2595; x_wconf 76' lang='lat'>¹</span> <span class='ocrx_word' id='word_1_299' title='bbox 108 2576 198 2607; x_wconf 82' lang='lat' dir='ltr'>Rom.</span> <span class='ocrx_word' id='word_1_300' title='bbox 216 2585 288 2614; x_wconf 83' lang='lat' dir='ltr'>vm,</span> <span class='ocrx_word' id='word_1_301' title='bbox 308 2584 360 2607; x_wconf 76' lang='lat'>22.</span> <span class='ocrx_word' id='word_1_302' title='bbox 380 2592 419 2598; x_wconf 90' lang='lat'>-—</span> <span class='ocrx_word' id='word_1_303' title='bbox 435 2581 447 2596; x_wconf 88' lang='lat'><strong>²</strong></span> <span class='ocrx_word' id='word_1_304' title='bbox 474 2587 481 2607; x_wconf 85' lang='grc' dir='ltr'>ι</span> <span class='ocrx_word' id='word_1_305' title='bbox 507 2577 579 2608; x_wconf 82' lang='lat' dir='ltr'>Cor.</span> <span class='ocrx_word' id='word_1_306' title='bbox 599 2586 646 2615; x_wconf 71' lang='grc' dir='ltr'>ιι,</span> <span class='ocrx_word' id='word_1_307' title='bbox 667 2576 698 2607; x_wconf 83' lang='lat'>3.</span> 
     </span>
    </p>
   </div>
  </div>
 </body>
</html>
