1790 3187
670 222 861 247 levissem
903 223 967 247 ιν.
1429 213 1509 249 517

128 294 170 328 ct
187 285 246 328 ibi
269 294 414 342 postca
436 301 564 344 quarn
589 287 746 329 Pascha
771 287 913 330 occiso
932 302 1042 343 agno
1059 287 1405 342 celebraverimt,
1424 287 1515 331 (lies

125 355 444 415 quinquaginta
468 366 754 400 numerantur
785 372 922 416 usquc
951 357 1005 400 ad
1037 356 1152 401 diem
1186 372 1274 416 quo
1299 361 1384 401 Lex
1414 357 1513 402 data

125 436 189 471 est
210 427 255 470 in
276 436 425 470 monte
450 429 547 472 Sina
571 427 736 472 famulo
760 428 833 471 Dei
858 429 1024 486 Moysi,
1058 429 1194 487 digito
1218 429 1292 472 Dei
1321 430 1479 487 scripta
1502 447 1511 473 :

125 498 169 540 in
190 496 312 542 libris
334 507 480 542 autem
505 498 731 557 Evangelii
749 500 1015 558 apertissime
1038 499 1302 555 declaratur,
1329 498 1516 557 digitum

125 568 201 611 Dei
233 569 471 626 significare
491 569 696 628 Spiritum
715 579 928 614 sanctum.
955 572 1067 615 Cum
1091 571 1206 614 enim
1230 585 1344 614 unus
1369 572 1517 615 Evan-

124 639 273 696 gelista
296 638 468 683 dixisset
493 658 501 684 :
528 659 546 681 «
572 643 621 683 ln
643 640 779 698 digito
800 641 875 685 Dei
898 642 1020 700 ejicio
1044 640 1286 686 daemonia¹
1310 659 1318 685 z
1349 658 1368 682 >i
1409 640 1516 685 alius

124 709 206 752 hoc
239 708 353 752 idem
385 710 442 753 ita
476 708 583 754 dixit
611 730 620 755 ε
653 729 672 752 «
698 714 747 754 In
772 712 925 770 spiritu
949 712 1025 755 Dei
1049 712 1173 771 ejicio
1203 711 1467 756 daemonia2.
1492 729 1513 752 »

123 779 226 832 Quis
249 780 362 824 hanc
383 779 578 824 laetitiam
599 780 846 826 divinorum
868 792 1254 837 sacramentorum,
1280 798 1380 826 cum
1398 797 1514 826 sanae

123 849 336 894 doctrinae
357 851 454 895 luce
477 852 748 908 clarescunt,
774 868 863 897 non
894 852 1096 913 praeferat
1123 853 1333 898 universis
1363 852 1517 897 mundi

122 921 250 980 hujus
275 922 481 981 imperiis,
507 923 636 966 etiam
664 924 869 967 inusitata
891 923 1098 968 felicitate
1121 924 1319 981 pacatis?
1361 926 1516 968 Nonne

120 1000 329 1052 tanquam
355 994 443 1036 duo
473 993 698 1051 Seraphim
732 993 922 1036 clamant
953 992 1008 1036 ad
1031 993 1217 1037 invicem
1240 992 1516 1036 concinentia

120 1060 269 1105 laudes
282 1061 502 1116 Ahissimi,
524 1081 543 1103 «
564 1065 763 1116 Sanctus,
782 1071 972 1117 sanctus,
988 1071 1161 1107 sanctus
1179 1063 1387 1106 Dominus
1403 1066 1515 1106 Deus

123 1152 141 1174 »
178 1134 396 1178 Sabaotl1³
425 1153 433 1177 :
462 1152 482 1175 »
505 1135 564 1177 ita
587 1134 676 1177 duo
701 1137 974 1178 Testamenta
998 1133 1185 1177 fideliter
1204 1133 1515 1178 concordantia

119 1213 329 1248 sacratam
347 1203 586 1248 concinunt
607 1204 864 1248 veritatem?
886 1205 1112 1249 Occiditur
1133 1204 1240 1259 ovis,
1267 1203 1515 1248 celebratur

121 1276 298 1330 Pascha,
324 1285 367 1320 et
394 1275 656 1335 interpositis
674 1276 993 1335 quinquaginta
1014 1275 1185 1329 diebus,
1206 1276 1336 1320 datur
1354 1281 1437 1319 Lex
1458 1273 1514 1319 ad

120 1348 318 1392 timorem
342 1347 500 1406 scripta
529 1346 664 1404 digito
689 1348 778 1391 Dei.
805 1346 1031 1391 Occiditur
1053 1347 1252 1392 Christus
1272 1381 1283 1401 ‚
1316 1347 1392 1406 qui
1413 1355 1513 1390 tan-

117 1434 248 1478 quam
272 1419 362 1463 ovis
379 1419 433 1462 ad
452 1418 771 1462 immolandum
796 1417 954 1463 ductus
976 1427 1055 1472 est,
1087 1419 1199 1462 sicut
1226 1420 1358 1461 Isai'as
1382 1425 1515 1461 testa-

117 1492 223 1545 tur-²,
236 1490 482 1534 celebratur
493 1505 645 1535 verum
661 1490 839 1544 Pascha,
853 1499 895 1533 et
911 1488 1177 1547 interpositis
1192 1488 1513 1548 quinquaginta

116 1562 288 1616 diebus,
305 1562 436 1606 datur
453 1561 507 1605 ad
530 1561 786 1605 charitatem
808 1561 992 1619 Spiritus
1015 1569 1205 1614 sanctus,
1232 1560 1308 1618 qui
1328 1568 1390 1602 est
1403 1558 1516 1616 digi-

120 1640 186 1675 tus
212 1632 288 1675 Dei
321 1632 566 1676 contrarius
589 1631 840 1675 hominibus
876 1646 951 1674 sua
987 1629 1311 1689 quaerentibus,
1344 1638 1387 1671 et
1416 1627 1515 1673 ideo

111 1703 268 1761 jugum
300 1717 500 1761 asperum
537 1711 580 1744 et
616 1701 828 1745 sarcinam
865 1715 1039 1758 gravem
1082 1699 1359 1758 portantibus
1381 1732 1392 1752 ,
1434 1713 1516 1742 nec

117 1770 442 1816 invenientibus
463 1772 658 1830 requiem
679 1771 909 1814 animabus
928 1770 1037 1826 suis;
1057 1769 1159 1828 quia
1179 1768 1364 1812 charitas
1385 1786 1404 1809 «
1425 1783 1515 1811 non

121 1860 142 1883 »
177 1842 335 1901 quaerit
367 1857 465 1900 quae
487 1857 564 1885 sua
587 1843 732 1885 sunt'5.
760 1859 778 1882 »
810 1840 913 1884 Ideo
936 1839 1184 1884 animositas
1206 1838 1514 1882 haereticorum

119 1928 289 1970 semper
317 1912 513 1971 inquieta
535 1920 627 1966 est,
670 1926 779 1970 quos
818 1925 1045 1969 magorum
1084 1910 1320 1954 Pharaonis
1356 1909 1517 1953 habere

119 1993 342 2038 conatum,
365 1983 558 2027 declarat
576 1981 810 2041 Apostolus
829 1983 976 2026 dicens
994 2001 1002 2026 ε
1030 2001 1043 2022 α
1071 1982 1190 2027 Sicut
1208 1981 1323 2024 enim
1341 1983 1518 2024 Jamnes

124 2073 143 2096 »
180 2064 222 2098 et
247 2054 466 2098 Mambres
488 2054 741 2097 restiterunt
763 2054 920 2109 Moysi,
945 2052 1004 2095 sic
1027 2061 1070 2095 et
1085 2052 1163 2109 ipsi
1183 2051 1387 2094 resistunt
1408 2050 1518 2093 veri-

125 2145 142 2167 »
182 2127 274 2180 tati,
302 2126 499 2169 homines
521 2134 667 2168 mente
690 2124 902 2183 corrupti,
929 2124 1105 2183 reprobi
1126 2124 1239 2168 circa
1260 2123 1394 2166 fldem
1416 2140 1424 2165 :
1443 2120 1517 2164 sed

124 2216 143 2238 >›
180 2196 295 2241 ultra
321 2211 411 2240 non
431 2195 675 2254 proficient.
704 2195 930 2239 Dementia
958 2195 1073 2237 enim
1097 2209 1247 2238 eorum
1272 2193 1353 2236 erit
1376 2192 1518 2235 mani-

125 2285 145 2308 »
182 2266 289 2311 festa
313 2266 540 2320 omnibus,
565 2267 676 2309 sicut
699 2275 741 2308 et
765 2264 939 2309 illorum
964 2263 1092 2307 tuitss.
1123 2282 1142 2304 »
1169 2263 1280 2316 Quia
1302 2262 1416 2305 enim
1442 2277 1519 2321 per

126 2338 260 2396 ipsam
278 2337 605 2395 corruptionem
622 2336 777 2379 mentis
796 2335 1101 2395 inquietissimi
1119 2333 1314 2387 fuerunt,
1334 2333 1379 2376 iu
1396 2333 1518 2390 signo

127 2408 253 2452 tertio
276 2406 557 2460 defecerunt,
599 2405 784 2450 fatentes
818 2405 899 2448 sibi
922 2404 1150 2450 adversum
1182 2419 1271 2447 esse
1309 2403 1517 2462 Spiritum

176 2516 183 2530 ¹
215 2511 292 2541 Luc.
317 2520 360 2549 xi,
393 2519 446 2541 (ιο.
463 2524 504 2530 -
523 2515 535 2530 ²
561 2508 681 2539 Matth.
704 2518 765 2545 xn,
796 2509 851 2538 28.
870 2504 936 2529 ——3
961 2506 1033 2538 lsai.
1055 2517 1083 2537 vi
1099 2530 1107 2546 ,
1129 2507 1158 2537 3.
1179 2504 1248 2535 -4
1273 2507 1320 2538 Id.
1342 2516 1405 2545 tm,
1425 2515 1455 2546 7.
1478 2520 1520 2529 ⁶‹-

130 2564 142 2586 5
167 2576 175 2595 ι
197 2566 268 2595 Cor.
291 2575 363 2598 xiii,
386 2565 414 2594 ἦ.
434 2582 455 2585 -
487 2562 501 2583 ¹3
529 2570 539 2585 ²
558 2563 639 2595 Tim.
662 2572 711 2599 ¹11,
731 2566 750 2594 S
787 2562 866 2595 [js-sla
887 2561 1045 2602 vulgatus,
1067 2561 1143 2592 ibid.
