1790 3187
288 197 339 223 DE
374 194 559 221 ntvssaffls
592 195 750 230 Qtffls'r.
787 194 934 221 ocroc.
972 195 1135 219 Tamus.
1352 185 1404 219 83

20 263 137 307 hunc
154 259 368 306 mundum
390 259 589 312 intravit,
615 267 659 301 et
679 274 756 317 per
774 268 1000 315 peceatum
1024 273 1162 311 mors,
1189 267 1232 300 et
1249 258 1308 301 sic
1331 273 1407 315 per

19 347 167 378 omnes
189 331 388 378 homines
417 329 692 390 pertransiit,
726 329 770 372 in
792 345 881 388 quo
910 343 1059 373 omnes
1084 329 1282 372 homines
1306 343 1408 387 pec-

18 403 266 451 caverunt1.
294 402 438 460 Usque
460 399 515 443 ad
536 398 674 456 legem
693 399 807 442 enim
829 407 1054 457 peccatum
1076 399 1119 442 in
1139 399 1221 442 hoc
1240 399 1407 443 mundo

18 471 114 518 fuit.
142 475 371 517 Peccatum
398 479 543 514 autem
567 485 654 514 non
679 470 974 527 deputabatur
995 484 1095 513 cum
1118 468 1187 513 lex
1222 485 1311 513 non
1337 484 1405 513 es-

17 553 96 589 set.
125 545 179 587 Et
200 543 382 599 iterum3
408 560 428 583 «
456 541 555 585 Sine
572 540 666 598 lege
688 541 802 584 enim
828 550 1055 599 peccatum
1075 549 1297 584 mortuum
1317 549 1403 596 est3

22 634 40 657 »
68 629 149 673 ego
171 623 316 659 autem
338 612 536 658 vivebam
559 611 794 671 aliquando
815 612 906 656 sine
924 612 1061 671 teg-ez
1092 630 1112 653 »
1137 611 1268 664 Quod
1291 611 1405 655 enim

17 685 87 730 hic
107 683 212 732 dicit
234 703 242 729 :
272 703 292 726 (ι
314 692 536 728 mortuum
563 691 641 736 est,
663 700 683 723 »
711 683 792 727 boc
819 692 883 727 est
905 682 1023 742 quod
1048 683 1245 741 superius
1268 682 1398 735 dicit,

17 769 105 802 non
143 754 457 813 deputabatur,
493 751 537 796 id
568 761 656 806 est,
696 752 874 797 latebat.
909 752 1038 805 Quod
1077 753 1326 796 manifestat
1362 753 1409 796 in

18 824 385 884 consequentibus
414 822 561 866 dicens
593 841 601 866 ι
644 842 663 864 «
703 822 786 866 Sed
821 832 1073 881 peccatum,
1114 832 1163 866 ut
1202 831 1408 881 appareat

24 915 39 938 »
66 904 291 953 peccatum
317 929 328 947 ‚
384 908 460 952 per
508 892 673 936 bonum
725 903 953 951 operatum
1007 903 1069 937 est
1125 893 1230 936 mibi
1286 908 1406 937 mor-

19 981 40 1007 »
66 974 151 1011 tem
180 999 191 1019 ‚
231 983 250 1006 »
283 963 328 1008 id
360 973 448 1018 est,
489 978 566 1022 per
605 963 773 1021 legem3
814 965 914 1022 quia
957 965 1069 1008 bona
1108 973 1170 1008 est
1205 964 1332 1017 lex³‚
1375 966 1407 1008 si

16 1036 111 1095 quis
133 1050 182 1079 ea
214 1034 407 1094 legitime
431 1044 593 1078 utatur.
636 1035 678 1079 Si
709 1050 812 1093 ergo
842 1035 911 1078 hic
946 1036 1006 1078 ait
1026 1070 1036 1088 ,
1076 1054 1095 1076 α
1122 1044 1170 1078 ut
1198 1045 1403 1094 appareat

20 1123 40 1151 »
66 1115 290 1164 peccatum
321 1124 329 1150 ε
360 1123 379 1146 »
417 1105 695 1150 manifestum
730 1114 793 1148 est
823 1106 943 1164 quod
967 1106 1164 1164 superius
1202 1106 1302 1150 ideo
1338 1106 1408 1149 di·-

16 1177 168 1231 cebat,
195 1186 416 1221 mortuum
447 1185 490 1219 et
524 1191 612 1219 non
647 1175 874 1234 deputari,
912 1177 1012 1235 quia
1046 1192 1135 1221 non
1170 1177 1406 1236 apparebat

17 1257 116 1292 ante
137 1263 266 1308 quam
292 1247 388 1305 lege
410 1247 670 1305 probibente
688 1246 1004 1291 ostenderetur.

77 1320 137 1363 5⁰.
164 1317 230 1364 Ad
255 1317 490 1362 secundam
514 1317 728 1361 actionem
745 1317 825 1360 ista
845 1319 1088 1362 testimonia
1107 1320 1373 1363 conveniunt
1393 1339 1402 1364 :

18 1392 105 1433 Lex
127 1398 272 1433 autem
294 1388 580 1442 subintravit,
607 1397 655 1431 ut
688 1387 931 1432 abundaret
958 1388 1184 1433 delictum.
1219 1391 1409 1434 Accessit

16 1459 130 1502 enim
154 1468 196 1502 et
219 1458 534 1518 praevaricatio,
567 1473 667 1517 quae
698 1467 917 1507 nouerat.
949 1462 1005 1503 Et
1036 1459 1145 1503 illud
1178 1462 1298 1520 quod
1315 1463 1406 1520 jam

16 1538 404 1574 commemoratum
424 1538 486 1572 est
507 1547 516 1573 :
547 1547 566 1569 «
590 1530 702 1572 Cum
726 1543 915 1572 essemus
938 1530 1052 1573 enim
1075 1530 1120 1574 in
1137 1546 1289 1584 carne,
1312 1548 1406 1591 pas-

19 1618 39 1640 »
64 1600 204 1644 siones
220 1608 497 1659 peccatorum
517 1613 625 1658 quae
639 1614 714 1657 per
735 1598 876 1657 legem
894 1610 996 1643 sunt
1012 1635 1022 1653 ‚
1048 1602 1344 1660 operabantur
1358 1605 1404 1648 in

19 1686 39 1710 »
65 1671 268 1715 membris
287 1670 465 1724 nostris,
492 1678 541 1712 ut
563 1668 758 1713 fructum
781 1668 945 1714 ferrent
963 1672 1107 1715 morti.
1139 1693 1155 1713 »
1179 1676 1236 1718 Et
1256 1674 1368 1720 illud
1391 1696 1399 1721 :

19 1759 40 1782 «
63 1741 180 1794 Quid
201 1757 303 1800 ergo
322 1742 546 1786 dicemus?
570 1743 655 1784 Lex
676 1750 904 1799 peccatum
921 1744 1012 1785 est?
1030 1744 1154 1787 Absit
1174 1763 1181 1788 z
1205 1747 1279 1790 sed
1299 1763 1404 1805 pec-

18 1829 39 1852 »
64 1821 209 1856 catum
233 1828 322 1857 non
344 1812 528 1871 cognovi
562 1811 643 1854 nisi
665 1826 741 1870 per
767 1810 924 1870 legem.
958 1815 1064 1858 Nam
1088 1819 1403 1876 concupiscen-

19 1899 38 1921 »
65 1881 169 1925 tiam
199 1882 441 1927 nesciebam
463 1917 473 1935 ‚
511 1881 590 1924 nisi
615 1880 683 1924 lex
712 1880 902 1934 diceret,
942 1885 1036 1928 Non
1074 1888 1399 1945 concupisces4.

18 1970 37 1993 »
66 1952 303 1997 Occasione
325 1962 471 1996 autem
486 1961 662 2010 accepta
678 1960 903 2010 peceatum
930 1968 1004 2011 per
1023 1957 1278 2002 mandatum
1299 1975 1400 2018 ope-

19 2039 40 2064 »
64 2031 205 2067 ratum
228 2031 291 2066 est
314 2023 359 2066 in
389 2038 455 2066 me
489 2037 663 2065 omnem
688 2022 1102 2080 concupiscentiam.
1134 2044 1153 2066 »
1187 2029 1243 2070 Et
1272 2029 1403 2087 paulo

18 2101 145 2150 post:
172 2111 193 2135 «
214 2093 508 2146 Adveniente‚
538 2091 709 2151 inquit,
741 2092 946 2136 mandato
974 2104 1200 2151 peccatum
1232 2099 1401 2143 revixit.

22 2180 42 2204 »
68 2165 161 2222 Ego
179 2173 323 2208 autem
347 2173 544 2207 mortuus
559 2175 678 2217 sum,
703 2170 746 2206 et
766 2163 992 2208 inventum
1010 2174 1073 2208 est
1091 2167 1196 2210 mihi
1221 2170 1406 2214 manda-

23 2251 43 2274 »
68 2242 163 2278 tum
185 2235 306 2294 quod
326 2244 417 2279 erat
438 2233 494 2278 ad
517 2234 673 2288 vitam,
706 2234 788 2278 hoc
815 2250 906 2278 esse
929 2236 982 2279 ad
1015 2246 1215 2282 mortem.
1246 2243 1406 2286 Pecca-

23 2322 44 2346 »
69 2313 160 2350 tum
179 2306 295 2351 enim
312 2306 536 2351 occasione
554 2313 729 2363 accepta
748 2320 825 2364 per
842 2307 1098 2354 mandatum
1112 2343 1122 2359 ,
1143 2307 1298 2355 fefellit
1317 2327 1401 2368 me,

26 2393 43 2416 n
70 2383 112 2420 et
126 2391 201 2436 per
217 2375 330 2421 illud
343 2376 545 2422 occidit⁵.
570 2393 591 2418 »
612 2374 741 2429 Quod
763 2390 864 2433 ergo
882 2376 955 2431 ait,
981 2395 1000 2419 «
1021 2387 1220 2424 mortuus
1233 2395 1328 2426 sum
1350 2400 1359 2426 ε
1383 2400 1404 2424 »

71 2483 80 2503 1
99 2480 191 2511 Rom.
209 2491 240 2519 v,
265 2488 301 2512 12
319 2480 473 2512 et13.-
488 2484 502 2502 ²
520 2479 566 2510 Id*
583 2489 639 2518 vn,
659 2478 690 2510 8.
704 2495 743 2500 —
758 2476 770 2500 3
797 2478 906 2510 [Tim.
924 2490 947 2519 ι,
966 2479 998 2512 8.
1012 2478 1079 2510 -24
1099 2482 1199 2514 Exod-
1219 2493 1271 2520 xx,
1296 2495 1345 2525 17·
1363 2501 1404 2508 -—

25 2530 39 2555 ⁵
65 2533 153 2566 Rom.
176 2545 206 2572 v,
223 2535 278 2576 26,
306 2539 339 2567 ot
356 2543 414 2573 vu,
438 2534 469 2565 5.
