1790 3187
338 225 394 262 20
777 235 810 259 s.
847 229 1076 273 mausum
1106 232 1286 262 ammom

335 299 416 343 nisi
436 298 575 343 futuri
602 306 644 342 et
670 297 933 341 imminentis
953 296 1071 342 mali.
1102 300 1281 343 Necesse
1303 308 1367 343 est
1396 307 1540 344 autem
1562 308 1612 343 ut
1636 300 1715 358 qui

333 369 488 413 metuit
508 403 519 424 ,
548 368 716 428 aliquid
737 366 891 425 fugiat.
928 368 1129 428 Quisquis
1150 369 1297 428 itaque
1318 379 1511 414 metuere
1533 370 1711 423 metuit,

333 447 396 482 est
411 437 608 498 profecto
631 437 983 491 absurdissimus,
1016 438 1118 498 quia
1139 438 1348 497 fugiendo
1370 440 1503 484 habet
1524 439 1713 497 idipsum

332 509 453 569 quod
473 509 603 568 fugit.
628 512 736 556 Nam
768 507 974 568 quoniam
1001 524 1091 554 non
1117 510 1324 554 metuitur
1356 510 1437 554 nisi
1465 524 1519 553 ne
1551 507 1715 568 aliquid

332 579 434 623 mali
460 579 649 635 accidat,
675 588 867 624 metuere
897 593 952 623 ne
983 578 1150 624 accidat
1185 588 1342 634 metus,
1377 578 1488 624 nihil
1512 578 1630 624 aliud
1652 587 1717 622 cst

329 650 409 694 nisi
442 651 644 709 amplecti
671 649 792 710 quod
821 650 997 709 respuis.
1022 650 1152 703 Quod
1175 650 1209 694 si
1229 665 1475 710 repugnans
1493 658 1572 704 est,
1592 648 1716 692 sicuti

332 730 411 775 est,
428 720 551 765 nullo
578 736 752 780 prorsus
769 720 900 765 modo
924 720 1094 776 metuit,
1119 720 1315 780 quisquis
1334 720 1444 764 nihil
1465 719 1584 764 aliud
1602 726 1716 763 amat

333 807 464 850 quam
488 808 577 836 non
598 802 806 837 metuere.
828 795 885 837 Et
901 801 1130 852 propterea
1152 808 1281 837 nemo
1294 800 1435 852 potest
1462 792 1547 835 hoc
1575 789 1715 834 solum

331 877 490 918 amare,
508 873 550 908 et
567 879 656 909 non
673 864 849 908 habere.
875 866 1029 909 Utrum
1047 873 1194 909 autem
1212 864 1295 908 hoc
1318 862 1459 907 solum
1481 860 1716 905 amandum

329 933 404 987 sit,
430 932 510 977 alia
531 936 713 994 quaestio
734 943 812 978 est.
840 937 935 978 Jam
954 949 1083 994 quem
1113 949 1203 978 non
1220 933 1437 977 exanimat
1454 941 1609 986 metus,
1630 944 1710 973 nec

329 1002 543 1062 cupiditas
561 1019 661 1048 eum
683 1013 821 1049 vastat
839 1039 849 1061 ,
870 1019 949 1048 nec
968 1003 1181 1063 aegritudo
1201 1012 1414 1058 macerat,
1438 1017 1518 1045 nec
1535 999 1718 1046 ventilat

328 1075 513 1132 gestiens
536 1083 579 1118 et
603 1090 712 1119 vana
741 1075 891 1118 laetitia
915 1077 932 1116 ⁴?
959 1075 1002 1119 Si
1023 1075 1139 1118 enim
1163 1074 1284 1133 cupit
1299 1108 1310 1128 ‚
1336 1073 1438 1133 quia
1466 1071 1573 1116 nihil
1597 1069 1718 1114 aliud

328 1153 392 1187 est
414 1144 627 1203 cupiditas
653 1145 733 1189 nisi
754 1160 875 1189 amor
898 1159 1042 1188 rerum
1066 1144 1387 1188 transeuntium
1411 1177 1422 1198 ,
1453 1150 1621 1185 metuat
1644 1154 1716 1183 ne-

326 1227 442 1256 cesse
462 1223 541 1268 est,
577 1229 633 1257 ne
653 1223 727 1257 aut
750 1215 921 1258 amittat
939 1229 1007 1257 eas
1028 1229 1125 1257 cum
1151 1214 1333 1272 adeptus
1354 1211 1502 1266 fuerit,
1532 1219 1607 1255 aut
1628 1224 1717 1254 non
1767 1216 1769 1262 j

328 1276 605 1334 adipiscatur.
638 1279 735 1322 Non
773 1287 916 1321 autem
945 1278 1126 1321 metuit:
1154 1293 1243 1321 non
1267 1291 1370 1334 ergo
1392 1277 1526 1335 cupit.
1555 1279 1665 1319 Item
1682 1273 1718 1318 si

329 1346 505 1404 angitur
527 1347 659 1390 animi
687 1346 837 1391 dolore
855 1382 865 1402 ‚
900 1362 1072 1391 necesse
1100 1356 1163 1391 est
1191 1348 1320 1391 etiam
1348 1355 1468 1390 metu
1489 1346 1678 1404 agitetur
1703 1362 1712 1388 ε
1766 1378 1768 1392 .

327 1417 536 1477 quoniam
571 1432 760 1476 quorum
799 1417 1012 1461 malorum
1048 1418 1324 1476 praesentium
1356 1426 1419 1461 est
1450 1416 1714 1470 anxietudo,

328 1501 479 1531 eorum
507 1496 570 1531 est
602 1496 646 1531 et
666 1487 990 1532 imminentium
1028 1497 1182 1532 metus.
1218 1491 1340 1533 Metu
1370 1496 1515 1532 autem
1549 1496 1667 1532 caret
1703 1504 1712 1530 ε

329 1573 432 1616 ergo
458 1567 501 1602 et
523 1558 814 1602 anxietudine.
840 1561 950 1602 Item
969 1559 1002 1602 si
1025 1557 1199 1603 laetetur
1223 1559 1426 1614 inaniter,
1448 1558 1503 1602 de
1519 1559 1566 1602 iis
1585 1558 1714 1601 rebus
1766 1544 1767 1571 l

327 1629 502 1673 laetatur
520 1663 532 1684 ,
559 1645 666 1689 quas
695 1637 839 1689 potest
861 1630 1059 1674 amittere
1083 1649 1090 1674 :
1116 1645 1251 1690 quare
1272 1639 1440 1674 metuat
1461 1644 1634 1674 necesse
1655 1637 1717 1672 est
1765 1666 1767 1674 ,

327 1715 384 1744 ne
412 1700 596 1744 amittat⁴
633 1700 715 1745 Sed
746 1700 869 1745 nullo
896 1700 1029 1745 modo
1053 1701 1209 1745 metuit
1233 1720 1242 1745 :
1271 1700 1395 1746 nullo
1425 1701 1558 1746 modo
1586 1700 1716 1757 igitur
1764 1710 1767 1735 θ

327 1768 502 1812 laetatur
519 1770 720 1813 inaniter.

387 1841 587 1891 QuAEs-rio
615 1841 823 1882 XXXIV.
851 1865 908 1873 --
932 1839 975 1883 Si
1003 1839 1156 1883 vitium
1177 1848 1239 1883 est
1263 1854 1352 1884 non
1373 1848 1566 1884 metuere
1585 1874 1595 1894 ,
1626 1855 1715 1884 non
1762 1872 1765 1891 2

328 1917 393 1952 est
430 1910 681 1953 amandum.
710 1909 794 1954 Sed
830 1924 960 1953 nemo
994 1909 1264 1955 beatissimus
1295 1911 1467 1966 metuit,
1505 1921 1548 1954 et
1588 1925 1715 1954 nemo
1762 1925 1764 1954 ;

328 1978 598 2023 beatissimus
631 1980 676 2022 in
699 1979 803 2023 vitio
823 1987 901 2023 est.
931 1981 1028 2025 Non
1052 1989 1114 2023 est
1146 1980 1293 2039 itaque
1321 1981 1477 2025 vitium
1509 1996 1596 2024 non
1624 1996 1716 2024 me·
1762 1983 1764 2041 ζ

330 2057 466 2092 tuere.
506 2052 563 2093 At
600 2050 778 2093 audacia
815 2049 968 2094 vitium
997 2059 1075 2093 est.
1116 2053 1213 2096 Non
1245 2066 1348 2110 ergo
1387 2052 1584 2111 quisquis
1626 2067 1713 2096 non
1761 2051 1763 2101 j

330 2119 515 2173 metuit,
553 2120 693 2163 audax
727 2128 788 2162 est
818 2140 829 2176 3
860 2133 1113 2178 quanquam
1150 2122 1290 2165 omnis
1326 2122 1402 2180 qui
1439 2123 1586 2176 audet,
1625 2137 1712 2166 non
1760 2137 1763 2183 j

330 2197 509 2232 metuat.
526 2192 637 2233 Item
661 2188 844 2234 cadaver
866 2204 995 2234 omne
1017 2205 1106 2234 non
1131 2192 1299 2235 metuit.
1317 2194 1592 2251 Quapropter
1613 2207 1711 2236 cum
1760 2208 1762 2226 ⁵

330 2273 563 2302 commune
591 2260 645 2303 sit
677 2275 767 2304 non
790 2269 982 2304 metuere
1011 2260 1255 2306 beatissimo
1277 2271 1320 2306 et
1347 2262 1500 2306 audaci
1523 2272 1565 2306 et
1583 2264 1711 2306 eada-
1760 2310 1761 2316 ¹

329 2328 436 2382 veri,
454 2329 529 2372 sed
548 2329 820 2373 beatissimus
840 2329 886 2374 id
907 2330 1066 2373 habeat
1087 2346 1163 2389 per
1180 2331 1537 2390 tranquillitatem
1561 2333 1710 2386 animi,
1759 2338 1761 2375 :

330 2398 469 2443 audax
492 2415 567 2459 per
584 2401 871 2444 temeritatem
887 2435 898 2456 ‚
932 2400 1115 2445 cadaver
1142 2403 1244 2461 quia
1268 2404 1385 2447 omni
1406 2419 1532 2447 sensu
1564 2412 1709 2460 caret3

329 2483 472 2529 neque
506 2486 596 2515 non
631 2471 866 2516 amandum
897 2480 960 2516 est
991 2487 1081 2516 non
1109 2482 1301 2518 metuere
1320 2507 1331 2529 ‚
1357 2474 1563 2533 quoniam
1595 2473 1711 2518 beati
1758 2493 1759 2544 ᾗ
