1790 3187
267 223 350 264 512
707 231 741 260 s.
777 230 1009 262 Aueus'rmx
1040 232 1223 261 Emscol‘l

265 308 535 360 praeceptum
566 306 651 353 est,
677 306 727 342 ut
751 298 1028 343 attenderent
1061 312 1289 344 occurrere
1316 297 1570 351 sabbatum,
1607 304 1650 339 et

266 387 365 416 cum
389 385 536 415 mense
559 384 771 414 novorum
791 370 844 414 ad
876 371 1046 415 tertiam
1065 370 1181 414 lunxe
1199 366 1521 414 hebdomadam
1542 381 1651 411 con-

266 457 455 498 currere,
481 450 530 485 ut
563 440 759 484 eamdem
797 455 974 501 quoque
1007 441 1123 485 diem
1153 440 1361 485 Dominus
1395 438 1540 498 potius
1577 452 1653 482 sua

266 515 462 574 passione
487 514 690 572 signaret,
712 513 788 573 qui
810 513 940 557 etiam
962 510 1312 567 Dominicum,id
1333 519 1411 567 est,
1431 518 1650 565 octavum,

267 585 343 644 qui
366 594 408 628 et
431 584 595 643 primus
620 593 699 637 est,
725 583 1021 628 declaraturus
1045 583 1292 628 advenerat.

326 658 487 700 XXIV.
516 654 705 700 Attende
723 655 855 713 igitur
871 656 1203 700 sacratissimum
1227 654 1422 698 triduum
1446 651 1653 706 crucifixi,

268 726 442 786 sepulti,
477 726 684 771 suscitati.
712 728 879 770 Horum
907 727 1037 770 trium
1069 726 1188 786 quod
1218 725 1429 783 significat
1460 739 1580 778 crux,
1612 722 1658 766 in

267 799 469 858 praesenti
492 800 661 858 agimus
683 798 770 844 vita
793 818 803 844 ε
829 799 947 859 quod
971 807 1115 843 autem
1133 798 1342 857 significat
1368 796 1590 857 sepultura
1616 802 1660 838 et

269 871 542 926 resurrectio,
569 870 656 915 fide
691 886 740 915 ac
777 886 852 931 spe
886 872 1087 930 gerimus.
1112 873 1238 917 Nunc
1261 870 1374 914 enim
1402 868 1560 912 dicitur
1576 867 1659 911 ho-

269 941 375 985 mini
395 961 404 986 :
433 960 453 983 «
476 940 597 986 Tolle
620 955 795 985 crucem
819 952 953 996 tuam,
980 951 1023 986 et
1044 957 1224 1002 sequere
1246 957 1315 985 me
1339 943 1368 984 ².
1393 958 1413 982 »
1434 938 1662 985 Cruciatur

269 1021 415 1056 autem
441 1027 557 1068 caro,
579 1028 678 1057 eum
699 1013 1020 1058 mortificantur
1038 1014 1234 1058 membra
1257 1020 1418 1068 nostra,
1444 1027 1543 1072 quae
1561 1017 1663 1054 sunt

268 1097 398 1142 super
419 1091 595 1138 terram,
613 1082 864 1138 fornicatio,
885 1083 1181 1138 immunditia,
1200 1083 1385 1138 luxuria,
1402 1082 1594 1136 avaritia,
1621 1088 1664 1123 et

268 1162 423 1198 caetera
441 1153 711 1214 hujusmodi,
739 1154 793 1198 de
816 1154 977 1214 quibus
999 1153 1116 1199 idem
1140 1154 1273 1212 dicit3
1308 1173 1329 1196 «
1357 1154 1399 1199 Si
1423 1152 1663 1198 secundum

273 1242 293 1266 »
329 1239 503 1269 carnem
539 1225 725 1270 vixeritis
742 1260 752 1280 ,
791 1224 1039 1269 moriemini
1063 1245 1072 1270 :
1109 1225 1142 1269 si
1176 1234 1320 1269 autem
1357 1224 1513 1284 spiritu
1551 1222 1665 1267 facta

276 1314 295 1336 w
329 1296 468 1341 carnis
490 1297 870 1352 mortificaveritis,
891 1296 1085 1342 vivetis2.
1113 1315 1133 1339 »
1162 1298 1274 1342 Hinc
1289 1297 1417 1341 etiam
1440 1295 1495 1340 de
1509 1309 1553 1339 se
1572 1295 1665 1353 ipso

271 1366 404 1425 dicit3
433 1386 453 1410 a
473 1367 666 1412 Mundus
691 1367 923 1412 crucifixus
946 1376 1025 1423 est,
1048 1377 1091 1412 et
1113 1384 1194 1427 ego
1217 1367 1386 1412 mundo
1402 1369 1433 1410 3.
1458 1385 1478 1408 n
1500 1368 1558 1410 Et
1584 1363 1667 1408 alio

271 1436 400 1495 loco3
430 1456 450 1480 «
476 1438 683 1495 Scientes‚
710 1438 872 1498 inquit,
907 1439 1009 1498 quia
1042 1448 1165 1484 vetus
1204 1441 1334 1483 homo
1357 1446 1501 1483 noster
1539 1433 1666 1480 simul

275 1527 295 1550 »
315 1510 544 1553 crucifixus
565 1519 629 1554 est
653 1525 753 1554 cum
783 1508 875 1565 illo,
902 1520 952 1554 ut
975 1520 1211 1556 evacuetur
1228 1525 1386 1570 corpus
1406 1508 1588 1569 peccati,
1619 1514 1668 1549 ut

276 1596 295 1621 »
320 1579 434 1624 ultra
453 1594 541 1623 non
564 1580 799 1625 serviamus
818 1589 999 1639 peccato
1016 1581 1050 1624 42
1078 1600 1097 1622 »
1116 1580 1321 1634 Quandiu
1348 1594 1448 1638 ergo
1462 1579 1507 1623 id
1533 1583 1670 1637 agunt

273 1664 402 1708 opera
428 1659 571 1694 nostra
596 1659 645 1693 ut
668 1661 905 1695 evacuetur
937 1666 1093 1710 corpus
1122 1652 1303 1710 peccati,
1331 1648 1528 1710 quandiu
1551 1655 1669 1691 exte-

274 1720 358 1764 rior
392 1721 524 1764 homo
553 1721 869 1780 corrumpitur,
895 1731 943 1765 ut
978 1722 1159 1767 interior
1194 1730 1429 1766 renovetur
1457 1719 1512 1763 de
1533 1718 1603 1762 die
1624 1718 1668 1761 in

273 1789 407 1845 diem,
435 1800 606 1850 tempus
628 1800 689 1835 est
710 1791 867 1836 erucis.

333 1863 582 1906 XXV.Haec
594 1872 696 1906 sunt
717 1863 848 1906 etiam
862 1863 978 1908 bona
1001 1879 1131 1924 opera
1144 1865 1339 1924 quidem,
1363 1871 1508 1907 tamen
1528 1859 1671 1906 adhuc

273 1932 500 1989 laboriosa,
528 1949 716 1993 quorum
751 1949 918 1979 ‘merces
942 1945 1006 1981 est
1024 1936 1223 1996 requies:
1252 1934 1326 1979 sed
1349 1933 1448 1978 ideo
1483 1932 1669 1977 dicitur:

281 2022 299 2043 «
325 2005 408 2061 Spe
431 2004 668 2061 gaudentes
685 2040 695 2060 ,
725 2025 742 2046 »
769 2015 819 2049 ut
842 2007 1083 2064 cogitantes
1106 2007 1299 2065 requiem
1322 2004 1540 2058 futuram,
1571 2016 1670 2046 cum

277 2072 493 2118 hilaritate
510 2075 555 2118 in
569 2074 793 2119 laboribus
814 2088 1063 2134 operemur.
1085 2079 1207 2119 Hane
1231 2075 1491 2119 hilaritatem
1515 2071 1673 2130 signifi-

277 2153 347 2189 cat
366 2146 508 2190 crucis
523 2145 709 2190 latitudo
726 2146 772 2189 in
785 2155 975 2192 trausver
988 2163 1034 2192 so
1046 2147 1181 2204 ligno,
1195 2147 1271 2190 ubi
1288 2147 1483 2205 figuntur
1500 2157 1669 2188 manus.

279 2219 359 2260 Per
382 2232 533 2261 manus
546 2218 662 2262 enim
685 2233 817 2277 opera
839 2218 1153 2277 intelligimus3
1176 2233 1250 2276 per
1269 2215 1544 2261 latitudinem
1563 2213 1674 2258 hila-

278 2287 447 2332 ritatem
468 2289 702 2347 operantis,
724 2289 826 2349 quia
850 2288 1027 2333 tristitia
1045 2287 1148 2333 facit
1167 2289 1383 2347 angustias
1401 2308 1412 2345 3
1436 2301 1514 2346 per
1527 2284 1675 2329 altitu-

277 2356 425 2402 dinem
464 2374 567 2404 vero
602 2361 672 2404 cui
700 2355 833 2420 caput:
862 2359 1147 2420 adjungitur,
1179 2359 1524 2419 expectationem
1547 2354 1674 2400 retri-

278 2427 470 2474 butionis
490 2429 544 2474 de
561 2431 736 2475 sublimi
753 2431 922 2491 justitia
944 2433 1046 2487 Dei,
1070 2431 1147 2490 qui
1171 2431 1323 2474 reddet
1349 2428 1587 2487 unicuique
1606 2441 1674 2470 se-

276 2501 471 2545 cundum
494 2517 624 2562 opera
645 2517 738 2560 sua,
765 2504 815 2548 iis
838 2502 1026 2562 quidem
1047 2504 1125 2563 qui
1145 2502 1383 2546 secundum
1402 2499 1674 2545 tolerantiam

327 2593 333 2608 ¹
355 2587 475 2620 Matth.
496 2598 561 2627 xvi,
584 2588 638 2631 24.
655 2607 696 2613 —
715 2597 727 2615 ²
747 2593 838 2624 nom.
872 2600 938 2629 vm,
963 2591 1023 2622 ιδ.
1041 2588 1109 2613 -3
1134 2588 1201 2622 Gal.
1222 2599 1266 2625 vi,
1303 2585 1408 2628 14-
1425 2584 1440 2615 4
1464 2587 1555 2618 Rom.
1576 2583 1673 2627 v1‚<3.
