1790 3187
246 207 297 234 nn
329 206 516 232 nrvEnsrs
547 205 703 242 QUAEST.
742 205 796 231 Ao
828 206 1085 232 SiMPLicmN.
1123 206 1203 231 Lm.
1245 208 1270 230 ι.
1373 195 1448 232 167

82 274 150 318 tiae
181 269 354 316 diversis
377 268 580 327 gradibus
607 268 827 326 ordinata3
854 271 1061 328 quoniam
1083 269 1191 313 vidit
1215 272 1328 312 Deus
1350 270 1452 328 quia

80 343 193 387 bona
215 341 355 394 sunt¹‚
377 353 476 383 cum
494 338 611 383 dicto
628 340 719 398 ejus
734 348 834 383 sunt
850 341 1044 384 instituta
1067 359 1075 384 :
1103 349 1152 383 ut
1173 348 1318 382 autem
1341 339 1453 383 odis-

78 421 142 457 set
160 411 288 463 Esafi,
309 409 389 453 nisi
406 410 626 468 injustitiae
641 410 810 464 merito,
832 410 1040 470 injustum
1058 419 1135 454 est.
1153 409 1282 463 Quod
1304 410 1336 454 si
1355 425 1455 454 con—

40 465 43 528 i
78 481 289 532 cedimus;
308 480 459 538 incipit
492 489 534 524 et
564 480 698 524 Jacob
716 481 893 540 justitiae
921 480 1075 525 merito
1101 479 1237 539 diligi.
1272 480 1399 532 Quod
1422 483 1453 524 si

40 542 42 573 J
77 567 225 598 verum
241 560 326 605 est,
349 550 507 595 falsum
522 560 585 595 est
607 550 727 611 quod
749 566 838 595 non
859 567 910 594 ex
933 552 1150 610 operibus.
1177 555 1244 594 An
1270 550 1382 594 forte
1404 566 1453 594 ex

40 613 42 626 ἱ
71 623 233 685 Justitia
251 621 352 666 fidei
363 623 380 662 ⁶?
402 622 518 675 Quid
540 637 642 681 ergo
658 631 700 665 te
722 621 921 681 adjuvat,
948 642 966 664 «
987 626 1099 668 Cum
1118 623 1233 666 enim
1254 622 1453 666 nondum

79 713 100 736 »
123 693 211 737 nati
233 691 446 736 luissent?
478 711 497 733 »
536 692 903 752 Quandoquidem
932 694 976 737 in
1010 692 1211 738 nondum
1244 702 1347 737 nato
1370 708 1448 737 nec

69 764 232 825 justitia
263 763 366 807 fidei
387 772 558 822 poterat
577 779 681 808 esse.

132 837 191 879 9⁰.
230 835 351 879 Vidit
382 835 529 894 itaque
562 834 794 893 Apostolus
824 835 933 895 quid
964 851 1014 879 ex
1043 836 1108 879 his
1141 835 1282 879 verbis
1315 844 1457 893 posset

74 907 218 951 animo
239 905 453 951 audientis
477 906 547 951 vel
568 906 750 965 legentis
779 922 1027 961 occurrere,
1053 908 1286 966 statimque
1308 907 1455 966 subje-

73 978 160 1022 cit·:
189 995 207 1018 «
233 976 347 1029 Quid
379 992 482 1035 ergo
509 973 728 1021 dicemus?
757 977 982 1037 Numquid
1011 977 1215 1037 iniquitas
1245 986 1308 1020 est
1338 976 1456 1036 apud

75 1066 94 1089 »
136 1049 298 1092 Deum?
332 1048 497 1092 Absit'2.
541 1069 556 1089 »
596 1051 651 1092 Et
681 1049 804 1108 quasi
841 1049 1000 1093 docens
1048 1049 1271 1108 quomodo
1314 1048 1424 1091 absit
1444 1068 1451 1093 2

76 1137 95 1160 «
121 1117 259 1175 Moysi
286 1118 400 1162 enim
424 1118 551 1173 dicit,
576 1119 734 1178 inquit,
771 1119 1008 1164 Miserebor
1031 1119 1102 1162 cui
1134 1119 1332 1162 misertus
1354 1134 1450 1172 ero,

75 1207 93 1229 »
118 1197 159 1231 et
179 1188 510 1232 misericordiam
532 1189 747 1248 praestabo
770 1190 840 1233 cui
862 1189 1103 1233 misericors
1119 1187 1245 1232 fuero
1259 1190 1290 1231 3.
1313 1207 1332 1229 »
1355 1189 1455 1241 Qui-

72 1259 152 1302 bus
176 1258 318 1303 verbis
353 1258 481 1303 solvit
509 1262 791 1319 quaestionem
810 1295 820 1314 ‚
847 1276 901 1303 an
932 1261 1074 1319 potius
1097 1261 1254 1303 arctius
1277 1259 1454 1316 colliga-

69 1329 156 1373 vit?
176 1327 368 1387 Idipsum
391 1339 454 1374 est
473 1331 586 1373 enim
617 1330 736 1389 quod
759 1331 943 1374 maxime
972 1340 1138 1384 movet,
1170 1330 1204 1373 si
1226 1329 1453 1373 miseretur

69 1400 136 1444 cui
159 1400 356 1443 misertus
388 1401 485 1454 erit,
515 1410 558 1444 et
582 1401 916 1445 misericordiam
947 1402 1171 1460 praestabit
1193 1401 1262 1444 cui
1285 1400 1451 1443 miseri—

69 1483 159 1514 cors
179 1468 326 1525 fuerit‚
352 1486 429 1514 cur
453 1471 544 1514 haec
578 1470 870 1515 misericordia
899 1470 1039 1516 defuit
1071 1471 1208 1525 Esaii,
1243 1479 1290 1513 ut
1320 1470 1448 1514 etiam

67 1540 155 1599 ipse
172 1539 385 1599 perillam
411 1550 521 1586 esset
540 1541 705 1596 bonus,
728 1541 1102 1600 quemadmodum
1125 1556 1201 1599 per
1227 1539 1344 1584 illam
1367 1540 1450 1585 bo-

67 1627 147 1656 nus
164 1610 300 1656 sactus
323 1622 386 1656 est
413 1614 565 1657 Jacob.
588 1617 654 1657 An
672 1613 770 1657 ideo
792 1612 957 1657 dictum
976 1623 1060 1667 est,
1081 1632 1101 1655 «
1120 1612 1358 1657 Miserebor
1380 1612 1449 1656 cui

69 1701 89 1723 »
108 1683 304 1727 misertus
325 1699 421 1738 ero,
449 1694 491 1727 et
514 1684 851 1728 misericordiam
875 1684 1091 1743 praestabo
1113 1684 1184 1727 cui
1205 1683 1448 1727 misericors

68 1770 87 1793 »
115 1752 261 1810 fuer03
284 1771 302 1794 η
334 1754 435 1813 quia
461 1755 747 1798 cuimisertus
766 1754 846 1797 erit
865 1756 978 1798 Deus
1001 1763 1049 1797 ut
1067 1768 1166 1797 eum
1192 1762 1337 1807 vocet,
1362 1753 1446 1796 mi-

62 1823 272 1866 serebitur
293 1824 383 1882 ejus
400 1834 448 1867 ut
468 1824 638 1881 credat3
658 1834 701 1867 et
715 1825 785 1868 cui
808 1824 1046 1868 misericors
1069 1822 1199 1867 fuerit
1214 1832 1262 1866 ut
1276 1822 1441 1878 credat,

64 1894 399 1939 misericordiam
436 1896 682 1954 praestabit,
713 1896 795 1939 hoc
822 1906 901 1950 est,
925 1895 1052 1940 faciet
1075 1910 1175 1938 eum
1204 1896 1447 1940 misericor—

65 1965 185 2020 dem,
216 1975 265 2009 ut
294 1967 423 2010 etiam
462 1968 572 2010 bene
603 1969 832 2026 operetur?
863 1966 987 2011 Unde
1015 1968 1328 2021 admonemur,
1367 1983 1446 2012 nec.

64 2036 160 2095 ipsis
182 2037 385 2096 operibus
410 2038 713 2082 misericordiae
741 2053 1010 2098 quemquam
1042 2047 1242 2097 oportere
1271 2037 1441 2095 gloriari

31 2103 34 2128 ³
64 2116 104 2150 et
122 2107 282 2162 extolli,
298 2109 418 2168 quod
437 2109 493 2152 eis
509 2110 631 2168 quasi
646 2110 730 2152 suis
753 2112 885 2152 Deum
907 2110 1193 2168 promeruerit
1211 2128 1220 2153 :
1240 2108 1443 2168 quando-

65 2178 237 2237 quidem
269 2188 318 2222 ut
353 2180 532 2223 haberet
561 2181 694 2238 ipsam
724 2178 1060 2223 misericordiam
1079 2214 1090 2233 ,
1121 2178 1193 2222 ille
1225 2180 1441 2237 praestitit,

64 2249 137 2308 qui
159 2249 492 2293 misericordiam
523 2251 745 2308 praestabit
777 2251 846 2294 cui
884 2250 1118 2294 misericors
1140 2249 1287 2294 fuerit.
1315 2249 1442 2303 Quod

65 2318 97 2362 si
121 2334 214 2362 eam
238 2319 456 2364 credendo
473 2335 518 2364 se
536 2320 740 2364 meruisse
762 2321 858 2379 quis
878 2322 1028 2380 jactat,
1054 2320 1223 2364 noverit
1245 2335 1345 2363 eum
1363 2321 1442 2364 sibi

66 2391 304 2448 praestitisse
328 2400 377 2435 ut
397 2392 616 2446 crederet,
651 2393 726 2452 qui
755 2393 982 2436 miseretur
1004 2391 1255 2450 inspirando
1283 2391 1411 2435 fidem
1428 2428 1437 2445 ,

66 2462 184 2520 cujus
206 2462 402 2505 misertus
420 2471 504 2516 est,
537 2472 583 2506 ut
604 2461 747 2506 adhuc
767 2461 930 2506 infideli
949 2462 1219 2505 vocationem
1243 2462 1440 2520 imperti-

112 2554 118 2569 ¹
143 2549 220 2579 Gen.
240 2559 260 2588 ι,
281 2547 383 2578 3r.—
400 2554 412 2569 ²
437 2550 526 2579 Rom.
546 2559 590 2588 ix,
620 2547 833 2588 14et15.-—
853 2548 865 2569 5
887 2548 984 2579 Evod.
1006 2558 1116 2588 xxxiii,
1143 2559 1191 2588 ¹9-

28 2556 32 2591 ι

28 2622 31 2754 ἐ

28 2810 30 2854 l

27 2869 30 2916 Ι
