1790 3187
349 232 424 268 118
781 242 812 266 s.
850 239 1079 269 Auensnm
1111 242 1292 270 musaeu

342 306 432 365 ipsa
455 307 621 363 integra
638 314 680 348 et
701 304 952 349 inconeussa
971 306 1186 350 manentia
1204 325 1213 350 :
1234 307 1358 350 sicuti
1372 306 1596 366 sapientia,
1617 319 1717 351 cum
1754 297 1758 309 '

343 376 500 421 accidit
517 376 710 430 homini,
735 391 823 422 non
846 375 935 435 ipsa
958 386 1151 420 mutatur
1171 412 1181 431 ,
1206 377 1279 421 sed
1302 378 1522 425 hominem
1549 385 1727 433 mutat,'
1754 400 1756 429 3

344 527 393 562 ut
423 526 465 561 et
484 526 653 560 mutent
675 525 717 560 et
738 526 962 561 mutentur
981 536 990 562 :
1014 517 1140 562 sicuti
1157 518 1279 562 cibus
1293 518 1382 577 ipse
1401 518 1601 562 amittens
1623 532 1719 576 spe·

345 589 453 633 ciem
477 604 595 632 suam
615 623 626 642 ‚
662 588 707 631 in
737 603 892 646 corpus
915 598 1110 633 nostrum
1144 590 1326 633 vertitur
1351 610 1362 647 3
1395 598 1438 633 et
1465 604 1542 633 nos
1570 587 1721 634 refecti
1754 586 1756 590 ⁴

345 658 460 712 cibo,
476 659 530 701 ab
548 658 737 701 exilitate
752 668 881 718 atque
902 656 1111 717 languore
1128 660 1173 702 in
1198 659 1329 703 robur
1342 669 1472 719 atque
1493 658 1722 704 valentiam

349 798 459 844 dunt
485 834 495 856 ,
532 808 757 843 mutantur
788 809 836 843 ut
865 800 1061 843 habitum
1085 799 1246 844 saciant
1270 835 1281 854 ‚
1306 809 1348 844 et
1376 799 1565 860 quodam
1594 798 1724 845 modo
1754 810 1760 864 ζ

347 955 448 984 nam
471 955 569 983 cum
594 941 776 1000 reposita
800 940 867 985 vel
890 942 1078 1000 projecta
1112 950 1174 985 est
1193 976 1204 995 ‚
1230 956 1317 985 non
1342 940 1473 984 habet
1508 955 1601 984 eam
1633 939 1724 984 for-
1754 946 1759 989 ζ

348 1026 480 1064 mam,
493 1027 623 1071 quam
639 1013 769 1055 sumit
783 1027 881 1055 cum
901 1012 1096 1056 induitur
1120 1022 1250 1073 atque
1267 1012 1489 1057 inducitur
1504 1012 1722 1058 membris.
1755 1053 1759 1066 ,

350 1085 465 1140 Ergo
489 1083 641 1126 induta
666 1083 821 1142 accipit
842 1083 1025 1128 formam
1042 1119 1053 1138 ‚
1079 1100 1210 1143 quam
1235 1100 1322 1128 non
1345 1084 1534 1128 habebat
1561 1091 1687 1127 exuta
1713 1102 1722 1128 :

350 1223 394 1266 in
411 1239 488 1267 suo
505 1233 619 1267 statu
639 1233 853 1267 maneant.
879 1228 1023 1269 Potest
1045 1241 1133 1269 esse
1150 1236 1193 1269 et
1214 1236 1415 1285 quartum
1440 1241 1574 1284 genus
1591 1260 1603 1279 ‚
1628 1239 1728 1274 cum
1755 1263 1756 1267 ,

351 1309 398 1338 ea
420 1310 518 1354 quae
540 1295 745 1338 accidunt
761 1329 771 1348 ‚
798 1294 851 1338 ad
873 1294 1120 1339 faciendum
1146 1295 1343 1339 habitum
1362 1331 1374 1350 ‚
1393 1311 1471 1339 nec
1493 1310 1540 1338 ea
1563 1303 1730 1353 mutant

351 1367 509 1425 quibus
531 1365 749 1421 accidunt,
766 1382 844 1410 nec
869 1368 922 1412 ab
943 1368 1001 1412 eis
1022 1368 1113 1426 ipsa
1134 1376 1381 1411 mutantur:
1403 1366 1528 1410 sicuti
1546 1364 1730 1412 annulus
1755 1359 1757 1364 ⁸

353 1436 487 1494 digito
507 1472 517 1490 ‚
543 1437 577 1480 si
609 1453 697 1481 non
723 1437 849 1482 nimis
879 1439 1095 1483 subtiliter
1124 1440 1389 1483 attendatur.
1421 1441 1731 1483 Verumtamen

1748 1559 1751 1596 ἱ

342 462 473 507 quem
491 446 545 490 de
560 445 692 490 stulto
706 461 746 489 sa
755 445 940 505 pientdm
955 445 1071 491 facit.
1085 447 1292 500 Quaedam
1305 463 1407 492 vero
1423 449 1482 492 sic
1498 446 1714 504 accidunt,

349 738 681 773 eommutamur.
696 730 887 772 Tertium
902 745 1004 773 vero
1017 745 1152 787 genus
1173 739 1252 781 est,
1269 745 1366 774 cum
1380 730 1469 788 ipsa
1488 745 1588 789 quae
1610 729 1723 772 acci-

346 870 593 914 sormantur
607 870 662 913 ab
683 869 928 930 eis‚quibus
942 871 1139 914 habitum
1155 870 1337 925 faciunt,
1351 871 1476 914 sicuti
1491 879 1553 914 est
1573 869 1722 916 vestis:

349 1168 448 1196 cum
473 1155 562 1212 ipsa
584 1155 801 1208 membra,
826 1163 867 1198 et
891 1171 989 1198 cum
1012 1164 1230 1199 exuuntur
1245 1190 1255 1210 ‚
1280 1165 1324 1199 et
1343 1171 1444 1199 cum
1465 1154 1724 1211 induuntur,

354 1509 438 1552 hoc
462 1523 597 1566 genus
634 1517 709 1552 aut
741 1507 911 1552 nullum
939 1519 1028 1564 est,
1066 1511 1099 1553 si
1134 1509 1364 1568 diligenter
1400 1507 1602 1553 discutias
1617 1542 1629 1563 ‚
1659 1515 1732 1553 aut

355 1579 534 1624 omnino
560 1579 836 1622 rarissimum.

416 1651 476 1693 2⁰.
504 1651 616 1694 Cum
638 1664 740 1707 ergo
764 1648 996 1708 Apostolus
1017 1650 1071 1694 de
1097 1648 1321 1708 unigenito
1343 1650 1419 1694 Dei
1442 1648 1552 1693 Filio
1583 1647 1733 1707 loque-

357 1729 492 1775 retur,
508 1729 718 1778 quantum
733 1720 920 1778 pertinet
941 1719 996 1764 ad
1013 1721 1103 1779 ejus
1127 1721 1412 1773 divinitatem,
1429 1718 1667 1763 secundum
1690 1717 1733 1763 id

357 1794 475 1854 quod
500 1793 743 1837 verissimus
773 1796 884 1836 Deus
908 1802 971 1837 est
994 1828 1006 1846 ,
1035 1812 1054 1834 «
1079 1792 1289 1852 aequalem
1312 1791 1418 1835 dixit
1437 1806 1526 1834 esse
1550 1790 1685 1844 Patri,
1710 1805 1745 1832 »-

357 1865 478 1924 quod
507 1879 594 1907 non
624 1863 662 1906 ei
697 1863 780 1907 fuit
809 1873 1014 1923 tanquam
1054 1864 1275 1923 rapinam,
1310 1862 1353 1906 id
1376 1871 1462 1916 est,
1488 1861 1610 1921 quasi
1641 1859 1756 1924 ΗΠΒ-ζ

360 1950 464 1977 num
501 1942 718 1992 appetere,
743 1934 774 1976 si
798 1949 966 1992 semper
987 1949 1164 1977 manens
1186 1934 1231 1976 in
1251 1948 1299 1976 ea
1324 1930 1746 1992 aequalitate‚nollet·

360 2004 535 2049 homine
556 2004 699 2058 indui,
725 2004 1030 2048 ethominibus
1052 2013 1101 2047 ut
1123 2005 1254 2047 homo
1276 2018 1508 2062 apparere:
1530 2001 1605 2045 sed
1626 2021 1645 2042 «
1670 2015 1735 2045 ses·

364 2095 383 2116 »
409 2076 640 2134 metipsum
663 2075 912 2128 exinanivit,
946 2093 965 2115 »
989 2090 1076 2118 non
1093 2073 1275 2118 formam
1294 2089 1414 2118 suam
1436 2082 1609 2116 mutans
1628 2107 1639 2126 ‚
1665 2069 1746 2116 sedi

364 2164 384 2187 «
410 2144 594 2189 formam
621 2147 728 2189 servi
750 2145 962 2203 accipiens
988 2165 998 2200 3
1028 2163 1047 2186 υ
1075 2160 1216 2204 neque
1237 2159 1467 2188 conversus
1498 2153 1574 2187 aut
1602 2152 1745 2194 trans?¹

362 2225 554 2260 mutatus
586 2216 631 2259 in
660 2216 881 2260 hominem
905 2251 916 2270 ‚
946 2217 1094 2260 amissa
1119 2215 1465 2260 incommutabili
1487 2214 1736 2270 stabilitate,'

362 2286 436 2332 sed
452 2303 701 2347 quanquam
716 2303 863 2330 verum
881 2288 1099 2331 hominem
1118 2285 1405 2346 suscipiendo,
1417 2286 1507 2346 ipse
1519 2293 1745 2344 susceptor

367 2377 387 2400 «
411 2358 457 2401 in
489 2358 816 2412 similitudinem
838 2358 1063 2402 hominum
1090 2357 1227 2402 faetus
1244 2393 1255 2412 ‚
1289 2376 1309 2399 »
1334 2373 1421 2403 non
1444 2356 1525 2400 sibi
1549 2391 1560 2411 ‚
1585 2356 1660 2400 sed
1681 2354 1735 2404 eis

362 2428 522 2489 quibus
553 2428 597 2471 in
636 2428 813 2473 homine
849 2429 1083 2488 apparuit,
1118 2447 1138 2470 «
1172 2429 1327 2472 habitu
1363 2428 1566 2471 inventus
1597 2435 1660 2470 est
1690 2431 1746 2477 ut:

367 2516 387 2539 »
414 2499 544 2542 homo
569 2499 579 2521 ¹
619 2519 630 2556 3
661 2517 680 2539 η
706 2497 752 2543 id
773 2508 867 2554 est,
892 2497 1094 2545 habendo
1110 2498 1361 2552 hominem,
1382 2498 1584 2543 inventus
1610 2504 1672 2541 est
1689 2502 1745 2540 uti

414 2589 421 2605 ¹
444 2576 555 2625 Philip.
576 2594 609 2621 n,
634 2582 656 2614 6
674 2588 705 2616 et
723 2595 750 2624 7.
