1790 3187
308 212 360 237 DE
394 208 578 237 D1VERSls
611 209 766 244 QUAEST.
804 210 951 235 OCTOG.
989 210 1155 236 TRIBUS.
1373 197 1428 236 43

40 279 156 325 illam
177 276 338 322 scilicet
359 291 436 336 per
458 275 672 319 famulum
696 290 822 318 suum
848 296 858 332 3
884 284 928 319 et
949 275 1205 333 magistrum
1228 274 1428 334 grandio-

41 350 175 404 ribus,
201 347 244 392 id
260 357 338 401 est,
365 345 652 405 Evangelium
676 361 751 405 per
782 346 965 390 Unicum
983 361 1128 389 suum.

97 424 295 474 Quffisno
323 420 436 462 LIV.
474 444 528 449 —
555 418 696 460 Omne
728 417 848 475 quod
870 426 933 461 est
953 451 964 472 ,
1001 426 1076 461 aut
1111 414 1266 460 eodem
1298 416 1429 461 modo

38 506 206 550 semper
222 498 299 544 est,
324 498 399 533 aut
415 503 518 532 non.
541 489 597 531 Et
615 486 754 531 omnis
773 488 913 531 anima
934 487 1052 531 omni
1074 501 1254 546 corpore
1276 485 1429 530 melior

37 570 115 606 est.
142 558 298 605 Melius
324 568 388 603 est
409 559 524 602 enirn
558 572 687 602 omne
711 556 832 617 quod
853 557 1070 613 vivificat,
1095 572 1228 617 quam
1246 557 1289 600 id
1310 555 1431 616 quod

37 632 278 678 vivificatur
313 632 325 656 ¹
362 650 369 674 :
398 645 554 689 corpus
588 638 733 673 autem
770 629 824 672 ab
858 628 1002 672 anima
1025 628 1233 673 vivificari
1258 662 1269 681 ‚
1295 643 1384 672 non
1407 643 1428 671 a

36 719 216 764 corpore
236 703 441 757 animam,
464 717 592 746 nemo
620 700 817 759 ambigit.
840 701 970 753 Quod
993 709 1141 744 autem
1159 715 1317 759 corpus
1339 714 1429 743 non

36 785 99 820 est
116 810 139 830 ‚‚
161 783 204 819 et
227 783 370 819 tamen
402 772 566 833 aliquid
592 784 677 826 est,
713 780 788 815 aut
821 771 966 815 anima
1000 781 1088 825 est,
1115 779 1191 814 aut
1207 786 1256 814 ea
1275 770 1431 814 melius

36 844 217 905 aliquid.
244 844 438 889 Deterius
467 844 584 887 enim
615 843 736 887 omni
757 856 938 901 corpore
967 840 1075 885 nihil
1107 850 1172 885 est
1199 859 1207 885 ;
1248 841 1350 900 quia
1387 849 1432 883 et

35 916 70 960 si
92 915 315 959 materiam
337 914 433 974 quis
458 912 646 968 dixerit,
675 911 791 957 unde
822 913 966 971 ipsum
996 927 1153 970 corpus
1181 911 1231 955 fit
1251 920 1426 966 ‚-recte‚

35 985 240 1047 quoniam
278 994 395 1030 earet
412 986 532 1029 omni
553 984 719 1044 specie,
757 982 866 1027 nihil
899 982 1074 1027 dicitur.
1114 985 1281 1026 Rursus
1317 982 1430 1025 inter

36 1072 191 1117 corpus
231 1066 275 1102 et
304 1057 492 1101 animam
518 1091 528 1112 ,
560 1055 682 1116 quod
718 1054 872 1100 melius
897 1056 949 1099 sit
979 1069 1162 1114 corpore
1190 1089 1200 1106 ,
1239 1053 1430 1098 deterius

35 1129 199 1183 anima,
225 1144 315 1174 non
337 1128 575 1173 invenitur.
617 1128 660 1173 Si
689 1128 796 1187 quid
825 1127 938 1171 enim
973 1136 1083 1172 esset
1107 1125 1301 1170 medium
1320 1160 1331 1181 ‚
1355 1134 1431 1169 aut

33 1201 323 1246 vivificaretur
345 1200 401 1245 ab
423 1200 566 1244 anima
587 1234 598 1256 ‚
623 1208 700 1244 aut
727 1199 965 1244 vivificaret
988 1199 1193 1253 animam,
1219 1206 1295 1241 aut
1318 1212 1428 1240 neu-

35 1282 151 1318 trum
178 1292 187 1317 ε
213 1282 288 1317 aut
309 1273 546 1317 vivificaret
567 1287 748 1331 corpus,
774 1281 849 1315 aut
878 1270 1174 1315 vivificaretur
1190 1285 1212 1313 a
1227 1284 1426 1328 corpore,

35 1353 110 1388 aut
142 1353 363 1388 neutrum.
390 1347 447 1387 At
474 1342 690 1403 quidquid
720 1342 964 1386 vivificatur
990 1340 1045 1384 ab
1069 1341 1213 1383 anima
1231 1374 1242 1394 ‚
1268 1354 1428 1397 corpus

33 1424 95 1459 est
129 1434 137 1460 :
171 1415 204 1458 si
238 1413 344 1474 quid
366 1423 512 1458 autem
547 1414 737 1458 vivificat
771 1413 988 1467 animam,
1022 1411 1175 1454 melius
1205 1420 1268 1454 est
1295 1425 1429 1469 quam

34 1486 191 1530 anima.
221 1488 412 1528 Rursum
435 1501 523 1544 quo
545 1484 790 1528 vivificatur
811 1498 969 1541 corpus
984 1517 994 1537 ,
1017 1482 1161 1526 anima
1187 1490 1252 1525 est
1277 1500 1286 1526 ε
1308 1480 1429 1541 quod

33 1556 275 1600 vivificatur
293 1571 316 1599 a
338 1570 535 1614 corpore⁷
553 1554 662 1598 nihil
690 1564 767 1598 est.
790 1556 1005 1599 Neutrum
1026 1568 1145 1607 vero,
1166 1552 1211 1596 id
1228 1561 1310 1607 est,
1335 1550 1430 1595 nul-

33 1626 115 1671 lius
129 1627 231 1671 vitae
255 1625 455 1686 indigens
476 1626 734 1686 nullamque
754 1625 889 1670 vitam
908 1624 1102 1668 tribuens
1117 1659 1128 1680 ‚
1148 1632 1224 1668 aut
1247 1623 1429 1668 omnino

34 1698 141 1742 nihil
169 1707 263 1753 est,
290 1707 365 1742 aut
403 1697 570 1758 aliquid
604 1706 648 1741 et
675 1712 857 1756 corpore
889 1706 932 1740 et
966 1696 1110 1740 anima
1140 1693 1311 1739 melius.
1345 1695 1429 1739 Sed

35 1779 183 1814 utrum
196 1769 302 1830 quid
322 1768 410 1813 tale
426 1769 481 1814 sit
503 1770 548 1813 in
564 1784 710 1813 rerum
734 1778 906 1823 natura,
919 1767 1000 1811 alia
1016 1767 1201 1826 quaestio
1218 1768 1430 1810 est.Nunc

34 1840 208 1884 interim
226 1840 334 1884 ratio
349 1841 585 1899 comperit,
614 1838 723 1883 nihil
746 1839 858 1883 inter
882 1854 1040 1897 corpus
1058 1848 1101 1881 et
1118 1838 1305 1881 animam
1320 1852 1426 1890 esse,

34 1911 156 1972 quod
175 1912 230 1956 sit
251 1927 432 1970 corpore
450 1911 620 1966 melius,
645 1911 790 1955 anima
811 1909 1016 1954 deterius.
1033 1908 1163 1963 Quod
1185 1917 1333 1953 autem
1366 1912 1430 1951 egt

34 1983 152 2028 omni
174 1983 316 2027 anima
338 1982 508 2038 melius,
528 1982 574 2027 id
594 1986 728 2026 Deum
759 1981 967 2039 dicimus3
987 1981 1080 2036 cui,
1109 1979 1305 2041 quisquis
1327 1995 1428 2023 eum

34 2052 260 2112 intelligit,
277 2055 456 2114 junctus
486 2062 564 2098 est.
591 2053 720 2107 Quod
743 2054 858 2097 enim
885 2052 1143 2110 intelligitur
1166 2066 1317 2095 verum
1341 2060 1427 2105 est,

35 2140 114 2169 nec
149 2141 278 2169 omne
313 2125 433 2184 quod
465 2123 657 2169 ereditur
699 2139 849 2168 verum
890 2134 968 2168 est.
1011 2121 1240 2182 Quidquid
1281 2130 1427 2165 autem

34 2211 186 2241 verum
221 2205 284 2240 est
308 2230 319 2251 ,
355 2205 486 2255 atque
519 2196 716 2240 sensibus
753 2205 797 2239 et
833 2212 856 2239 a
897 2204 1041 2239 mente
1069 2195 1315 2254 sejunctum
1341 2201 1426 2246 est,

35 2265 152 2311 credi
182 2276 374 2322 tantum,
393 2283 482 2311 non
506 2277 652 2311 tamen
669 2266 816 2310 sentiri
836 2275 912 2310 aut
944 2264 1130 2323 intelligi
1150 2272 1307 2323 potest.
1335 2265 1428 2307 Deo

35 2336 162 2396 igitur
180 2338 381 2397 junctum
412 2346 475 2381 est
496 2338 615 2398 quod
635 2336 835 2395 intelligit
868 2340 1019 2380 Deum„
1052 2334 1259 2393 Intelligit
1281 2343 1428 2377 autem

37 2407 252 2454 rationalis
270 2409 411 2453 anima
438 2412 592 2454 Deum.
623 2411 732 2455 Nam
749 2407 954 2467 intelligit
976 2406 1098 2468 quod
1118 2421 1288 2466 semper
1311 2407 1428 2465 ejus-

38 2480 153 2526 modi
173 2490 259 2536 est,
285 2496 429 2542 neque
459 2480 594 2526 ullam
611 2481 777 2542 patitur
800 2480 1101 2525 mutationem.
1128 2483 1184 2523 At
1207 2487 1250 2523 et
1272 2492 1430 2536 corpus

92 2574 96 2587 ¹
126 2566 201 2597 Psal.
221 2576 322 2607 tun,
341 2566 395 2598 28⁴
