<?xml version="1.0" encoding="UTF-8"?>
<!DOCTYPE html PUBLIC "-//W3C//DTD XHTML 1.0 Transitional//EN"
    "http://www.w3.org/TR/xhtml1/DTD/xhtml1-transitional.dtd">
<html xmlns="http://www.w3.org/1999/xhtml" xml:lang="en" lang="en">
 <head>
  <title>
</title>
<meta http-equiv="Content-Type" content="text/html;charset=utf-8" />
  <meta name='ocr-system' content='tesseract 3.04.00' />
  <meta name='ocr-capabilities' content='ocr_page ocr_carea ocr_par ocr_line ocrx_word'/>
</head>
<body>
  <div class='ocr_page' id='page_1' title='image "./operaomniaaccura38auguuoft/operaomniaaccura38auguuoft_0034.png"; bbox 0 0 1790 3187; ppageno 0'>
   <div class='ocr_carea' id='block_1_1' title="bbox 294 185 1238 226">
    <p class='ocr_par' dir='ltr' id='par_1_1' title="bbox 294 185 1238 226">
     <span class='ocr_line' id='line_1_1' title="bbox 294 185 1238 226; baseline -0.005 -2"><span class='ocrx_word' id='word_1_1' title='bbox 294 185 349 226; x_wconf 76' lang='lat'>24</span> <span class='ocrx_word' id='word_1_2' title='bbox 727 195 758 220; x_wconf 89' lang='lat' dir='ltr'>s.</span> <span class='ocrx_word' id='word_1_3' title='bbox 798 191 1026 221; x_wconf 69' lang='lat' dir='ltr'>Auctis‘rnu</span> <span class='ocrx_word' id='word_1_4' title='bbox 1058 193 1238 220; x_wconf 76' lang='lat' dir='ltr'>Emscom</span> 
     </span>
    </p>
   </div>
   <div class='ocr_carea' id='block_1_2' title="bbox 294 257 1672 320">
    <p class='ocr_par' dir='ltr' id='par_1_2' title="bbox 294 257 1672 320">
     <span class='ocr_line' id='line_1_2' title="bbox 294 257 1672 320; baseline -0.003 -13"><span class='ocrx_word' id='word_1_5' title='bbox 294 260 591 320; x_wconf 88' lang='lat' dir='ltr'>voluptatibus</span> <span class='ocrx_word' id='word_1_6' title='bbox 629 258 856 303; x_wconf 80' lang='lat' dir='ltr'><strong>absterreri</strong></span> <span class='ocrx_word' id='word_1_7' title='bbox 893 257 1092 302; x_wconf 89' lang='lat' dir='ltr'>dolorum</span> <span class='ocrx_word' id='word_1_8' title='bbox 1130 266 1284 315; x_wconf 67' lang='lat' dir='ltr'>metu,</span> <span class='ocrx_word' id='word_1_9' title='bbox 1326 258 1447 318; x_wconf 89' lang='lat' dir='ltr'>quod</span> <span class='ocrx_word' id='word_1_10' title='bbox 1483 273 1583 303; x_wconf 87' lang='lat' dir='ltr'>cum</span> <span class='ocrx_word' id='word_1_11' title='bbox 1627 260 1672 303; x_wconf 87' lang='lat' dir='ltr'>in</span> 
     </span>
    </p>
   </div>
   <div class='ocr_carea' id='block_1_3' title="bbox 294 326 1747 382">
    <p class='ocr_par' dir='ltr' id='par_1_3' title="bbox 294 326 1747 382">
     <span class='ocr_line' id='line_1_3' title="bbox 294 326 1747 382; baseline -0.003 -5"><span class='ocrx_word' id='word_1_12' title='bbox 294 331 544 378; x_wconf 90' lang='lat' dir='ltr'>earumdem</span> <span class='ocrx_word' id='word_1_13' title='bbox 566 327 927 374; x_wconf 85' lang='lat' dir='ltr'>consuetudinem</span> <span class='ocrx_word' id='word_1_14' title='bbox 950 328 1147 382; x_wconf 87' lang='lat' dir='ltr'>verterit,</span> <span class='ocrx_word' id='word_1_15' title='bbox 1173 326 1349 372; x_wconf 83' lang='lat' dir='ltr'>domitae</span> <span class='ocrx_word' id='word_1_16' title='bbox 1372 337 1415 373; x_wconf 91' lang='lat' dir='ltr'>et</span> <span class='ocrx_word' id='word_1_17' title='bbox 1438 338 1672 373; x_wconf 73' lang='lat' dir='ltr'>mansuetae</span> <span class='ocrx_word' id='word_1_18' title='bbox 1723 370 1725 372; x_wconf 87' lang='lat'>.</span> <span class='ocrx_word' id='word_1_19' title='bbox 1746 362 1747 367; x_wconf 22' lang='grc' dir='ltr'>η</span> 
     </span>
    </p>
   </div>
   <div class='ocr_carea' id='block_1_4' title="bbox 285 398 1684 2567">
    <p class='ocr_par' dir='ltr' id='par_1_4' title="bbox 285 398 1681 1579">
     <span class='ocr_line' id='line_1_4' title="bbox 292 398 1672 459; baseline -0.004 -11"><span class='ocrx_word' id='word_1_20' title='bbox 292 411 518 448; x_wconf 85' lang='lat' dir='ltr'>vocantur.</span> <span class='ocrx_word' id='word_1_21' title='bbox 545 403 820 459; x_wconf 76' lang='lat' dir='ltr'>Quapropter</span> <span class='ocrx_word' id='word_1_22' title='bbox 847 398 1054 458; x_wconf 90' lang='lat' dir='ltr'>quoniam</span> <span class='ocrx_word' id='word_1_23' title='bbox 1082 399 1194 442; x_wconf 88' lang='lat' dir='ltr'>inest</span> <span class='ocrx_word' id='word_1_24' title='bbox 1224 398 1388 442; x_wconf 89' lang='lat' dir='ltr'>homini</span> <span class='ocrx_word' id='word_1_25' title='bbox 1412 399 1542 454; x_wconf 88' lang='lat' dir='ltr'>ratio,</span> <span class='ocrx_word' id='word_1_26' title='bbox 1572 415 1672 459; x_wconf 77' lang='lat' dir='ltr'>quae</span> 
     </span>
     <span class='ocr_line' id='line_1_5' title="bbox 292 469 1674 530; baseline -0.004 -11"><span class='ocrx_word' id='word_1_27' title='bbox 292 490 392 519; x_wconf 91' lang='lat' dir='ltr'>cum</span> <span class='ocrx_word' id='word_1_28' title='bbox 414 472 544 517; x_wconf 84' lang='lat' dir='ltr'>servit</span> <span class='ocrx_word' id='word_1_29' title='bbox 565 469 791 530; x_wconf 87' lang='lat' dir='ltr'>cupiditati</span> <span class='ocrx_word' id='word_1_30' title='bbox 820 471 1092 528; x_wconf 86' lang='lat' dir='ltr'>perversione</span> <span class='ocrx_word' id='word_1_31' title='bbox 1115 469 1372 524; x_wconf 85' lang='lat' dir='ltr'>miserabili,</span> <span class='ocrx_word' id='word_1_32' title='bbox 1402 480 1453 514; x_wconf 90' lang='lat' dir='ltr'>ut</span> <span class='ocrx_word' id='word_1_33' title='bbox 1477 471 1674 515; x_wconf 89' lang='lat' dir='ltr'>homines</span> 
     </span>
     <span class='ocr_line' id='line_1_6' title="bbox 292 539 1674 600; baseline -0.003 -12"><span class='ocrx_word' id='word_1_34' title='bbox 292 560 381 589; x_wconf 90' lang='lat' dir='ltr'>non</span> <span class='ocrx_word' id='word_1_35' title='bbox 402 543 638 586; x_wconf 85' lang='lat' dir='ltr'>timeantur</span> <span class='ocrx_word' id='word_1_36' title='bbox 652 576 662 595; x_wconf 89' lang='lat'>,</span> <span class='ocrx_word' id='word_1_37' title='bbox 687 539 879 599; x_wconf 83' lang='lat' dir='ltr'>suggerit</span> <span class='ocrx_word' id='word_1_38' title='bbox 894 539 1028 584; x_wconf 90' lang='lat' dir='ltr'>latere</span> <span class='ocrx_word' id='word_1_39' title='bbox 1049 554 1172 600; x_wconf 89' lang='lat' dir='ltr'>posse</span> <span class='ocrx_word' id='word_1_40' title='bbox 1189 540 1414 584; x_wconf 85' lang='lat' dir='ltr'>commissa</span> <span class='ocrx_word' id='word_1_41' title='bbox 1431 574 1442 594; x_wconf 95' lang='lat'>,</span> <span class='ocrx_word' id='word_1_42' title='bbox 1463 548 1506 583; x_wconf 90' lang='lat' dir='ltr'>et</span> <span class='ocrx_word' id='word_1_43' title='bbox 1531 540 1585 584; x_wconf 88' lang='lat' dir='ltr'>ad</span> <span class='ocrx_word' id='word_1_44' title='bbox 1607 549 1674 584; x_wconf 91' lang='lat' dir='ltr'>te-</span> 
     </span>
     <span class='ocr_line' id='line_1_7' title="bbox 291 608 1675 673; baseline -0.003 -15"><span class='ocrx_word' id='word_1_45' title='bbox 291 613 430 673; x_wconf 83' lang='lat' dir='ltr'>genda</span> <span class='ocrx_word' id='word_1_46' title='bbox 448 611 619 658; x_wconf 85' lang='lat' dir='ltr'>occulta</span> <span class='ocrx_word' id='word_1_47' title='bbox 644 619 820 670; x_wconf 88' lang='lat' dir='ltr'>peccata</span> <span class='ocrx_word' id='word_1_48' title='bbox 841 611 1119 654; x_wconf 80' lang='lat' dir='ltr'>astutissimas</span> <span class='ocrx_word' id='word_1_49' title='bbox 1141 608 1331 654; x_wconf 85' lang='lat' dir='ltr'>fallacias</span> <span class='ocrx_word' id='word_1_50' title='bbox 1355 619 1577 670; x_wconf 86' lang='lat' dir='ltr'>comparat</span> <span class='ocrx_word' id='word_1_51' title='bbox 1593 631 1604 669; x_wconf 78' lang='lat'>3</span> <span class='ocrx_word' id='word_1_52' title='bbox 1623 625 1675 655; x_wconf 86' lang='lat' dir='ltr'>eo</span> 
     </span>
     <span class='ocr_line' id='line_1_8' title="bbox 288 679 1675 741; baseline -0.003 -14"><span class='ocrx_word' id='word_1_53' title='bbox 288 685 358 738; x_wconf 90' lang='lat' dir='ltr'>fit,</span> <span class='ocrx_word' id='word_1_54' title='bbox 388 692 437 727; x_wconf 90' lang='lat' dir='ltr'>ut</span> <span class='ocrx_word' id='word_1_55' title='bbox 458 682 655 726; x_wconf 89' lang='lat' dir='ltr'>homines</span> <span class='ocrx_word' id='word_1_56' title='bbox 672 715 682 735; x_wconf 94' lang='lat'>,</span> <span class='ocrx_word' id='word_1_57' title='bbox 715 695 823 741; x_wconf 88' lang='lat' dir='ltr'>quos</span> <span class='ocrx_word' id='word_1_58' title='bbox 845 679 1043 724; x_wconf 90' lang='lat' dir='ltr'>nondum</span> <span class='ocrx_word' id='word_1_59' title='bbox 1066 680 1252 725; x_wconf 88' lang='lat' dir='ltr'>delectat</span> <span class='ocrx_word' id='word_1_60' title='bbox 1273 679 1554 738; x_wconf 82' lang='lat' dir='ltr'>pulchritudo</span> <span class='ocrx_word' id='word_1_61' title='bbox 1584 682 1675 725; x_wconf 89' lang='lat' dir='ltr'>vir-</span> 
     </span>
     <span class='ocr_line' id='line_1_9' title="bbox 289 742 1677 810; baseline -0.002 -13"><span class='ocrx_word' id='word_1_62' title='bbox 289 753 393 797; x_wconf 85' lang='lat' dir='ltr'>tutis</span> <span class='ocrx_word' id='word_1_63' title='bbox 410 787 421 807; x_wconf 93' lang='lat'>,</span> <span class='ocrx_word' id='word_1_64' title='bbox 447 752 527 796; x_wconf 88' lang='lat' dir='ltr'>nisi</span> <span class='ocrx_word' id='word_1_65' title='bbox 546 752 689 810; x_wconf 89' lang='lat' dir='ltr'>poenis</span> <span class='ocrx_word' id='word_1_66' title='bbox 711 767 735 794; x_wconf 91' lang='lat' dir='ltr'>a</span> <span class='ocrx_word' id='word_1_67' title='bbox 756 751 979 810; x_wconf 87' lang='lat' dir='ltr'>peccando</span> <span class='ocrx_word' id='word_1_68' title='bbox 997 751 1318 804; x_wconf 83' lang='lat' dir='ltr'>deterreantur,</span> <span class='ocrx_word' id='word_1_69' title='bbox 1339 765 1438 810; x_wconf 80' lang='lat' dir='ltr'>quae</span> <span class='ocrx_word' id='word_1_70' title='bbox 1463 742 1677 795; x_wconf 87' lang='lat' dir='ltr'>verissime</span> 
     </span>
     <span class='ocr_line' id='line_1_10' title="bbox 287 820 1678 883; baseline -0.001 -17"><span class='ocrx_word' id='word_1_71' title='bbox 287 839 365 883; x_wconf 87' lang='lat' dir='ltr'>per</span> <span class='ocrx_word' id='word_1_72' title='bbox 387 831 556 866; x_wconf 87' lang='lat' dir='ltr'>sanctos</span> <span class='ocrx_word' id='word_1_73' title='bbox 578 831 621 865; x_wconf 89' lang='lat' dir='ltr'>et</span> <span class='ocrx_word' id='word_1_74' title='bbox 642 821 810 865; x_wconf 89' lang='lat' dir='ltr'>divinos</span> <span class='ocrx_word' id='word_1_75' title='bbox 833 822 944 865; x_wconf 89' lang='lat' dir='ltr'>viros</span> <span class='ocrx_word' id='word_1_76' title='bbox 976 820 1293 880; x_wconf 81' lang='lat' dir='ltr'>praedicantur,</span> <span class='ocrx_word' id='word_1_77' title='bbox 1326 829 1368 864; x_wconf 91' lang='lat' dir='ltr'>et</span> <span class='ocrx_word' id='word_1_78' title='bbox 1390 822 1508 880; x_wconf 88' lang='lat' dir='ltr'>quod</span> <span class='ocrx_word' id='word_1_79' title='bbox 1535 820 1678 865; x_wconf 89' lang='lat' dir='ltr'>celant</span> 
     </span>
     <span class='ocr_line' id='line_1_11' title="bbox 287 889 1678 949; baseline -0.001 -12"><span class='ocrx_word' id='word_1_80' title='bbox 287 893 537 937; x_wconf 84' lang='lat' dir='ltr'>hominibus</span> <span class='ocrx_word' id='word_1_81' title='bbox 555 926 565 945; x_wconf 96' lang='lat'>,</span> <span class='ocrx_word' id='word_1_82' title='bbox 600 895 689 935; x_wconf 87' lang='lat' dir='ltr'>Deo</span> <span class='ocrx_word' id='word_1_83' title='bbox 710 891 839 934; x_wconf 86' lang='lat' dir='ltr'>celari</span> <span class='ocrx_word' id='word_1_84' title='bbox 861 907 950 935; x_wconf 90' lang='lat' dir='ltr'>non</span> <span class='ocrx_word' id='word_1_85' title='bbox 984 906 1106 949; x_wconf 92' lang='lat' dir='ltr'>posse</span> <span class='ocrx_word' id='word_1_86' title='bbox 1137 890 1436 944; x_wconf 86' lang='lat' dir='ltr'>consentiant,</span> <span class='ocrx_word' id='word_1_87' title='bbox 1462 889 1678 935; x_wconf 83' lang='lat' dir='ltr'>difficilius</span> 
     </span>
     <span class='ocr_line' id='line_1_12' title="bbox 288 961 1677 1021; baseline -0.001 -14"><span class='ocrx_word' id='word_1_88' title='bbox 288 963 523 1007; x_wconf 83' lang='lat' dir='ltr'>domentur</span> <span class='ocrx_word' id='word_1_89' title='bbox 546 977 677 1021; x_wconf 81' lang='lat' dir='ltr'>quam</span> <span class='ocrx_word' id='word_1_90' title='bbox 713 961 830 1004; x_wconf 81' lang='lat' dir='ltr'>ferae.</span> <span class='ocrx_word' id='word_1_91' title='bbox 871 964 924 1005; x_wconf 91' lang='lat' dir='ltr'>Ut</span> <span class='ocrx_word' id='word_1_92' title='bbox 950 971 1096 1005; x_wconf 88' lang='lat' dir='ltr'>autem</span> <span class='ocrx_word' id='word_1_93' title='bbox 1126 961 1331 1004; x_wconf 84' lang='lat' dir='ltr'>timeatur</span> <span class='ocrx_word' id='word_1_94' title='bbox 1355 964 1494 1015; x_wconf 91' lang='lat' dir='ltr'>Deus,</span> <span class='ocrx_word' id='word_1_95' title='bbox 1530 961 1677 1005; x_wconf 85' lang='lat' dir='ltr'>divina</span> 
     </span>
     <span class='ocr_line' id='line_1_13' title="bbox 286 1027 1676 1093; baseline -0.001 -16"><span class='ocrx_word' id='word_1_96' title='bbox 286 1027 559 1093; x_wconf 77' lang='lat' dir='ltr'>providentia</span> <span class='ocrx_word' id='word_1_97' title='bbox 593 1032 683 1089; x_wconf 80' lang='lat' dir='ltr'>re‘gi</span> <span class='ocrx_word' id='word_1_98' title='bbox 718 1032 915 1076; x_wconf 87' lang='lat' dir='ltr'>universa</span> <span class='ocrx_word' id='word_1_99' title='bbox 947 1031 1297 1090; x_wconf 86' lang='lat' dir='ltr'>persuadendum</span> <span class='ocrx_word' id='word_1_100' title='bbox 1338 1039 1428 1088; x_wconf 69' lang='lat' dir='ltr'>est,</span> <span class='ocrx_word' id='word_1_101' title='bbox 1461 1046 1550 1074; x_wconf 89' lang='lat' dir='ltr'>non</span> <span class='ocrx_word' id='word_1_102' title='bbox 1588 1039 1676 1075; x_wconf 87' lang='lat' dir='ltr'>tam</span> 
     </span>
     <span class='ocr_line' id='line_1_14' title="bbox 285 1099 1680 1160; baseline -0.002 -14"><span class='ocrx_word' id='word_1_103' title='bbox 285 1102 548 1155; x_wconf 85' lang='lat' dir='ltr'>rationibus,</span> <span class='ocrx_word' id='word_1_104' title='bbox 570 1116 677 1160; x_wconf 83' lang='lat' dir='ltr'>quas</span> <span class='ocrx_word' id='word_1_105' title='bbox 696 1101 770 1159; x_wconf 91' lang='lat' dir='ltr'>qui</span> <span class='ocrx_word' id='word_1_106' title='bbox 793 1110 934 1159; x_wconf 90' lang='lat' dir='ltr'>potest</span> <span class='ocrx_word' id='word_1_107' title='bbox 954 1101 1062 1144; x_wconf 90' lang='lat' dir='ltr'>inire</span> <span class='ocrx_word' id='word_1_108' title='bbox 1079 1136 1088 1156; x_wconf 86' lang='lat'>,</span> <span class='ocrx_word' id='word_1_109' title='bbox 1112 1101 1353 1160; x_wconf 82' lang='lat' dir='ltr'>potestjam</span> <span class='ocrx_word' id='word_1_110' title='bbox 1371 1109 1413 1144; x_wconf 90' lang='lat' dir='ltr'>et</span> <span class='ocrx_word' id='word_1_111' title='bbox 1430 1099 1680 1159; x_wconf 84' lang='lat' dir='ltr'>pulchritu-</span> 
     </span>
     <span class='ocr_line' id='line_1_15' title="bbox 285 1169 1681 1230; baseline -0.001 -14"><span class='ocrx_word' id='word_1_112' title='bbox 285 1174 433 1217; x_wconf 87' lang='lat' dir='ltr'>dinem</span> <span class='ocrx_word' id='word_1_113' title='bbox 463 1172 622 1215; x_wconf 86' lang='lat' dir='ltr'>sentire</span> <span class='ocrx_word' id='word_1_114' title='bbox 651 1171 821 1215; x_wconf 89' lang='lat' dir='ltr'>virtutis</span> <span class='ocrx_word' id='word_1_115' title='bbox 839 1205 849 1225; x_wconf 94' lang='lat'>,</span> <span class='ocrx_word' id='word_1_116' title='bbox 884 1186 1018 1230; x_wconf 89' lang='lat' dir='ltr'>quam</span> <span class='ocrx_word' id='word_1_117' title='bbox 1048 1170 1253 1229; x_wconf 89' lang='lat' dir='ltr'>exemplis</span> <span class='ocrx_word' id='word_1_118' title='bbox 1282 1169 1351 1214; x_wconf 93' lang='lat' dir='ltr'>vel</span> <span class='ocrx_word' id='word_1_119' title='bbox 1376 1170 1623 1215; x_wconf 87' lang='lat' dir='ltr'>recentibus</span> <span class='ocrx_word' id='word_1_120' title='bbox 1647 1171 1681 1215; x_wconf 89' lang='lat' dir='ltr'>si</span> 
     </span>
     <span class='ocr_line' id='line_1_16' title="bbox 286 1239 1680 1302; baseline 0 -17"><span class='ocrx_word' id='word_1_121' title='bbox 286 1258 373 1302; x_wconf 86' lang='lat' dir='ltr'>qua</span> <span class='ocrx_word' id='word_1_122' title='bbox 402 1249 665 1293; x_wconf 82' lang='lat' dir='ltr'>occurrunt,</span> <span class='ocrx_word' id='word_1_123' title='bbox 696 1239 765 1283; x_wconf 92' lang='lat' dir='ltr'>vel</span> <span class='ocrx_word' id='word_1_124' title='bbox 790 1239 844 1282; x_wconf 91' lang='lat' dir='ltr'>de</span> <span class='ocrx_word' id='word_1_125' title='bbox 871 1241 1075 1295; x_wconf 87' lang='lat' dir='ltr'>historia,</span> <span class='ocrx_word' id='word_1_126' title='bbox 1107 1250 1150 1284; x_wconf 88' lang='lat' dir='ltr'>et</span> <span class='ocrx_word' id='word_1_127' title='bbox 1178 1256 1227 1284; x_wconf 89' lang='lat' dir='ltr'>ea</span> <span class='ocrx_word' id='word_1_128' title='bbox 1251 1241 1436 1284; x_wconf 87' lang='lat' dir='ltr'>maxime</span> <span class='ocrx_word' id='word_1_129' title='bbox 1461 1257 1561 1300; x_wconf 87' lang='lat' dir='ltr'>quae</span> <span class='ocrx_word' id='word_1_130' title='bbox 1590 1242 1680 1300; x_wconf 89' lang='lat' dir='ltr'>ipsa</span> 
     </span>
     <span class='ocr_line' id='line_1_17' title="bbox 286 1310 1681 1369; baseline 0.001 -14"><span class='ocrx_word' id='word_1_131' title='bbox 286 1313 434 1356; x_wconf 81' lang='lat' dir='ltr'>divina</span> <span class='ocrx_word' id='word_1_132' title='bbox 451 1310 724 1369; x_wconf 91' lang='lat' dir='ltr'>providentia</span> <span class='ocrx_word' id='word_1_133' title='bbox 744 1319 1022 1368; x_wconf 85' lang='lat' dir='ltr'>procurante,</span> <span class='ocrx_word' id='word_1_134' title='bbox 1043 1311 1130 1355; x_wconf 89' lang='lat' dir='ltr'>sive</span> <span class='ocrx_word' id='word_1_135' title='bbox 1148 1311 1194 1354; x_wconf 91' lang='lat' dir='ltr'>in</span> <span class='ocrx_word' id='word_1_136' title='bbox 1209 1312 1381 1366; x_wconf 89' lang='lat' dir='ltr'>Vetere,</span> <span class='ocrx_word' id='word_1_137' title='bbox 1399 1312 1487 1355; x_wconf 87' lang='lat' dir='ltr'>sive</span> <span class='ocrx_word' id='word_1_138' title='bbox 1500 1311 1546 1355; x_wconf 91' lang='lat' dir='ltr'>in</span> <span class='ocrx_word' id='word_1_139' title='bbox 1559 1314 1681 1356; x_wconf 93' lang='lat' dir='ltr'>Novo</span> 
     </span>
     <span class='ocr_line' id='line_1_18' title="bbox 290 1379 1681 1440; baseline -0.001 -14"><span class='ocrx_word' id='word_1_140' title='bbox 290 1385 567 1426; x_wconf 85' lang='lat' dir='ltr'>Testamento</span> <span class='ocrx_word' id='word_1_141' title='bbox 601 1379 1003 1424; x_wconf 86' lang='lat' dir='ltr'>excellentissimam</span> <span class='ocrx_word' id='word_1_142' title='bbox 1027 1381 1330 1425; x_wconf 88' lang='lat' dir='ltr'>auctoritatem</span> <span class='ocrx_word' id='word_1_143' title='bbox 1364 1380 1581 1440; x_wconf 85' lang='lat' dir='ltr'>religionis</span> <span class='ocrx_word' id='word_1_144' title='bbox 1613 1397 1681 1425; x_wconf 90' lang='lat' dir='ltr'>re-</span> 
     </span>
     <span class='ocr_line' id='line_1_19' title="bbox 286 1450 1676 1511; baseline -0.001 -14"><span class='ocrx_word' id='word_1_145' title='bbox 286 1453 417 1511; x_wconf 91' lang='lat' dir='ltr'>cepit.</span> <span class='ocrx_word' id='word_1_146' title='bbox 446 1450 583 1495; x_wconf 86' lang='lat' dir='ltr'>simul</span> <span class='ocrx_word' id='word_1_147' title='bbox 601 1459 745 1494; x_wconf 91' lang='lat' dir='ltr'>autem</span> <span class='ocrx_word' id='word_1_148' title='bbox 767 1451 986 1508; x_wconf 84' lang='lat' dir='ltr'>agendum</span> <span class='ocrx_word' id='word_1_149' title='bbox 1004 1460 1068 1495; x_wconf 91' lang='lat' dir='ltr'>est</span> <span class='ocrx_word' id='word_1_150' title='bbox 1084 1460 1127 1495; x_wconf 91' lang='lat' dir='ltr'>et</span> <span class='ocrx_word' id='word_1_151' title='bbox 1144 1450 1199 1495; x_wconf 91' lang='lat' dir='ltr'>de</span> <span class='ocrx_word' id='word_1_152' title='bbox 1215 1452 1355 1510; x_wconf 90' lang='lat' dir='ltr'>poenis</span> <span class='ocrx_word' id='word_1_153' title='bbox 1375 1461 1676 1510; x_wconf 87' lang='lat' dir='ltr'>peccatorum,</span> 
     </span>
     <span class='ocr_line' id='line_1_20' title="bbox 288 1518 1522 1579; baseline -0.001 -13"><span class='ocrx_word' id='word_1_154' title='bbox 288 1531 332 1566; x_wconf 91' lang='lat' dir='ltr'>et</span> <span class='ocrx_word' id='word_1_155' title='bbox 349 1522 403 1565; x_wconf 91' lang='lat' dir='ltr'>de</span> <span class='ocrx_word' id='word_1_156' title='bbox 426 1520 612 1579; x_wconf 85' lang='lat' dir='ltr'>praemiis</span> <span class='ocrx_word' id='word_1_157' title='bbox 630 1528 747 1564; x_wconf 89' lang='lat' dir='ltr'>recte</span> <span class='ocrx_word' id='word_1_158' title='bbox 765 1518 998 1564; x_wconf 85' lang='lat' dir='ltr'>factorum.</span> <span class='ocrx_word' id='word_1_159' title='bbox 1518 1562 1522 1565; x_wconf 86' lang='lat'>.</span> 
     </span>
    </p>

    <p class='ocr_par' dir='ltr' id='par_1_5' title="bbox 291 1590 1684 2567">
     <span class='ocr_line' id='line_1_21' title="bbox 349 1590 1678 1650; baseline 0.002 -16"><span class='ocrx_word' id='word_1_160' title='bbox 349 1593 410 1634; x_wconf 80' lang='lat'>2⁰.</span> <span class='ocrx_word' id='word_1_161' title='bbox 448 1593 543 1634; x_wconf 83' lang='lat' dir='ltr'>Jam</span> <span class='ocrx_word' id='word_1_162' title='bbox 577 1604 680 1634; x_wconf 90' lang='lat' dir='ltr'>vero</span> <span class='ocrx_word' id='word_1_163' title='bbox 708 1605 810 1634; x_wconf 90' lang='lat' dir='ltr'>cum</span> <span class='ocrx_word' id='word_1_164' title='bbox 838 1590 982 1650; x_wconf 87' lang='lat' dir='ltr'>aliqua</span> <span class='ocrx_word' id='word_1_165' title='bbox 1012 1605 1102 1634; x_wconf 92' lang='lat' dir='ltr'>non</span> <span class='ocrx_word' id='word_1_166' title='bbox 1134 1592 1342 1649; x_wconf 89' lang='lat' dir='ltr'>peccandi</span> <span class='ocrx_word' id='word_1_167' title='bbox 1380 1593 1678 1646; x_wconf 87' lang='lat' dir='ltr'>consuetudo,</span> 
     </span>
     <span class='ocr_line' id='line_1_22' title="bbox 291 1660 1682 1721; baseline 0.001 -16"><span class='ocrx_word' id='word_1_168' title='bbox 291 1662 411 1721; x_wconf 88' lang='lat' dir='ltr'>quod</span> <span class='ocrx_word' id='word_1_169' title='bbox 437 1675 668 1705; x_wconf 89' lang='lat' dir='ltr'>onerosum</span> <span class='ocrx_word' id='word_1_170' title='bbox 702 1660 968 1719; x_wconf 82' lang='lat' dir='ltr'>putabatur,</span> <span class='ocrx_word' id='word_1_171' title='bbox 994 1660 1120 1704; x_wconf 84' lang='lat' dir='ltr'>facile</span> <span class='ocrx_word' id='word_1_172' title='bbox 1150 1676 1239 1705; x_wconf 92' lang='lat' dir='ltr'>esse</span> <span class='ocrx_word' id='word_1_173' title='bbox 1267 1663 1543 1720; x_wconf 88' lang='lat' dir='ltr'>persuaserit,</span> <span class='ocrx_word' id='word_1_174' title='bbox 1570 1663 1682 1706; x_wconf 87' lang='lat' dir='ltr'>inci-</span> 
     </span>
     <span class='ocr_line' id='line_1_23' title="bbox 292 1730 1682 1792; baseline 0.001 -16"><span class='ocrx_word' id='word_1_175' title='bbox 292 1734 382 1791; x_wconf 82' lang='lat' dir='ltr'>piat</span> <span class='ocrx_word' id='word_1_176' title='bbox 404 1732 566 1790; x_wconf 83' lang='lat' dir='ltr'>gustari</span> <span class='ocrx_word' id='word_1_177' title='bbox 595 1730 783 1774; x_wconf 87' lang='lat' dir='ltr'>dulcedo</span> <span class='ocrx_word' id='word_1_178' title='bbox 805 1731 996 1789; x_wconf 86' lang='lat' dir='ltr'>pietatis,</span> <span class='ocrx_word' id='word_1_179' title='bbox 1022 1740 1065 1775; x_wconf 89' lang='lat' dir='ltr'>et</span> <span class='ocrx_word' id='word_1_180' title='bbox 1087 1733 1383 1776; x_wconf 88' lang='lat' dir='ltr'>commendari</span> <span class='ocrx_word' id='word_1_181' title='bbox 1400 1731 1682 1792; x_wconf 86' lang='lat' dir='ltr'>pulchritudo</span> 
     </span>
     <span class='ocr_line' id='line_1_24' title="bbox 291 1799 1682 1859; baseline 0.001 -14"><span class='ocrx_word' id='word_1_182' title='bbox 291 1801 463 1845; x_wconf 81' lang='lat' dir='ltr'>virtutis</span> <span class='ocrx_word' id='word_1_183' title='bbox 478 1835 489 1855; x_wconf 87' lang='lat'>,</span> <span class='ocrx_word' id='word_1_184' title='bbox 521 1809 571 1843; x_wconf 90' lang='lat' dir='ltr'>ut</span> <span class='ocrx_word' id='word_1_185' title='bbox 597 1800 817 1844; x_wconf 86' lang='lat' dir='ltr'>charitatis</span> <span class='ocrx_word' id='word_1_186' title='bbox 838 1799 1016 1844; x_wconf 88' lang='lat' dir='ltr'>libertas</span> <span class='ocrx_word' id='word_1_187' title='bbox 1039 1815 1129 1859; x_wconf 82' lang='lat' dir='ltr'>prae</span> <span class='ocrx_word' id='word_1_188' title='bbox 1153 1801 1359 1845; x_wconf 87' lang='lat' dir='ltr'>servitute</span> <span class='ocrx_word' id='word_1_189' title='bbox 1385 1803 1552 1847; x_wconf 84' lang='lat' dir='ltr'>timoris</span> <span class='ocrx_word' id='word_1_190' title='bbox 1575 1804 1682 1847; x_wconf 89' lang='lat' dir='ltr'>emi-</span> 
     </span>
     <span class='ocr_line' id='line_1_25' title="bbox 294 1869 1682 1932; baseline 0.002 -17"><span class='ocrx_word' id='word_1_191' title='bbox 294 1880 408 1915; x_wconf 84' lang='lat' dir='ltr'>neat.</span> <span class='ocrx_word' id='word_1_192' title='bbox 434 1874 556 1914; x_wconf 89' lang='lat' dir='ltr'>Tunc</span> <span class='ocrx_word' id='word_1_193' title='bbox 565 1871 656 1928; x_wconf 85' lang='lat' dir='ltr'>jam</span> <span class='ocrx_word' id='word_1_194' title='bbox 675 1869 1026 1929; x_wconf 88' lang='lat' dir='ltr'>persuadendum</span> <span class='ocrx_word' id='word_1_195' title='bbox 1043 1880 1106 1915; x_wconf 90' lang='lat' dir='ltr'>est</span> <span class='ocrx_word' id='word_1_196' title='bbox 1126 1871 1325 1916; x_wconf 85' lang='lat' dir='ltr'>fidelibus</span> <span class='ocrx_word' id='word_1_197' title='bbox 1340 1874 1682 1932; x_wconf 79' lang='lat' dir='ltr'>praecedentibus</span> 
     </span>
     <span class='ocr_line' id='line_1_26' title="bbox 294 1940 1681 2001; baseline 0.002 -16"><span class='ocrx_word' id='word_1_198' title='bbox 294 1940 631 1999; x_wconf 79' lang='lat' dir='ltr'>regenerationis</span> <span class='ocrx_word' id='word_1_199' title='bbox 668 1941 972 1995; x_wconf 86' lang='lat' dir='ltr'>sacramentis,</span> <span class='ocrx_word' id='word_1_200' title='bbox 1010 1957 1109 2001; x_wconf 88' lang='lat' dir='ltr'>quae</span> <span class='ocrx_word' id='word_1_201' title='bbox 1144 1957 1314 1986; x_wconf 90' lang='lat' dir='ltr'>necesse</span> <span class='ocrx_word' id='word_1_202' title='bbox 1347 1952 1409 1987; x_wconf 91' lang='lat' dir='ltr'>est</span> <span class='ocrx_word' id='word_1_203' title='bbox 1443 1943 1681 2001; x_wconf 87' lang='lat' dir='ltr'>plurimum</span> 
     </span>
     <span class='ocr_line' id='line_1_27' title="bbox 297 2008 1684 2070; baseline 0.003 -15"><span class='ocrx_word' id='word_1_204' title='bbox 297 2020 520 2066; x_wconf 88' lang='lat' dir='ltr'>moveant,</span> <span class='ocrx_word' id='word_1_205' title='bbox 548 2008 656 2070; x_wconf 88' lang='lat' dir='ltr'>quid</span> <span class='ocrx_word' id='word_1_206' title='bbox 679 2010 848 2054; x_wconf 86' lang='lat' dir='ltr'>intersit</span> <span class='ocrx_word' id='word_1_207' title='bbox 878 2012 990 2055; x_wconf 87' lang='lat' dir='ltr'>inter</span> <span class='ocrx_word' id='word_1_208' title='bbox 1017 2011 1126 2056; x_wconf 89' lang='lat' dir='ltr'>duos</span> <span class='ocrx_word' id='word_1_209' title='bbox 1154 2013 1378 2067; x_wconf 89' lang='lat' dir='ltr'>homines,</span> <span class='ocrx_word' id='word_1_210' title='bbox 1416 2023 1605 2059; x_wconf 88' lang='lat' dir='ltr'>veterem</span> <span class='ocrx_word' id='word_1_211' title='bbox 1641 2025 1684 2059; x_wconf 88' lang='lat' dir='ltr'>ct</span> 
     </span>
     <span class='ocr_line' id='line_1_28' title="bbox 293 2080 1680 2142; baseline 0.003 -17"><span class='ocrx_word' id='word_1_212' title='bbox 293 2095 480 2136; x_wconf 82' lang='lat' dir='ltr'>novum,</span> <span class='ocrx_word' id='word_1_213' title='bbox 506 2080 760 2125; x_wconf 84' lang='lat' dir='ltr'>exteriorem</span> <span class='ocrx_word' id='word_1_214' title='bbox 780 2090 823 2125; x_wconf 85' lang='lat' dir='ltr'>et</span> <span class='ocrx_word' id='word_1_215' title='bbox 843 2082 1114 2137; x_wconf 88' lang='lat' dir='ltr'>interiorem,</span> <span class='ocrx_word' id='word_1_216' title='bbox 1138 2091 1359 2127; x_wconf 86' lang='lat' dir='ltr'>terrenum</span> <span class='ocrx_word' id='word_1_217' title='bbox 1374 2092 1417 2127; x_wconf 91' lang='lat' dir='ltr'>et</span> <span class='ocrx_word' id='word_1_218' title='bbox 1434 2083 1680 2142; x_wconf 70' lang='lat' dir='ltr'>coelestem,</span> 
     </span>
     <span class='ocr_line' id='line_1_29' title="bbox 295 2151 1681 2212; baseline 0.003 -17"><span class='ocrx_word' id='word_1_219' title='bbox 295 2153 341 2195; x_wconf 85' lang='lat' dir='ltr'>id</span> <span class='ocrx_word' id='word_1_220' title='bbox 364 2161 427 2196; x_wconf 86' lang='lat' dir='ltr'>est</span> <span class='ocrx_word' id='word_1_221' title='bbox 442 2186 453 2206; x_wconf 91' lang='lat'>‚</span> <span class='ocrx_word' id='word_1_222' title='bbox 474 2152 586 2195; x_wconf 87' lang='lat' dir='ltr'>inter</span> <span class='ocrx_word' id='word_1_223' title='bbox 607 2166 708 2194; x_wconf 90' lang='lat' dir='ltr'>eum</span> <span class='ocrx_word' id='word_1_224' title='bbox 726 2152 804 2211; x_wconf 89' lang='lat' dir='ltr'>qui</span> <span class='ocrx_word' id='word_1_225' title='bbox 825 2151 941 2197; x_wconf 90' lang='lat' dir='ltr'>bona</span> <span class='ocrx_word' id='word_1_226' title='bbox 960 2152 1145 2197; x_wconf 83' lang='lat' dir='ltr'>carnalia</span> <span class='ocrx_word' id='word_1_227' title='bbox 1167 2153 1498 2212; x_wconf 30' lang='lat' dir='ltr'>et&#39;temporalia,</span> <span class='ocrx_word' id='word_1_228' title='bbox 1523 2164 1564 2199; x_wconf 91' lang='lat' dir='ltr'>et</span> <span class='ocrx_word' id='word_1_229' title='bbox 1583 2171 1681 2200; x_wconf 89' lang='lat' dir='ltr'>eum</span> 
     </span>
     <span class='ocr_line' id='line_1_30' title="bbox 299 2222 1683 2286; baseline 0.004 -22"><span class='ocrx_word' id='word_1_230' title='bbox 299 2223 373 2282; x_wconf 85' lang='lat' dir='ltr'>qui</span> <span class='ocrx_word' id='word_1_231' title='bbox 393 2222 599 2282; x_wconf 88' lang='lat' dir='ltr'>spiritalia</span> <span class='ocrx_word' id='word_1_232' title='bbox 621 2231 664 2266; x_wconf 89' lang='lat' dir='ltr'>et</span> <span class='ocrx_word' id='word_1_233' title='bbox 685 2231 845 2267; x_wconf 83' lang='lat' dir='ltr'>aeterna</span> <span class='ocrx_word' id='word_1_234' title='bbox 866 2233 1053 2268; x_wconf 88' lang='lat' dir='ltr'>sectatur</span> <span class='ocrx_word' id='word_1_235' title='bbox 1075 2243 1083 2268; x_wconf 87' lang='lat'><strong>:</strong></span> <span class='ocrx_word' id='word_1_236' title='bbox 1110 2224 1469 2286; x_wconf 88' lang='lat' dir='ltr'>monendumque</span> <span class='ocrx_word' id='word_1_237' title='bbox 1492 2241 1547 2270; x_wconf 94' lang='lat' dir='ltr'>ne</span> <span class='ocrx_word' id='word_1_238' title='bbox 1569 2228 1683 2285; x_wconf 87' lang='lat' dir='ltr'>peri-</span> 
     </span>
     <span class='ocr_line' id='line_1_31' title="bbox 302 2294 1683 2357; baseline 0.003 -20"><span class='ocrx_word' id='word_1_239' title='bbox 302 2304 394 2338; x_wconf 85' lang='lat' dir='ltr'>tura</span> <span class='ocrx_word' id='word_1_240' title='bbox 414 2294 627 2338; x_wconf 86' lang='lat' dir='ltr'>beneficia</span> <span class='ocrx_word' id='word_1_241' title='bbox 643 2303 687 2339; x_wconf 91' lang='lat' dir='ltr'>et</span> <span class='ocrx_word' id='word_1_242' title='bbox 703 2295 967 2339; x_wconf 84' lang='lat' dir='ltr'>transeuntia</span> <span class='ocrx_word' id='word_1_243' title='bbox 989 2304 1270 2354; x_wconf 88' lang='lat' dir='ltr'>expectentur</span> <span class='ocrx_word' id='word_1_244' title='bbox 1288 2312 1311 2340; x_wconf 88' lang='lat' dir='ltr'>a</span> <span class='ocrx_word' id='word_1_245' title='bbox 1329 2299 1419 2341; x_wconf 93' lang='lat' dir='ltr'>Deo</span> <span class='ocrx_word' id='word_1_246' title='bbox 1431 2331 1442 2351; x_wconf 97' lang='lat'>,</span> <span class='ocrx_word' id='word_1_247' title='bbox 1463 2297 1623 2357; x_wconf 90' lang='lat' dir='ltr'>quibus</span> <span class='ocrx_word' id='word_1_248' title='bbox 1641 2307 1683 2342; x_wconf 84' lang='lat' dir='ltr'>ct</span> 
     </span>
     <span class='ocr_line' id='line_1_32' title="bbox 299 2364 1681 2427; baseline 0.003 -19"><span class='ocrx_word' id='word_1_249' title='bbox 299 2365 487 2424; x_wconf 88' lang='lat' dir='ltr'>improbi</span> <span class='ocrx_word' id='word_1_250' title='bbox 508 2364 704 2409; x_wconf 90' lang='lat' dir='ltr'>homines</span> <span class='ocrx_word' id='word_1_251' title='bbox 732 2365 955 2410; x_wconf 89' lang='lat' dir='ltr'>abundare</span> <span class='ocrx_word' id='word_1_252' title='bbox 976 2376 1180 2426; x_wconf 73' lang='lat' dir='ltr'>possunt,</span> <span class='ocrx_word' id='word_1_253' title='bbox 1209 2365 1284 2411; x_wconf 90' lang='lat' dir='ltr'>sed</span> <span class='ocrx_word' id='word_1_254' title='bbox 1305 2367 1429 2412; x_wconf 87' lang='lat' dir='ltr'>firma</span> <span class='ocrx_word' id='word_1_255' title='bbox 1451 2377 1493 2412; x_wconf 92' lang='lat' dir='ltr'>et</span> <span class='ocrx_word' id='word_1_256' title='bbox 1520 2369 1681 2427; x_wconf 89' lang='lat' dir='ltr'>sempi-</span> 
     </span>
     <span class='ocr_line' id='line_1_33' title="bbox 300 2436 1684 2498; baseline 0.003 -18"><span class='ocrx_word' id='word_1_257' title='bbox 300 2445 452 2491; x_wconf 85' lang='lat' dir='ltr'>terna,</span> <span class='ocrx_word' id='word_1_258' title='bbox 477 2450 556 2494; x_wconf 89' lang='lat' dir='ltr'>pro</span> <span class='ocrx_word' id='word_1_259' title='bbox 583 2436 744 2495; x_wconf 88' lang='lat' dir='ltr'>quibus</span> <span class='ocrx_word' id='word_1_260' title='bbox 771 2436 1027 2496; x_wconf 85' lang='lat' dir='ltr'>accipiendis</span> <span class='ocrx_word' id='word_1_261' title='bbox 1054 2438 1199 2482; x_wconf 88' lang='lat' dir='ltr'>omnia</span> <span class='ocrx_word' id='word_1_262' title='bbox 1222 2454 1321 2498; x_wconf 79' lang='lat' dir='ltr'>quae</span> <span class='ocrx_word' id='word_1_263' title='bbox 1344 2439 1390 2482; x_wconf 88' lang='lat' dir='ltr'>in</span> <span class='ocrx_word' id='word_1_264' title='bbox 1414 2439 1496 2483; x_wconf 87' lang='lat' dir='ltr'>hoc</span> <span class='ocrx_word' id='word_1_265' title='bbox 1515 2439 1684 2485; x_wconf 89' lang='lat' dir='ltr'>mundo</span> 
     </span>
     <span class='ocr_line' id='line_1_34' title="bbox 306 2506 1681 2567; baseline 0.003 -17"><span class='ocrx_word' id='word_1_266' title='bbox 306 2506 418 2551; x_wconf 87' lang='lat' dir='ltr'>bona</span> <span class='ocrx_word' id='word_1_267' title='bbox 451 2514 662 2565; x_wconf 89' lang='lat' dir='ltr'>putantur</span> <span class='ocrx_word' id='word_1_268' title='bbox 684 2516 726 2551; x_wconf 89' lang='lat' dir='ltr'>et</span> <span class='ocrx_word' id='word_1_269' title='bbox 754 2507 888 2563; x_wconf 88' lang='lat' dir='ltr'>mala,</span> <span class='ocrx_word' id='word_1_270' title='bbox 914 2509 1086 2567; x_wconf 88' lang='lat' dir='ltr'>penitus</span> <span class='ocrx_word' id='word_1_271' title='bbox 1107 2509 1424 2554; x_wconf 84' lang='lat' dir='ltr'>contemnenda</span> <span class='ocrx_word' id='word_1_272' title='bbox 1453 2518 1568 2554; x_wconf 88' lang='lat' dir='ltr'>sunt.</span> <span class='ocrx_word' id='word_1_273' title='bbox 1601 2511 1681 2554; x_wconf 87' lang='lat' dir='ltr'>Hic</span> 
     </span>
    </p>
   </div>
   <div class='ocr_carea' id='block_1_5' title="bbox 1725 0 1790 2354">
    <p class='ocr_par' dir='ltr' id='par_1_6' title="bbox 1725 0 1790 2354">
     <span class='ocr_line' id='line_1_35' title="bbox 1725 0 1790 2354; baseline 0 0"><span class='ocrx_word' id='word_1_274' title='bbox 1725 0 1790 2354; x_wconf 95' lang='lat' dir='ltr'> </span> 
     </span>
    </p>
   </div>
   <div class='ocr_carea' id='block_1_6' title="bbox 1744 150 1775 2519">
    <p class='ocr_par' dir='ltr' id='par_1_7' title="bbox 1744 150 1775 2519">
     <span class='ocr_line' id='line_1_36' title="bbox 1744 150 1775 2519; baseline 0 0"><span class='ocrx_word' id='word_1_275' title='bbox 1744 150 1775 2519; x_wconf 95' lang='lat' dir='ltr'> </span> 
     </span>
    </p>
   </div>
   <div class='ocr_carea' id='block_1_7' title="bbox 1773 2672 1780 3187">
    <p class='ocr_par' dir='ltr' id='par_1_8' title="bbox 1773 2672 1780 3187">
     <span class='ocr_line' id='line_1_37' title="bbox 1773 2672 1780 3187; baseline 0 0"><span class='ocrx_word' id='word_1_276' title='bbox 1773 2672 1780 3187; x_wconf 95' lang='lat' dir='ltr'> </span> 
     </span>
    </p>
   </div>
  </div>
 </body>
</html>
