1790 3187
326 190 409 228 244
763 199 795 226 s.
831 198 1061 227 Accus'rim
1096 199 1272 225 Erlscori

288 324 290 326 -
323 281 421 310 cum
441 267 531 325 jam
554 263 670 322 apud
688 261 845 307 inferos
874 272 1087 308 tormenta
1109 273 1326 322 pateretur
1353 265 1383 317 ¹,
1408 271 1452 306 et
1475 262 1599 305 illum
1624 263 1700 321 qui
1736 267 1739 270 '

324 336 379 380 ad
396 338 486 396 ejus
502 337 682 395 januam
701 334 918 378 ulcerosus
934 335 1122 394 jacebat,
1140 336 1228 394 jam
1251 334 1295 376 in
1314 334 1462 392 requie
1491 333 1702 376 constitu·-

323 417 447 462 tum,
481 421 688 464 magnum
723 406 852 449 chaos
891 406 1166 465 interjectum
1203 420 1292 448 esse
1326 414 1522 448 testatur.
1549 407 1637 448 Aut
1668 403 1702 447 si

321 488 550 539 propterea
590 476 763 522 Samuel
799 476 916 522 Saiili
947 477 1084 522 dixit:
1111 479 1284 521 Mecum
1308 475 1413 530 eris,
1437 484 1487 519 ut
1517 483 1609 519 ‘non
1647 466 1710 518 ad'

321 548 615 610 aequalitatem
639 546 870 602 felicitatis,
893 548 969 592 sed
991 548 1046 592 ad
1070 562 1214 607 parem
1239 545 1530 591 conditionem
1555 544 1702 589 mortis

321 621 560 675 referatur,
588 618 709 679 quod
737 629 921 679 uterque
954 621 1086 664 homo
1125 618 1278 671 fuerit,
1303 628 1347 662 et
1372 627 1555 677 uterque
1593 615 1704 660 mori

319 692 530 750 potuerit,
551 692 729 751 jamque
761 700 958 735 mortuus
992 700 1173 735 mortem
1211 691 1309 734 vivo
1341 688 1701 749 praenuntiabat,

320 763 554 822 perspicit,
590 771 806 822 quantum
840 762 1024 821 opinor,
1061 762 1292 822 prudentia
1323 770 1421 816 tua,
1460 757 1701 804 secundum

319 843 557 894 utrumque
576 832 848 877 intellectum
872 833 1033 876 habere
1054 833 1218 876 exitum
1237 831 1355 876 illam
1376 831 1604 875 lectionem
1625 831 1702 889 qui

318 920 408 949 non
424 905 477 948 sit
492 913 641 948 contra
660 903 788 947 fidem
812 923 820 948 :
842 904 921 947 nisi
939 903 1051 948 forte
1073 903 1357 963 profundiore
1372 912 1415 946 et
1436 900 1703 961 perplexiore

306 976 613 1036 inquisitione,
645 991 744 1035 quae
773 975 843 1020 vel
864 975 1020 1018 virium
1045 990 1238 1018 mearum
1261 974 1329 1018 vel
1353 973 1556 1031 temporis
1579 985 1702 1015 exce·
1732 1003 1738 1008 .

318 1046 384 1091 dit
418 1048 658 1106 angustias,
683 1047 930 1091 inveniatur
960 1047 1014 1090 ad
1036 1046 1268 1106 liquidum,
1298 1047 1362 1089 vel
1386 1060 1506 1104 posse
1524 1043 1591 1087 vel
1614 1058 1703 1086 non

318 1132 442 1176 posse
470 1119 657 1160 animam
688 1118 945 1171 humanam,
972 1132 1072 1160 cum
1098 1133 1147 1160 cx
1178 1118 1258 1160 hac
1292 1116 1377 1159 vita
1411 1114 1699 1173 emigraverit,

317 1188 496 1246 magicis
520 1188 784 1232 carminibus
805 1197 1026 1232 evocatam
1052 1189 1247 1232 vivorum
1272 1201 1476 1246 apparere
1501 1200 1703 1244 conspec-

318 1258 452 1312 tibus,
476 1260 605 1302 etiam
625 1258 1089 1318 corporislineamenta
1109 1267 1364 1317 gestantem,
1381 1267 1429 1301 ut
1452 1273 1540 1301 non
1562 1256 1701 1301 solum

315 1329 453 1375 videri
476 1330 630 1385 valeat,
661 1329 736 1374 sed
757 1339 799 1373 et
827 1330 1017 1388 agnosci.
1044 1332 1098 1372 Et
1131 1330 1163 1372 si
1200 1338 1365 1388 potest,
1393 1337 1541 1372 utrum
1570 1328 1702 1372 etiam
1762 1355 1765 1360 ν

313 1401 418 1460 justi
455 1401 627 1454 anima,
659 1417 749 1444 non
783 1401 959 1460 quidem
996 1410 1176 1459 cogatur
1214 1401 1389 1458 magicis
1429 1399 1585 1453 sacris,
1626 1397 1702 1442 scd
1756 1440 1759 1451 ,

320 1470 525 1530 dignetur
547 1471 717 1515 ostendi
750 1471 1060 1516 occultioribus
1085 1472 1272 1530 imperiis
1292 1486 1472 1514 summae
1494 1469 1598 1527 legis
1620 1469 1699 1513 ob-

321 1550 563 1600 temperans
590 1561 599 1587 :
625 1551 673 1585 ut
695 1542 728 1585 si
752 1542 844 1585 fieri
873 1557 961 1585 non
994 1558 1119 1600 posse
1148 1542 1373 1595 claruerit,
1401 1557 1488 1585 nou
1518 1550 1702 1601 uterque

320 1628 469 1657 sensus
491 1614 536 1656 in
564 1614 692 1673 hujus
728 1614 959 1672 Scripturac
994 1614 1249 1657 tractatione
1278 1624 1409 1671 atque
1437 1613 1703 1671 expositione

322 1685 603 1738 admittatur,
628 1683 702 1727 sed
734 1684 810 1727 illo
843 1684 1046 1738 excluso,
1083 1685 1333 1742 imaginaria
1370 1684 1588 1727 simulatio
1624 1685 1701 1727 Sa-

320 1755 473 1800 muelis
496 1754 711 1799 diabolico
729 1755 813 1798 ritu
835 1756 946 1799 facta
970 1754 1249 1813 intelligatur.
1271 1754 1350 1799 Sed
1368 1754 1589 1813 quoniam,
1615 1754 1703 1797 sive

321 1827 430 1871 illud
455 1828 545 1870 fieri
578 1828 736 1886 possit,
762 1827 849 1870 sive
872 1843 959 1870 non
984 1827 1144 1885 possit,
1174 1836 1316 1870 tamen
1342 1825 1508 1869 fallacia
1537 1828 1704 1869 Satanae

323 1907 454 1957 atque
475 1898 712 1954 imaginum
729 1896 1072 1940 simulandarum
1095 1896 1249 1940 callida
1272 1897 1464 1954 operatio
1487 1896 1704 1954 decipien-

323 1967 388 2012 dis
412 1969 612 2012 humanis
641 1969 836 2022 sensibus
866 1967 1144 2011 multiformis
1182 1967 1408 2025 invigilat,
1435 1967 1704 2025 pedetentim

283 2090 288 2094 ⁴
323 2040 519 2100 quidem,
539 2055 593 2083 ne
610 2040 963 2098 inquisitionibus
986 2039 1328 2097 diligentioribus
1350 2040 1698 2096 prrescribamus,

324 2110 400 2154 sed
425 2119 567 2154 tamen
590 2111 733 2169 potius
751 2110 1040 2154 existimemus
1061 2108 1143 2153 tale
1157 2110 1321 2170 aliquid
1337 2108 1499 2155 facturn
1516 2109 1704 2168 maligno
1726 2105 1732 2108 ’
1785 2126 1790 2153 z

324 2181 596 2239 Pythonissae
617 2180 732 2225 illius
756 2181 1009 2236 ministerio,
1035 2180 1230 2241 quandiu
1259 2181 1385 2226 nobis
1418 2182 1585 2241 aliquid
1609 2197 1704 2226 am-

323 2252 438 2311 plius
457 2252 699 2311 excogitare
717 2261 846 2312 atque
867 2252 1078 2312 explicare
1100 2268 1188 2297 non
1207 2252 1348 2297 datur.

386 2325 557 2367 5⁰.Haec
575 2332 676 2367 sunt
693 2339 790 2383 quae
809 2332 913 2368 tunc
929 2323 983 2367 de
998 2324 1251 2381 Pythonissa
1271 2333 1314 2367 et
1328 2323 1527 2368 Samuele
1537 2324 1699 2382 scripsi.

329 2393 412 2438 Sed
439 2409 572 2454 quam
609 2409 698 2438 non
730 2394 888 2438 frustra
911 2393 1088 2437 dixerim
1106 2429 1116 2449 ,
1143 2394 1409 2452 pedetentim
1445 2409 1522 2439 nos
1556 2396 1599 2438 in
1625 2395 1703 2438 bac

326 2479 372 2508 re
413 2475 528 2523 gesta
550 2465 796 2511 simulatam
827 2464 1035 2512 Samuelis
1068 2465 1298 2524 imagin'em
1325 2466 1515 2527 maligno
1536 2467 1703 2524 Pytho-

376 2554 381 2568 '
407 2552 484 2584 Luc.
504 2562 571 2591 xvi,
593 2551 647 2584 26.
