1790 3187
214 202 268 229 m:
302 201 491 228 DtvEnsts
526 200 683 235 Qvffis‘r.
723 198 775 224 An
807 198 1064 226 smrucmiv.
1102 200 1180 224 Lm.
1221 200 1249 224 1.
1349 189 1425 225 181

11 219 15 282 1
50 277 138 313 rata
180 265 473 326 premebatur.
526 268 605 308 Per
647 263 826 322 gratiam
869 265 1031 323 quippe
1074 264 1198 306 nobis
1248 265 1432 308 verbum

10 290 15 388 l
48 350 349 383 consummans
392 343 434 378 et
479 334 676 378 brevians
720 332 823 377 fecit
869 350 996 393 super
1037 343 1215 388 terram,
1256 332 1432 391 diccns;

12 390 16 457 1
53 429 70 451 «
92 412 254 468 Jugum
274 422 418 451 meum
439 406 536 449 lcne
554 414 633 460 est,
655 414 698 449 et
719 405 883 449 sarcina
900 420 994 449 mea
1012 405 1117 449 levis
1137 407 1243 449 est¹.
1265 404 1435 458 »Quod

11 465 16 546 l
52 489 95 524 et
116 477 250 539 paulo
272 486 369 537 post
400 476 470 520 hic
503 475 677 520 dicitur.
704 494 724 517 «
756 479 895 535 Prope
927 484 967 519 te
994 484 1058 520 est
1078 475 1262 520 verbum
1290 476 1335 519 in
1359 490 1434 520 ore

13 559 16 614 χ
52 570 70 592 »
98 559 171 594 tuo
193 549 300 592 etin
330 547 460 592 corde
482 556 581 601 tuo,
607 548 690 592 hoc
717 556 781 591 est
799 548 983 591 verbum
1011 546 1110 591 fidei
1133 545 1254 606 quod
1273 547 1433 606 praedi-

13 618 17 686 ᾗ
51 639 70 663 »
95 635 266 676 camus,
298 618 399 678 quia
421 619 453 661 si
482 618 726 662 confitearis
756 619 800 661 in
822 633 895 662 ore
920 627 996 662 tuo
1017 619 1118 678 quia
1144 618 1355 662 Dominus
1373 627 1435 662 cst

13 690 17 773 Ξ
49 710 67 733 »
96 693 240 742 Jesus,
267 688 552 733 etcredideris
575 690 620 732 in
642 688 773 733 corde
799 698 872 733 tuo
894 689 996 748 quia
1023 692 1136 733 Deus
1159 688 1285 734 illum
1307 689 1437 733 susci-

51 780 70 803 »
98 762 202 806 tavit
221 776 243 805 a
262 760 460 814 mortuis,
486 759 627 803 salvus
645 760 741 803 eris.
767 759 910 805 Corde
930 760 1043 803 enim
1064 759 1256 804 creditur
1273 761 1329 804 ad
1345 761 1438 819 jus·

49 851 68 875 »
96 832 249 887 titiam,
274 847 348 876 ore
376 840 519 875 autem
543 829 757 875 confessio
793 831 842 874 fit
868 829 923 874 ad
955 830 1181 874 salutem2.
1210 849 1229 871 »
1255 833 1348 875 Hoc
1375 839 1439 874 est

47 904 229 950 verbum
253 918 558 948 consummans
583 912 625 947 et
650 902 867 956 brevians,
897 902 1017 962 quod
1046 900 1148 946 fecit
1170 905 1284 946 Deus
1312 917 1442 962 super

47 986 219 1031 terram,
245 991 330 1036 qua
353 974 729 1020 consummatione
754 982 884 1033 atquc
916 973 1187 1018 breviatione
1208 972 1320 1018 latro
1345 974 1441 1033 jus-

47 1048 233 1094 tificatus
250 1056 328 1102 est,
349 1048 424 1107 qui
445 1046 596 1091 defixis
614 1045 659 1089 in
677 1060 805 1090 cruce
823 1045 1028 1089 omnibus
1051 1044 1274 1100 membris,
1302 1054 1343 1089 et
1365 1045 1442 1089 ha·

47 1119 151 1163 bens
186 1117 322 1162 libera
360 1119 453 1161 haec
486 1116 599 1170 duo,
638 1115 770 1161 corde
803 1115 988 1160 credidit
1017 1114 1333 1175 adjustitiam,
1368 1130 1442 1160 ore

46 1190 265 1235 confessus
288 1197 351 1232 est
375 1188 428 1232 ad
443 1187 652 1244 salutem,
670 1187 904 1248 statimque
927 1185 1076 1230 audire
1099 1186 1274 1241 meruit,
1300 1205 1320 1228 «
1345 1188 1439 1231 Ho-

49 1279 68 1302 »
95 1259 163 1304 die
191 1274 362 1303 mecum
395 1258 476 1302 eris
505 1258 550 1301 in
578 1257 823 1317 paradisoss.
861 1276 879 1297 »
907 1258 1292 1316 Consequerentur
1326 1257 1441 1300 enim

47 1333 159 1376 bona
182 1346 312 1390 opera
336 1331 427 1390 ejus
449 1331 480 1373 si
499 1338 701 1389 percepta
720 1328 853 1387 gratia
877 1328 953 1372 (liu
976 1329 1089 1372 inter
1105 1328 1302 1372 homines
1322 1328 1440 1371 vive-

46 1411 124 1446 ret.
154 1403 236 1447 Sed
261 1411 406 1445 tamen
429 1416 517 1445 non
541 1416 590 1444 ea
612 1408 936 1459 praecesserant,
965 1408 1014 1443 ut
1036 1398 1234 1442 eamdem
1259 1399 1442 1457 gratiam

47 1482 300 1528 mereretur,
327 1487 378 1516 ex
400 1471 627 1516 latrocinio
650 1471 759 1515 fixus
781 1470 827 1513 in
850 1486 995 1524 cruce,
1023 1485 1074 1513 ex
1097 1484 1226 1514 cruce
1248 1470 1293 1513 in
1316 1485 1442 1529 para-

0 1558 2 1585 ὲ
47 1545 185 1589 disum
211 1543 456 1589 translatus.
484 1563 500 1584 «
528 1546 585 1587 Et
608 1543 717 1588 sicut
738 1541 963 1601 praedixit,
997 1542 1155 1601 inquit,
1181 1542 1325 1596 Isaias,
1352 1542 1443 1586 Nisi

0 1628 21 1672 ³,-
50 1635 68 1658 »
97 1616 306 1660 Dominus
329 1615 511 1659 sabaoth
534 1613 777 1674 reliquisset
795 1613 921 1657 nobis
938 1627 1103 1667 semen,
1121 1613 1233 1657 sicut
1251 1611 1442 1657 Sodoma

0 1673 21 1741 l:
50 1705 69 1729 »
96 1685 196 1730 facti
214 1701 402 1730 essemus
420 1720 430 1740 ,
458 1694 500 1729 et.
526 1686 635 1729 sicut
661 1684 904 1729 Gomorrha
930 1684 1089 1727 similes
1115 1683 1388 1727 fuissemus&
1418 1702 1438 1725 »

0 1780 4 1787 ·
47 1756 174 1811 Quod
198 1757 267 1801 hic
292 1757 371 1811 ait,
397 1775 416 1798 «
436 1755 678 1814 reliquisset
698 1754 822 1799 nobis
845 1769 1018 1811 semen,
1041 1755 1133 1798 hoc*
1148 1754 1223 1809 ibi,
1244 1753 1440 1814 reliquiae

0 1851 5 1858 -
51 1847 70 1870 «
95 1828 222 1871 salvae
251 1827 371 1871 fient.
407 1846 426 1867 η
459 1827 614 1871 Caeteri
643 1836 787 1870 autem
818 1835 1029 1886 tanquam
1053 1824 1311 1885 perditionis
1341 1840 1441 1870 vasa

0 1921 6 1930 ·
48 1900 196 1944 debito
230 1897 444 1957 supplicio
485 1898 723 1957 perierunt
764 1900 819 1941 Et
849 1907 898 1941 ut
931 1912 1020 1941 non
1053 1912 1202 1941 omncs
1229 1897 1442 1956 perissent

0 1969 23 2028 ‘l
48 1970 156 2015 sicut
176 1969 221 2012 in
252 1968 438 2014 Sodoma
460 1977 502 2012 et
526 1968 784 2023 Gommrha,
806 1983 894 2012 non
915 1968 1118 2011 meritum
1142 1983 1291 2012 eorum
1308 1967 1436 2025 lecit,

1 2056 6 2077 ι
49 2039 121 2085 sed
143 2039 275 2098 glatia
299 2040 374 2083 Dei
397 2037 681 2099 relinquentis
704 2054 873 2094 semen,
909 2037 1028 2082 unde
1059 2038 1141 2083 alia
1169 2039 1315 2083 messis
1346 2047 1439 2084 toto

0 2107 23 2152 ?·³
49 2112 151 2157 orbe
174 2120 470 2171 consurgeret
497 2113 589 2156 Hoc
613 2121 656 2156 et
676 2110 808 2170 paulo
830 2119 928 2170 post
961 2129 969 2154 2
999 2128 1018 2152 «
1042 2111 1109 2155 Sic
1128 2125 1244 2168 ergo,
1275 2111 1435 2169 inquit,

0 2195 8 2225 i
53 2203 71 2224 »
95 2183 197 2227 etin
220 2184 302 2227 hoc
325 2192 518 2242 tempore
543 2181 737 2242 reliquiae
762 2197 839 2242 per
857 2181 1111 2226 electionem
1137 2182 1284 2239 gratiae
1309 2181 1438 2225 salvae

0 2266 9 2295 t
53 2273 71 2296 »
98 2253 222 2299 factae
240 2264 357 2299 sunt.
386 2255 427 2299 Si
447 2263 592 2298 autern
619 2255 770 2313 gratia,
796 2255 884 2314 jam
903 2269 993 2298 non
1014 2269 1064 2297 ex
1087 2253 1306 2312 operibus,
1329 2253 1438 2297 alio-

0 2322 9 2367 i·
54 2343 72 2367 »
97 2326 204 2385 quin
223 2325 458 2385 gratiajam
483 2340 570 2369 non
594 2334 656 2369 est
675 2325 827 2384 gratia.
850 2325 967 2377 Quid
989 2326 1118 2383 ergo?
1136 2324 1255 2384 quod
1274 2339 1439 2383 quaere-

0 2408 10 2438 t
57 2416 73 2437 »
98 2396 171 2440 bat
193 2396 338 2451 Israel,
359 2396 442 2440 hoc
456 2411 543 2440 non
562 2406 624 2441 est
646 2405 920 2451 consecutus,
942 2395 1098 2440 electio
1121 2405 1267 2441 autem
1289 2411 1437 2440 conse-

1 2504 9 2530 ι

99 2504 106 2520 ¹
127 2498 238 2530 Matth.
260 2510 304 2531 x11
320 2521 328 2537 ‚
354 2499 406 2531 30.
423 2515 462 2522 -·
480 2506 492 2522 ²
513 2502 603 2532 Rom.
625 2510 657 2542 x,
675 2499 694 2532 8
711 2503 744 2531 et
767 2510 854 2542 seqq.
874 2515 912 2522 -—
930 2496 943 2520 3
963 2501 1040 2531 Luc.
1061 2509 1138 2532 xxm
1152 2522 1159 2536 ,
1179 2498 1232 2540 43.
1249 2515 1286 2521 --
1305 2498 1319 2527 4
1340 2501 1430 2531 Rom.

23 2565 25 2571 ·
54 2565 97 2594 1¹,
119 2564 173 2596 29.
193 2559 225 2586 ct
243 2556 311 2587 lsai.
330 2567 354 2596 r,
372 2567 404 2597 9.
