1790 3187
311 231 394 272 400
749 245 780 269 s.
818 239 1048 268 AUGUSTIM
1081 240 1260 268 nmscom

306 308 438 353 modo
465 306 587 367 quod
615 307 660 350 in
693 304 781 349 fide
808 320 958 350 verum
990 314 1054 350 est
1075 305 1326 365 impeditur.
1357 321 1378 346 «
1401 303 1552 349 Omnis
1574 304 1691 348 enim

310 396 329 419 n
371 376 654 436 pulchritudo
689 374 790 419 filiae
822 376 948 434 Regis
985 376 1243 420 intrinsecus
1265 376 1278 400 ¹
1321 393 1329 418 z
1359 392 1377 415 »
1420 373 1512 418 lllae
1545 383 1691 417 autem

307 447 629 492 observationes
650 459 749 505 quae
764 445 881 489 varie
899 444 1192 499 celebrantur,
1214 445 1258 487 in
1279 448 1369 500 ejus
1387 453 1504 487 veste
1525 441 1691 486 intelli-

310 526 499 577 guntur:
516 514 635 559 unde
651 514 712 558 ibi
725 514 901 570 dicitur,
922 516 1002 559 «in
1016 515 1195 559 fimbriis
1209 514 1346 558 aureis
1366 513 1692 557 circumamicta

309 605 330 629 »
355 589 578 632 varietate.
598 604 617 627 n
637 584 721 630 Sed
738 600 786 629 ea
799 600 975 646 quoque
986 586 1113 630 vestis
1124 586 1183 630 ita
1199 585 1376 629 diversis
1391 582 1694 628 celebrationi-

305 657 385 700 bus
404 657 609 710 varietur,
626 664 675 699 ut
698 670 787 699 non
811 655 999 700 adversis
1015 655 1369 700 contentionibus
1386 653 1629 713 dissipetur.

363 727 532 770 xxm.
575 744 595 767 ‹<
632 728 870 779 Postremo,
906 726 1064 785 inquit,
1089 725 1123 769 si
1151 724 1329 769 Judaeus
1355 723 1586 768 sabbatum
1618 736 1692 766 co-

305 793 438 839 lendo
476 794 750 839 Dominicum
784 804 929 854 negat,
955 795 1178 856 quomodo
1196 795 1464 841 Christianus
1491 793 1694 837 observat

305 865 536 909 sabbatum
554 867 571 907 ‘3
593 868 681 910 Aut
700 866 832 909 simus
849 866 1097 920 Christiani,
1116 875 1160 911 et
1182 865 1454 910 Dominicum
1473 862 1690 918 colamus3

305 944 382 979 aut
403 936 536 979 simus
559 936 718 990 Judaei,
739 936 1024 980 etsabbatum
1043 937 1320 980 observemus
1346 954 1355 980 ι
1381 954 1400 977 «
1426 936 1562 979 Nemo
1577 931 1694 976 enim

308 1023 328 1046 υ
354 1014 498 1064 potest
520 1005 692 1049 duobus
723 1005 910 1049 dominis
932 1007 1090 1050 servire
1105 1008 1137 1050 ².
1158 1025 1177 1048 »
1202 1010 1358 1051 Nonne
1390 1006 1448 1048 ita
1475 1003 1688 1062 loquitur,

306 1083 516 1134 tanquam
545 1075 711 1118 sabbati
734 1075 841 1119 alius
862 1076 1065 1121 dominus
1086 1077 1156 1131 sit,
1182 1077 1292 1120 alius
1324 1074 1575 1121 Dominici?
1600 1075 1689 1118 Nec

305 1144 415 1188 illud
447 1144 590 1198 audit,
618 1145 739 1204 quod
761 1154 803 1189 et
828 1146 917 1205 ipse
938 1148 1322 1191 commemoravit:
1349 1165 1370 1188 «
1396 1145 1604 1189 Dominus
1625 1151 1690 1186 est

312 1234 329 1256 »
348 1215 463 1258 enim
481 1214 649 1258 sabbati
668 1215 781 1259 filius
798 1216 987 1260 hominis
1009 1218 1041 1258 3.
1071 1235 1090 1258 »
1112 1217 1242 1270 Quod
1260 1225 1404 1260 autem
1422 1216 1481 1258 ita
1504 1229 1582 1258 nos
1595 1212 1691 1256 vult

305 1299 394 1329 esse
411 1300 432 1329 a
451 1285 635 1329 sabbato
656 1285 834 1341 alienos,
855 1286 1116 1331 sicutJudaei
1130 1297 1231 1331 sunt
1253 1302 1275 1330 a
1297 1285 1521 1330 Dominico
1540 1282 1686 1338 alieni,

305 1370 452 1399 nonne
476 1365 644 1399 tantum
668 1366 782 1400 errat
809 1366 858 1401 ut
897 1357 1028 1415 possit
1050 1358 1179 1401 etiam
1217 1357 1377 1410 dicere,
1402 1356 1460 1399 ita
1491 1370 1569 1399 nos
1603 1368 1693 1397 non

304 1425 463 1470 debere
486 1426 679 1485 accipere
713 1430 872 1486 Legem
895 1442 974 1472 nec
1009 1428 1261 1487 Prophetas,
1282 1428 1393 1472 sicut
1424 1425 1567 1471 Judaei
1602 1438 1692 1468 non

304 1496 526 1552 accipiunt
561 1497 848 1555 Evangelium
881 1513 960 1542 nec
991 1498 1252 1557 Apostolos?
1282 1497 1410 1551 Quod
1450 1496 1526 1557 qui
1560 1494 1688 1553 sapit,

305 1564 410 1625 quid
444 1564 545 1608 mali
567 1567 702 1624 sapiat
734 1567 887 1626 utique
915 1567 1134 1626 intelligis.
1164 1587 1185 1610 «
1227 1568 1310 1612 Sed
1333 1577 1496 1621 vetera,
1522 1565 1688 1625 inquit,

306 1653 328 1677 ³»
350 1636 493 1679 omnia
519 1636 803 1691 transierunt,
823 1646 866 1680 et
883 1637 928 1680 in
950 1638 1124 1682 Christo
1141 1637 1255 1681 facta
1273 1646 1373 1681 sunt
1395 1652 1534 1680 novat
1560 1654 1580 1677 »
1607 1636 1689 1679 hoc

303 1721 455 1751 verum
477 1715 555 1750 est.
570 1708 676 1750 Nam
701 1718 928 1766 propterea
951 1709 1063 1752 sicut
1078 1708 1220 1752 Judaei
1243 1708 1433 1752 sabbatis
1458 1723 1545 1751 non
1567 1722 1690 1750 vaca-

304 1790 418 1830 mus,
443 1776 605 1819 etiamsi
623 1777 678 1819 ad
695 1777 1021 1835 significandam
1039 1779 1248 1838 requiem,
1264 1777 1454 1837 quasillo
1473 1777 1543 1820 die
1560 1777 1690 1835 signi·

304 1846 429 1890 ficata
450 1856 530 1900 est,
546 1847 789 1891 Christiana
805 1848 1040 1892 sobrietate
1057 1859 1099 1892 et
1121 1848 1371 1907 frugalitate
1385 1856 1565 1901 servata,
1581 1848 1689 1907 jeju-

303 1917 365 1960 nii
387 1917 611 1962 vinculum
626 1917 880 1962 relaxamus.
899 1921 954 1962 Et
970 1919 1002 1962 si
1017 1918 1150 1978 aliqui
1170 1918 1322 1963 fratres
1337 1918 1473 1963 nostri
1495 1918 1688 1978 requiem
1754 1909 1757 1964 i'
1789 1935 1790 1950 ¹

303 1987 487 2041 sabbati,
505 1987 766 2032 relaxatione
779 1989 933 2048 jejunii
955 1988 1279 2047 significandam
1295 2004 1383 2032 esse
1398 2004 1485 2032 non
1511 1996 1683 2046 putant,

303 2072 580 2118 nequaquam
604 2057 659 2101 de
682 2058 809 2102 vestis
832 2060 959 2117 regiae
979 2059 1181 2103 varietate
1201 2059 1437 2117 litigamus,
1467 2074 1522 2102 ne
1553 2058 1686 2116 ipsius
1752 2073 1755 2099 5

303 2127 480 2185 reginae,
502 2127 579 2171 ubi
606 2142 737 2171 unam
760 2127 891 2171 fidem
914 2129 1043 2172 etiam
1063 2128 1117 2172 de
1138 2129 1228 2188 ipsa
1252 2128 1399 2188 requie
1432 2128 1683 2183 retinemus,

302 2198 506 2242 interiora
539 2199 735 2242 membra
754 2214 972 2243 vexemuS.
1006 2200 1098 2243 Etsi
1127 2200 1242 2243 enim
1275 2200 1377 2259 quia
1399 2208 1540 2243 vetera
1572 2207 1687 2242 tran·
1750 2185 1753 2232 ἶ

304 2267 486 2322 sierunt,
516 2283 617 2312 cum
646 2269 705 2313 eis
725 2269 894 2313 transiit
923 2269 1051 2313 etiam
1084 2268 1264 2313 carnalis
1285 2269 1452 2313 vacatio
1480 2268 1647 2313 sabbati
1675 2287 1684 2313 :
1749 2316 1751 2328 Ι

305 2352 394 2381 non
427 2347 570 2382 tamen
600 2340 701 2398 quia
728 2340 911 2383 sabbato
938 2348 980 2382 et
1016 2339 1240 2383 Dominico
1268 2340 1359 2383 sine
1393 2339 1688 2397 superstitiosa
1786 2383 1787 2396 ¹

305 2410 529 2452 vacatione
546 2409 936 2468 prandemus,ideo
953 2410 1126 2453 duobus
1141 2409 1326 2454 dominis
1343 2410 1567 2465 servimus,
1584 2409 1688 2469 quia
1747 2413 1749 2442 ἲ
1785 2413 1790 2453 Ξ

304 2487 349 2522 et
366 2478 536 2523 sabbati
550 2489 594 2524 et
617 2480 827 2524 Dominici
851 2496 962 2525 unus
974 2490 1036 2525 est
1060 2481 1282 2525 Dominus.

356 2570 362 2584 ¹
387 2563 466 2595 Ptal.
483 2574 569 2604 μιν,
593 2563 695 2605 ι4.·-·
708 2571 722 2588 ²
739 2565 854 2598 Matth.
874 2575 917 2604 vi,
936 2565 1041 2607 αἱμ-
1056 2563 1068 2588 3
1083 2567 1160 2597 Luc.
1182 2576 1225 2606 vi,
1245 2566 1274 2596 5.
