1790 3187
323 237 406 275 202
753 249 785 275 s.
825 246 1054 274 mous‘rnu
1089 246 1267 274 nuscum

322 312 399 356 Dei
429 319 520 355 erat
550 309 743 364 infusus,
776 325 831 354 ne
864 309 1002 354 David
1041 310 1151 355 servi
1183 310 1274 370 ejus
1313 309 1359 354 in
1392 324 1444 355 eo
1471 309 1569 356 loco
1599 326 1702 371 prae-
1767 308 1769 315 '

321 381 456 426 sentia
491 381 736 426 sentiretur.
778 382 927 440 Neque
954 380 1062 424 illud
1095 382 1251 424 mirum
1281 389 1364 436 est,
1391 395 1562 425 rursum
1584 397 1701 427 eum·
1742 400 1744 402 ·

322 452 420 496 dem
464 451 565 496 Saiil
610 451 823 509 accepisse
865 452 1064 510 spiritum
1108 451 1347 511 prophetiae
1366 486 1376 506 ,
1418 467 1518 496 cum
1559 468 1702 511 perse-

320 531 528 582 queretur
547 522 714 581 justum
731 556 742 576 ‚
768 530 811 565 et
838 536 938 565 eum
968 522 1359 581 comprehensurus
1395 531 1437 566 et
1470 532 1701 570 necaturus

320 593 504 636 venisset
538 593 582 635 in
612 591 757 635 locum
777 627 787 646 ‚
815 592 890 636 ubi
921 602 1012 637 erat
1042 594 1319 651 congregatio
1346 593 1698 652 prophetarum¹.

324 663 391 708 Sic
422 663 535 705 enim
560 662 659 706 satis
680 661 1022 706 demonstratum
1045 671 1135 716 est,
1172 663 1389 706 neminem
1422 662 1476 706 de
1498 663 1574 707 tali
1604 679 1702 708 mu·
1763 658 1765 667 ⁴

321 747 424 776 nere
435 736 526 793 J'am
548 747 748 776 securum
768 748 856 776 esse
877 732 1058 788 debere,
1080 742 1286 793 tanquam
1309 734 1362 777 sit
1384 735 1704 793 acceptissimus

321 807 411 849 Deo
429 838 440 859 ‚
462 804 494 847 si
517 819 604 848 non
624 804 783 848 habeat
804 804 1056 849 charitatem
1083 824 1091 849 :
1117 803 1475 864 quandoquidem
1498 804 1610 850 illud
1627 805 1704 852 do—

321 891 429 920 num
451 884 494 919 et
512 866 625 921 Saiili
650 875 743 921 dari
760 876 925 935 potuit,
951 884 1128 936 propter
1149 891 1354 920 arcanum
1376 875 1555 936 quidem
1571 875 1706 922 alicu-

316 948 386 1006 jus
409 946 695 1003 sacramenti3
720 947 794 991 sed
817 956 960 991 tamen
985 947 1078 991 dari
1106 947 1250 1006 potuit
1277 948 1510 1006 reprobato
1528 981 1540 1002 ‚
1573 956 1616 992 et
1636 948 1706 992 in—

321 1017 422 1062 vido
438 1053 448 1073 ‚
472 1027 516 1062 et
537 1019 705 1076 ingrato
722 1053 733 1073 ‚
768 1027 810 1062 et
835 1018 1034 1062 reddenti
1058 1017 1168 1062 mala
1193 1034 1272 1078 pro
1296 1017 1420 1062 bonis
1435 1052 1446 1073 ,
1470 1028 1514 1062 et
1534 1034 1590 1063 ne
1612 1028 1708 1078 post

320 1091 455 1150 ipsam
479 1090 656 1149 quidem
674 1090 972 1149 acceptionem
999 1090 1174 1149 spiritus
1196 1099 1391 1135 correcto
1413 1090 1459 1135 in
1476 1089 1630 1135 melius
1647 1099 1708 1135 at-

321 1176 407 1220 que
427 1169 610 1203 mutato.

381 1233 581 1284 Quffismo
599 1232 657 1274 II.
684 1257 738 1264 —
761 1232 821 1274 10.
847 1231 1040 1290 Agejam
1058 1230 1280 1275 videamus
1300 1229 1524 1290 quomodo
1542 1230 1708 1276 dictum

321 1303 375 1347 sit
393 1337 402 1356 ‚
429 1321 448 1344 «
465 1302 654 1346 Poenitet
671 1301 874 1362 mequod
891 1302 1190 1346 constituerim
1209 1317 1353 1362 regem
1369 1302 1497 1347 Safil²
1517 1321 1526 1347 :
1547 1320 1566 1345 »
1587 1305 1709 1356 Quae-
1756 1307 1759 1334 ἒ

322 1374 379 1417 ris
397 1374 511 1417 enim
526 1409 536 1428 ‚
555 1389 644 1417 non
661 1373 816 1433 utique
836 1373 880 1416 in
898 1373 1052 1417 talium
1069 1374 1303 1418 verborum
1322 1372 1548 1418 intellectu
1565 1374 1706 1430 rudis,

323 1443 398 1487 sed
421 1444 668 1487 rudimenta
702 1442 929 1501 explorans
960 1459 1055 1487 mea
1077 1453 1258 1503 paterno
1281 1444 1425 1489 studio
1451 1453 1494 1488 et
1521 1444 1709 1504 benigna
1754 1474 1757 1503 2

322 1530 424 1559 cura
440 1550 451 1570 ‚
481 1514 704 1575 quomodo
727 1515 939 1574 poeniteat
958 1515 1121 1575 aliquid
1141 1518 1279 1560 Deum
1295 1551 1305 1570 ,
1326 1516 1371 1558 in
1394 1531 1482 1575 quo
1503 1515 1556 1560 sit
1571 1515 1708 1560 omnis
1754 1543 1756 1570 ἐ

323 1587 607 1646 praescientia.
635 1589 729 1644 Ego
760 1602 888 1640 vero,
925 1602 1025 1630 cum
1049 1587 1132 1631 hoc
1167 1586 1220 1630 de
1244 1590 1332 1631 Deo
1360 1586 1519 1631 dicitur
1536 1621 1547 1641 ‚
1573 1585 1710 1645 indig-
1754 1574 1756 1584 ‚

323 1675 431 1703 num
460 1659 626 1719 aliquid
647 1659 732 1703 dici
755 1659 1011 1710 arbitrarer,
1048 1660 1081 1702 si
1105 1657 1270 1719 aliquid
1293 1659 1475 1718 dignum
1501 1659 1710 1703 invenire·
1753 1665 1755 1671 '

323 1740 394 1775 tur
412 1732 531 1790 quod
550 1731 605 1774 de
626 1730 702 1775 illo
718 1730 951 1775 diceretur.
973 1732 1085 1775 Cum
1103 1746 1206 1775 vero
1223 1730 1354 1774 verba
1371 1731 1533 1785 omnia,
1554 1730 1709 1790 quibus

322 1801 513 1845 humana
543 1800 760 1861 colloquia
794 1810 1111 1855 conseruntur,
1144 1799 1259 1844 illius
1288 1802 1548 1860 sempiterna
1576 1802 1709 1846 virtus

323 1881 364 1915 et
387 1872 587 1916 divinitas
610 1871 864 1916 mirabiliter
886 1880 1018 1931 atque
1035 1872 1339 1916 incunctanter
1353 1872 1530 1916 excedat
1545 1906 1555 1925 ‚
1581 1871 1708 1931 quid-

323 1942 430 2002 quid
449 1942 503 1985 de
522 1941 596 1986 illo
618 1943 866 1986 humaniter
883 1942 1064 1997 dicitur,
1090 1942 1210 2001 quod
1228 1942 1355 1986 etiam
1378 1942 1629 1986 hominibus
1646 1957 1709 1986 as·
1728 1980 1751 1995 ,ζ

324 2014 547 2072 pernabile
579 2013 803 2068 videatur,
841 2014 932 2072 ipsa
954 2014 1145 2057 humana
1169 2012 1430 2057 admonetur
1454 2013 1705 2068 infirmitas,
1748 2035 1750 2049 ·

323 2085 453 2128 etiam
486 2084 557 2128 illa
581 2101 680 2144 quae
705 2094 996 2143 congruenter
1024 2085 1069 2128 in
1102 2085 1330 2144 Scripturis
1362 2085 1519 2129 sanctis
1544 2084 1599 2128 de
1623 2087 1708 2128 Deo

324 2154 437 2199 dicta
457 2156 691 2210 existimat,
712 2157 915 2199 humanae
937 2156 1162 2215 capacitati
1185 2156 1351 2215 aptiora
1374 2171 1463 2199 esse
1485 2171 1616 2215 quam
1639 2156 1707 2200 di-

325 2226 437 2269 vinae
450 2225 706 2270 sublimitati
724 2248 734 2284 3
757 2243 804 2270 ac
820 2242 896 2285 per
914 2227 995 2270 hoc
1009 2227 1135 2270 etiam
1153 2226 1243 2286 ipsa
1263 2226 1605 2270 transcendenda
1621 2241 1708 2271 esse

325 2297 790 2351 serenioreintelleetu‚
809 2298 1005 2342 sicutista
1015 2297 1702 2358 qualicumquetranscensasunt.

385 2370 444 2410 20.
472 2368 578 2420 Quis
608 2377 671 2412 est
701 2368 816 2412 enim
837 2368 1081 2422 hominum,
1112 2369 1182 2412 cui
1211 2384 1300 2413 non
1323 2376 1522 2413 occurrat
1551 2368 1597 2412 in
1619 2371 1706 2412 Deo
1770 2411 1773 2414 .

324 2447 479 2481 cuncta
505 2439 773 2496 praesciente,
801 2439 1102 2498 poenitentiam
1125 2454 1214 2483 esse
1237 2455 1326 2483 non
1349 2440 1495 2498 posse?
1520 2441 1571 2481 Et
1592 2447 1705 2482 certe
1742 2487 1744 2493 J

326 2516 469 2551 tamen
496 2508 590 2552 haec
612 2508 701 2552 duo
729 2508 859 2553 verba
880 2518 1007 2564 sunt,
1044 2510 1299 2568 poenitentia
1337 2518 1379 2553 et
1410 2508 1700 2568 praescientia,
1742 2498 1744 2504 ¹

377 2595 519 2635 ¹1Reg.
541 2605 605 2633 xix,
626 2593 680 2634 24.
702 2611 737 2616 —
755 2601 767 2616 ²
798 2594 843 2625 Id.
865 2604 922 2633 xv,
945 2605 995 2626 ιι.
