1790 3187
596 278 794 306 nris-rom
829 279 953 309 xxxi.
1383 269 1468 308 357

89 431 121 446 {Aa
125 432 188 447 υνὶῆ
194 432 398 448 ΜΝΜΊΝἋΝ
403 432 1179 449 ΜΝἋΜἋΛΝᾺΛΝΜΜἮἏΜἎΝΝΜΝΛΜΜ
1184 432 1467 450 WWVWWVVWWW

475 568 906 647 CLASSIS
958 570 1062 643 Π.

493 762 817 810 EPISTULA
856 762 1022 809 XXXI
1042 757 1075 809 ¹.

90 921 228 953 Dominis
245 921 455 954 dilectissimis
473 925 507 954 et
525 921 745 954 sincerissimis
759 947 767 963 ‚
786 933 865 954 vere
882 921 1072 954 beatissimis
1091 925 1188 964 atque
1213 920 1483 953 abundantissima

132 977 188 1009 Dei
221 978 323 1019 grafia
351 978 599 1020 praestantisimis
627 978 792 1016 fratribus,
818 978 1025 1013 PAULINO
1048 983 1081 1011 et
1107 977 1368 1015 THERASIAE,
1394 976 1480 1009 AU-

134 1033 361 1067 GUSTINL'S
382 1034 412 1065 in
431 1034 563 1066 Domino
584 1034 731 1067 salutem.

90 1174 302 1220 Paulino
334 1190 425 1235 pro
459 1174 679 1220 secundis
710 1175 878 1220 litteris
913 1177 977 1221 ab
1003 1192 1058 1222 eo
1090 1179 1322 1237 receptiS,
1353 1179 1487 1240 grati

149 1246 302 1290 animi
335 1245 611 1305 obsequium
638 1245 834 1291 exhibet
849 1283 864 1303 ,
893 1263 1035 1306 seque
1063 1247 1270 1293 Valerio
1298 1250 1485 1308 coepis-

147 1333 320 1376 copam
347 1316 407 1362 H
404 1319 712 1377 ipponensem
736 1317 1015 1363 ordinatwn
1038 1335 1140 1364 esse
1171 1320 1454 1364 renuntians
1467 1355 1483 1375 ,

150 1398 355 1448 exoptat
377 1400 426 1433 ut
449 1391 498 1434 in
519 1389 752 1453 Africam
770 1390 995 1453 trajicere
1018 1392 1118 1447 ipse
1136 1389 1250 1435 velit
1265 1427 1279 1447 ,
1305 1407 1486 1453 magno

148 1477 256 1505 cum
277 1460 372 1506 siln‘
389 1461 590 1518 solatio,
616 1472 714 1507 tum
744 1464 930 1508 ccetem's
953 1461 1243 1508 Christianis
1265 1462 1486 1521 exemplo

144 1532 353 1591 ficturus.

152 1688 185 1729 I.
222 1687 325 1731 CUM
355 1686 519 1730 litteras
547 1701 691 1740 meas,
722 1687 884 1747 quibus
908 1687 1112 1746 respondi
1141 1686 1361 1744 prioribus
1391 1702 1487 1732 ves-

91 1757 186 1811 tris,
208 1757 241 1801 si
274 1767 417 1802 tamen
441 1759 589 1801 vestris
623 1757 774 1802 litteris
799 1758 890 1802 ullo
922 1758 1055 1802 modo
1087 1775 1107 1802 a
1140 1773 1209 1801 me
1231 1757 1485 1818 responderi

90 1836 264 1886 potest,
296 1828 521 1872 celerrime
555 1829 795 1887 optaverim
825 1829 973 1873 venire
1003 1830 1048 1872 in
1081 1838 1234 1873 vestrae
1268 1829 1487 1873 charitatis

93 1914 246 1943 manus
265 1934 275 1953 ‚
305 1909 354 1943 ut
377 1915 557 1959 quoquo
584 1910 712 1958 paeto
740 1900 895 1944 absens
917 1901 1003 1944 cito
1031 1916 1197 1959 possem
1222 1916 1312 1945 esse
1341 1901 1488 1944 vobis-

92 1986 191 2014 cum
211 2006 221 2024 ,
249 1970 418 2014 lucrum
442 1971 545 2013 milii
566 1981 720 2015 vestrae
743 1971 936 2031 epistolae
960 1971 1147 2016 eontulit
1168 1973 1348 2016 tarditas
1372 1987 1483 2016 mea.

92 2043 237 2085 Bonus
259 2042 467 2086 Dominus
484 2077 494 2096 ‚
519 2042 595 2101 qui
617 2058 704 2087 non
728 2043 880 2086 tribuit
903 2059 1017 2102 saepe
1041 2042 1160 2103 quod
1184 2043 1410 2098 volumu3‚
1436 2052 1486 2088 ut

92 2111 211 2172 quod
242 2111 470 2156 mallemus
499 2113 722 2158 attribuat.
761 2114 892 2158 Aliud
925 2115 1037 2157 euim
1069 2113 1275 2174 estquod
1309 2122 1484 2172 accepta

93 2184 273 2244 epistola
302 2200 396 2228 mea
432 2185 635 2244 scripturi
664 2186 789 2240 estis,
818 2185 936 2229 aliud
964 2186 1083 2245 quod
1114 2202 1202 2230 non
1231 2186 1486 2244 accipiendo

92 2255 331 2314 scripsistis.
359 2255 487 2308 Quod
510 2272 608 2300 cum
628 2256 846 2301 laetissime
862 2256 1114 2315 legerimus,
1137 2256 1343 2300 defuisset
1360 2257 1487 2301 nobis

92 2335 207 2370 certe
232 2327 310 2370 ista
334 2325 481 2370 laetitia
497 2362 507 2381 ,
528 2327 559 2370 si
585 2337 632 2371 ut
654 2329 899 2387 optavimus
917 2362 927 2381 .,
955 2328 1228 2387 maximeque
1248 2326 1482 2382 voluimus,

93 2395 178 2440 cito
201 2396 253 2440 ad
281 2406 464 2440 vestram
494 2399 766 2442 sanctitatem
798 2409 956 2442 nostrae
988 2399 1143 2442 litterae
1171 2407 1481 2458 permeassent.

93 2469 219 2512 Nunc
235 2483 336 2511 vero
351 2478 392 2511 et
411 2469 505 2513 haee
523 2470 684 2513 habere
701 2470 885 2529 scripta,
912 2479 954 2512 et
972 2468 1044 2513 illa
1066 2484 1236 2528 sperare
1255 2470 1455 2529 rescripta
1470 2505 1482 2525 ‚

97 2540 258 2597 gaudio
279 2541 565 2585 cumulatiore
588 2541 789 2586 delectat.
812 2545 874 2586 Ita
899 2557 978 2586 nec
995 2551 1140 2586 nostra
1156 2542 1283 2601 culpa
1297 2542 1488 2586 accusati

144 2642 152 2657 ¹
174 2635 257 2667 Alias
274 2647 380 2668 xxxiv.
397 2648 465 2679 quae
486 2643 595 2670 autem
613 2649 685 2670 xxxi
705 2643 790 2679 erat,
812 2649 894 2671 nunc
911 2649 984 2671 xxv.
1003 2656 1042 2662 —
1055 2640 1181 2681 Scripta
1195 2639 1323 2672 ineunte
1339 2649 1391 2671 an.
1408 2637 1484 2680 396.
