1790 3187
330 207 381 233 nr:
416 205 602 233 DIVERsts
634 205 791 241 QtJAEs'r.
828 206 977 233 oc'roc.
1013 206 1175 232 Tamis.
1392 193 1445 230 37

65 275 267 334 quoniam
281 287 437 331 corpus
451 271 679 331 quodlibet
692 286 767 330 per
785 271 936 316 localia
950 272 1083 331 spatia
1098 279 1347 330 porrectum
1365 279 1445 323 est,

65 344 228 404 aliquid
250 342 334 388 tale
357 344 558 387 credatur
580 358 668 386 esse
690 344 927 387 substantia
954 343 1039 386 Dei.
1072 344 1177 387 Nam
1201 357 1264 385 res
1287 356 1385 400 quae
1406 341 1449 383 in

64 424 183 476 parte
205 415 348 459 minor
365 424 427 458 est
444 429 574 474 quam
590 414 634 457 in
657 423 771 468 tot0,
792 429 873 458 nee
896 413 1095 473 dignitati
1114 413 1269 457 animae
1289 427 1450 457 eonve—

64 487 147 544 nit3
169 495 332 546 quanto
354 487 497 530 minus
515 486 727 544 majestati
747 486 853 528 Dei?

120 560 318 610 Quffisno
342 560 438 601 LII.
469 584 524 589 —
549 556 713 600 Divinae
755 557 988 615 Scripturae
1032 571 1054 600 a
1089 564 1261 600 terreno
1294 563 1338 599 et
1367 555 1450 598 hu-

63 643 192 672 mano
214 643 340 672 sensu
369 629 424 672 ad
446 628 644 671 divinum
675 636 716 670 et
739 627 959 671 coelestem
984 642 1062 672 nos
1084 627 1295 685 erigentes
1312 630 1322 651 2
1339 661 1349 680 ,
1376 639 1450 668 us-

61 714 147 759 que
170 698 223 743 ad
245 714 294 743 ea
329 699 459 743 verba
480 698 823 753 descenderunt,
849 698 1010 758 quibus
1041 698 1155 741 inter
1177 712 1221 741 se
1246 696 1451 741 stultissi-

60 785 232 814 morum
271 771 399 815 etiam
440 771 578 815 utitur
616 769 902 814 consuetudo.
946 772 1099 829 Itaque
1137 783 1286 812 earum
1321 768 1448 811 etiam

61 842 343 886 affectionum
372 842 546 887 nomina
565 876 576 896 ‚
613 857 720 901 quas
747 842 917 885 animus
940 851 1085 886 noster
1119 841 1311 899 patitur,
1343 854 1451 898 quas

59 912 306 971 longissime
340 929 363 957 a
387 916 476 957 Deo
498 927 585 956 esse
607 914 821 972 sejunctas
844 915 934 972 jam
958 913 1036 972 qui
1060 911 1214 955 melius
1242 912 1349 970 sapit
1380 912 1450 953 in-

59 982 236 1042 telligit,
275 999 363 1028 non
395 985 709 1030 dubitaverunt
738 983 801 1028 illi
834 984 912 1027 viri
940 999 1016 1043 per
1046 999 1153 1042 quos
1184 981 1356 1026 loeutus
1388 991 1449 1025 est

59 1054 242 1112 Spiritus
276 1065 477 1113 sanctus,
516 1056 882 1115 opportunissime
912 1055 957 1098 in
992 1054 1112 1099 libris
1150 1069 1327 1113 ponere.
1365 1055 1447 1107 Ut,

56 1126 175 1169 verbi
200 1128 332 1185 gratia
349 1163 358 1177 ‚
388 1129 595 1188 quoniam
620 1126 926 1171 difficillimum
960 1136 1023 1171 est
1058 1135 1104 1170 ut
1126 1126 1259 1170 homo
1284 1124 1451 1184 aliquid

53 1197 242 1242 vindicet
264 1200 354 1243 sine
372 1200 432 1243 ira
446 1235 455 1252 ‚
476 1198 710 1243 vindictam
732 1199 807 1243 Dei
827 1215 926 1259 quae
944 1199 1122 1243 omnino
1140 1198 1231 1241 sine
1248 1197 1329 1240 ista
1349 1212 1450 1255 per-

0 1283 1 1288 *
57 1270 304 1314 turbatione
329 1271 401 1323 fit,
427 1272 533 1314 iram
557 1280 703 1314 tamen
728 1270 970 1314 vocandam
991 1270 1313 1328 judicaverunt.
1339 1271 1448 1311 Item

56 1342 157 1398 qnia
183 1342 376 1400 conjugis
399 1342 639 1385 castitatem
667 1340 847 1385 zelando
871 1341 947 1385 viri
972 1339 1190 1384 custodire
1207 1353 1449 1383 consueve-

57 1420 187 1464 runt,
213 1410 331 1454 illam
357 1412 431 1454 Dei
454 1411 770 1470 providentiam
795 1426 871 1469 per
894 1425 1026 1470 quam
1049 1409 1299 1468 praecipitur
1319 1418 1450 1468 atque

55 1482 197 1540 agitur
229 1498 283 1526 ne
313 1483 454 1526 anima
479 1492 806 1541 corrumpatur,
832 1491 875 1526 et
908 1482 1013 1526 deos
1036 1481 1140 1525 alios
1177 1491 1309 1540 atque
1346 1480 1450 1525 alios

53 1567 235 1612 sequens
258 1554 448 1612 quodam
475 1554 606 1598 modo
630 1554 956 1608 meretricetur,
984 1554 1125 1596 zelum
1154 1553 1226 1596 Dei
1250 1551 1446 1612 appella-

52 1633 222 1666 verunt.
258 1625 324 1668 Sic
348 1634 390 1668 et
420 1640 597 1668 manum
630 1626 729 1679 Dei,
758 1625 845 1668 vim
874 1641 960 1683 qua
985 1632 1218 1684 operatnr3
1251 1633 1294 1667 et
1315 1622 1447 1681 pedes

53 1695 126 1737 Dei
145 1730 155 1747 ‚
183 1695 270 1738 vim
300 1711 386 1753 qua
415 1695 461 1738 in
484 1696 627 1739 omnia
653 1695 937 1739 custodienda
963 1705 1006 1739 et
1039 1693 1325 1753 gubernanda
1348 1709 1447 1753 per-

41 1767 214 1829 ‘tendit3
239 1775 282 1810 et
305 1782 426 1810 aures
444 1767 521 1810 Dei
539 1766 609 1810 vel
631 1766 780 1810 oeulos
804 1767 905 1821 Dei,
932 1768 1016 1810 vim
1035 1782 1122 1827 qua
1140 1766 1286 1811 omnia
1304 1767 1447 1825 perei-

38 1829 113 1895 'pit
137 1846 268 1897 atque
291 1836 516 1896 intelligit3
542 1846 584 1881 et
602 1836 756 1882 faeiem
778 1838 854 1881 Dei
873 1873 883 1891 ‚
910 1838 996 1881 vim
1019 1853 1106 1897 qua
1129 1853 1173 1881 se
1195 1837 1447 1881 manifestat

51 1918 182 1968 atque
204 1908 499 1967 dignoscitur3
525 1918 567 1953 et
590 1918 745 1953 eaetera
771 1908 813 1952 in
839 1910 956 1953 hunc
978 1909 1157 1953 modum
1178 1944 1188 1963 ‚
1214 1918 1444 1968 propterea

50 1978 210 2023 seilicet
237 1981 337 2039 quia
371 1996 447 2024 nos
477 1982 531 2024 ad
555 1995 664 2040 quos
692 1994 833 2023 sermo
861 1979 931 2033 fit,
960 1989 1004 2023 et
1025 1979 1226 2023 manibus
1254 1979 1444 2024 solemus

50 2052 240 2109 operari,
267 2061 309 2095 et
337 2051 521 2109 pedibus
542 2050 744 2095 incedere
759 2086 769 2105 ,
802 2059 845 2094 et
867 2066 955 2110 quo
984 2050 1070 2095 fert
1092 2051 1263 2094 animus
1285 2066 1442 2109 perve-

51 2122 163 2175 nire,
190 2131 233 2165 et
254 2123 432 2165 auribus
454 2132 585 2182 atque
608 2121 744 2166 oeulis
763 2122 1017 2181 caeterisque
1035 2122 1231 2165 sensibus
1249 2122 1442 2181 eorporis

50 2191 287 2251 corporalia
323 2193 570 2252 percipere,
612 2201 653 2236 et
691 2192 798 2236 facie
835 2192 1106 2237 innotescere
1142 2213 1149 2236 z
1189 2202 1230 2236 et
1266 2193 1300 2236 si
1334 2192 1441 2252 quid

50 2262 169 2306 aliud
193 2263 246 2307 acl
271 2264 381 2308 hane
413 2273 618 2324 tanquam
644 2262 836 2321 regulam
859 2265 1062 2323 pertinet.
1094 2267 1186 2308 Hoe
1210 2263 1340 2308 modo
1362 2264 1443 2321 igi-

53 2345 147 2389 tur,
176 2336 380 2395 quoniam
401 2345 570 2379 mutare
592 2347 787 2394 coeptum
813 2336 990 2396 aliquod
1016 2346 1058 2380 et
1086 2336 1129 2379 in
1153 2335 1272 2379 aliud
1298 2346 1441 2379 trans-

51 2405 160 2449 ferre
175 2422 263 2450 non
282 2406 407 2451 facile
422 2407 610 2452 solemus
629 2408 708 2450 nisi
727 2405 998 2465 poenitendo,
1021 2422 1274 2466 quanquam
1294 2406 1439 2450 divina

52 2478 318 2535 providentia
354 2494 499 2522 serena
538 2488 684 2522 mente
727 2478 1001 2522 intuentibus
1038 2488 1240 2536 appareat
1283 2488 1437 2522 enne-ta

102 2569 108 2583 ¹
132 2566 208 2594 tien.
237 2574 279 2598 vi,
302 2574 330 2605 ς,
350 2581 390 2587 —«·
407 2572 417 2586 ⁷
434 2564 512 2595 Yitle
527 2562 582 2594 lib.
601 2575 643 2597 xv
662 2565 701 2596 de
720 2564 816 2596 (tivit.
841 2563 909 2601 Dei,
931 2573 1004 2606 cap.
1025 2564 1078 2594 213.
