1790 3187
323 216 404 252 296
744 229 774 251 s.
815 226 1041 252 Avous'rim
1078 227 1254 253 misceri
1303 212 1311 223 ⁴

319 291 390 344 lis,
417 306 505 334 non
528 290 657 333 fuisse
688 289 982 348 perturbatam
1007 288 1259 333 modestiam
1290 287 1554 348 disputandi.
1588 291 1697 333 Nam

315 377 458 421 neque
493 362 744 420 flagrantius
776 370 1125 419 percontantem,
1151 375 1294 419 neque
1317 358 1591 419 tranquillius
1617 375 1696 404 au-

313 432 503 476 dientem
526 446 791 491 quemquam
805 430 1371 476 facileinvenerim.Vellem
1389 430 1534 490 itaque
1552 439 1694 474 tecum
1753 453 1755 460 ·

311 501 497 546 multum
530 502 676 562 loqui:
700 517 788 546 non
809 502 924 546 enim
948 502 1138 546 muitum
1160 511 1270 546 esset
1289 511 1697 562 quantumcumque

309 583 435 629 esset,
460 573 492 618 si
516 583 660 617 tecum
679 572 896 633 loquerer.
926 573 1010 619 Sed
1032 574 1134 633 quia
1158 572 1335 617 difficile
1360 581 1440 627 est,
1458 572 1563 633 quid
1587 586 1696 632 opus

310 652 372 687 est
398 658 548 688 causas
569 645 790 703 quaerere?
808 646 984 688 Prorsus
1006 642 1184 687 ditlicile
1204 654 1288 687 est:
1309 644 1390 686 erit
1412 642 1591 687 fortasse
1614 640 1692 686 ali-

310 714 489 773 quando
511 714 767 759 facillimum
788 733 797 759 :
818 715 875 758 ita
897 718 1008 758 Deus
1025 713 1128 758 velit
1155 735 1166 770 3
1187 729 1306 758 nune
1329 722 1446 758 certe
1472 712 1589 757 aliud
1613 721 1690 757 est.

313 784 419 828 Dedi
445 800 548 843 ergo
566 786 787 843 negotium
805 783 945 839 fratri,
960 800 1037 844 per
1067 800 1197 843 quem
1224 784 1388 828 litteras
1403 784 1514 836 misi,
1535 795 1584 829 ut
1601 799 1696 828 om-

312 856 377 899 nia
403 866 546 899 nostra
568 855 751 914 legenda
772 856 965 914 praebeat
989 854 1336 915 prudentissimae
1362 854 1562 900 charitati
1590 864 1692 898 tuae.

311 928 405 970 Non
424 926 539 968 enim
559 925 722 985 aliquid
740 941 883 969 mcum
905 925 1141 970 inculcabit
1155 926 1314 970 invito:
1337 926 1437 969 novi
1460 925 1574 968 enim
1591 922 1696 983 quid
1754 955 1756 979 ἶ

311 995 588 1052 benignitatis
611 996 654 1038 in
678 1011 755 1040 nos
773 996 917 1039 animo
941 1010 1083 1053 geras:
1110 1011 1209 1055 quae
1241 1004 1384 1039 tamen
1406 995 1439 1038 si
1461 994 1571 1039 lecta
1601 1008 1695 1053 pro·
1755 1016 1757 1050 ᾗ

312 1066 504 1120 baveris,
535 1075 578 1109 et
606 1081 703 1110 vera
737 1066 993 1125 pervideris,
1028 1076 1171 1111 nostra
1195 1082 1285 1110 esse
1313 1082 1401 1110 uon
1441 1077 1590 1125 putes,
1616 1065 1696 1109 nisi

312 1135 411 1194 quia
429 1135 527 1180 data
551 1146 669 1190 sunt,
686 1151 825 1196 eoque
844 1145 884 1179 te
901 1146 1124 1180 convertas
1146 1137 1262 1189 licet,
1281 1135 1397 1180 unde
1419 1137 1499 1179 tibi
1520 1150 1697 1194 quoque
1755 1195 1757 1206 Ι

310 1215 433 1250 estut
451 1222 498 1250 ea
514 1208 717 1265 probares
735 1207 1051 1252 datum.Nemo
1071 1208 1184 1251 enim
1209 1206 1327 1267 quod
1346 1206 1464 1264 legit,
1479 1207 1524 1250 in
1547 1206 1696 1251 codice

312 1278 405 1336 ipso
427 1278 565 1322 cernit
582 1293 733 1321 verum
756 1294 861 1332 esse,
887 1288 962 1322 aut
983 1279 1028 1322 in
1051 1294 1102 1322 eo
1125 1279 1199 1338 qni
1221 1278 1437 1336 scripserit
1457 1297 1468 1334 ·‚
1485 1277 1559 1321 sed
1587 1277 1630 1320 in
1651 1292 1695 1321 se

312 1348 472 1407 potius,
493 1348 526 1392 si
555 1349 646 1408 ejus
668 1349 799 1393 menti
825 1348 1046 1408 quoddam
1068 1364 1155 1393 non
1178 1348 1416 1407 vulgariter
1437 1346 1690 1402 candidum,

312 1417 385 1461 sed
403 1434 424 1461 a
442 1417 548 1462 faece
570 1419 760 1477 corporis
784 1419 1117 1462 remotissimum
1145 1418 1294 1462 lumen
1316 1417 1504 1461 veritatis
1520 1417 1694 1477 impres-

311 1503 404 1531 sum
427 1498 504 1532 est.
524 1489 651 1542 Quod
669 1490 700 1532 si
721 1488 825 1532 falsa
849 1489 990 1549 aliqua
1010 1498 1140 1549 atque
1162 1488 1446 1548 improbanda
1469 1502 1693 1546 compere-
1756 1529 1758 1538 ,

310 1558 381 1612 ris,
409 1559 464 1602 de
485 1559 675 1603 humano
699 1559 849 1603 nubilo
867 1559 1045 1603 irrorata
1060 1560 1167 1604 scias
1191 1568 1233 1602 et
1246 1575 1293 1602 ea
1316 1574 1417 1602 vere
1440 1568 1582 1602 nostra
1604 1573 1694 1602 esse

310 1627 507 1686 deputes.
536 1631 740 1672 Hortarer
763 1639 905 1673 autem
941 1638 983 1673 te
1012 1628 1067 1673 ad
1097 1628 1409 1689 quaerendum,
1435 1628 1515 1671 nisi
1548 1627 1693 1671 videre

310 1698 415 1741 milii
450 1699 619 1742 viderer
650 1699 812 1743 hiantia
849 1700 1050 1759 quaedam
1087 1715 1161 1743 ora
1195 1699 1336 1743 cordis
1368 1698 1464 1753 tui,
1499 1698 1694 1741 hortarer
1756 1709 1758 1717 ’

312 1769 458 1823 etiam,
484 1768 664 1829 utquod
680 1785 827 1813 verum
846 1770 1099 1828 cognoveris
1118 1769 1296 1814 viriliter
1320 1778 1480 1822 teneas,
1504 1769 1581 1812 nisi
1604 1783 1694 1828 prae
1756 1774 1758 1826 ξ

309 1847 353 1882 te
399 1837 531 1882 ferres
573 1839 943 1883 evidentissimum
983 1841 1117 1883 robur
1155 1839 1287 1882 animi
1331 1848 1374 1882 et
1407 1838 1573 1882 consilii
1611 1838 1689 1882 tui.

312 1909 471 1952 Totum
489 1909 604 1952 enim
633 1924 677 1953 se
700 1910 806 1953 mihi
834 1910 952 1953 brevi
973 1920 1182 1968 tempore,
1215 1924 1351 1969 prope
1371 1909 1570 1953 discussis
1595 1923 1693 1952 cor·
1757 1939 1759 1944 ·

311 1978 428 2037 poris
459 1980 740 2036 tegumentis,
767 1979 886 2039 quod
915 1980 959 2023 in
988 1989 1029 2023 te.
1060 1980 1186 2035 vivit,
1214 1980 1395 2039 aperuit.
1421 1981 1572 2038 Neque
1601 1978 1692 2023 ullo
1757 2011 1759 2021 .

311 2049 441 2094 modo
463 2050 607 2094 siverit
629 2051 796 2094 Domini
818 2051 952 2094 nostri
983 2050 1374 2094 misericordissima
1399 2049 1688 2110 providentia,

309 2129 356 2163 ut
381 2136 402 2163 a
426 2119 640 2165 catholico
662 2121 821 2166 Christi
849 2136 976 2180 grege
1005 2130 1055 2166 tu
1085 2123 1149 2166 vir
1177 2131 1266 2166 tam
1294 2123 1435 2167 bonus
1455 2130 1497 2165 et
1523 2119 1692 2178 egregie
1757 2123 1759 2177 3

310 2193 512 2236 cordatus
541 2191 706 2236 alienus
725 2193 794 2236 sis.
