1790 3187
328 248 411 289 330
747 259 779 284 s.
817 254 1049 284 Anevstrim
1081 257 1262 284 zmscom

386 325 472 367 Nos
489 320 661 366 fortuna
686 334 830 374 ruens,
850 334 949 379 quae
964 328 1132 378 separat
1147 319 1299 372 ardua,
1315 320 1476 380 junxit.

390 393 472 437 Sed
494 391 618 435 labor
638 389 841 433 interiora
854 389 1018 447 legens,
1042 389 1215 447 vulgata
1241 388 1416 445 libellis,

388 466 533 520 Atque
551 460 703 504 animis
726 459 901 503 inventa
923 460 1023 514 tuis,
1048 469 1091 504 et
1112 459 1258 504 nobile
1275 459 1434 518 dogma

390 533 625 585 Indictum‚
650 539 888 589 contraque
905 529 1044 574 bonus
1067 546 1266 589 responsa
1284 529 1459 574 relatus.

388 606 444 647 Et
459 618 551 645 mea
576 600 785 660 Calliope,
810 601 1006 660 quamvis
1025 611 1067 645 te
1085 602 1279 645 cominus
1298 600 1437 645 altum

390 675 588 727 Horreat,
608 681 650 716 et
672 671 817 715 vultus
840 671 1094 726 abscondat,
1112 671 1266 716 inutile
1290 681 1506 718 tractans:

392 747 484 789 Hoc
504 754 663 798 tamen,
682 745 763 788 hac
786 743 919 787 animi
938 743 1146 798 vinclum,
1163 760 1386 804 nexusque
1407 743 1572 800 fideles,

390 818 485 860 Non
505 816 579 874 qui
605 815 810 859 montosis
833 815 1022 858 firmatas
1041 816 1222 874 rupibus
1241 815 1357 874 alpes

391 888 553 945 Fregit,
566 886 784 930 etltalicas
808 886 960 944 pressit
977 901 1075 929 cum
1092 886 1313 929 moenibus
1332 886 1479 939 urbes,

392 960 646 1016 Rumperet,
672 965 747 1000 aut
771 967 916 1000 nostro
940 966 1119 1000 terreret
1139 957 1294 1000 robore
1310 955 1567 1015 quidquam.

392 1031 456 1072 Ite
476 1028 627 1086 procul
646 1027 792 1070 latices
819 1028 995 1071 tumidis
1020 1026 1284 1071 anfractibus
1306 1027 1402 1080 Oxi,

395 1102 483 1142 Aut
506 1098 560 1140 ab
583 1097 837 1155 Arempbeis
863 1097 1067 1155 Riphaeos
1084 1106 1158 1139 aut
1180 1096 1338 1154 oppida
1355 1096 1497 1154 Caspii

395 1167 735 1226 cimmeriasque
755 1167 906 1210 domos
927 1168 1151 1225 sejungere
1170 1166 1352 1209 flumine
1367 1165 1514 1222 largo:

395 1238 740 1296 Maeotidumque
757 1237 911 1296 plagae,
938 1247 1095 1294 pontus
1123 1251 1231 1295 quas
1251 1235 1397 1279 obruit
1415 1233 1576 1290 Helles,

397 1312 584 1368 Europae
600 1308 852 1368 atqueAsiae
867 1307 997 1365 longe
1017 1306 1263 1352 discrimina
1288 1307 1484 1350 tendant.

399 1382 553 1424 Nonne
568 1380 702 1423 boum
726 1395 803 1438 per
825 1388 1062 1438 utrumque
1081 1378 1192 1422 latus
1206 1387 1400 1422 armenta
1423 1376 1610 1437 fatigans

400 1451 579 1494 Finibus
592 1450 775 1495 abscidit
790 1450 959 1494 Thalari
976 1449 1156 1494 Dodona
1171 1449 1394 1502 Molossos,

397 1523 703 1582 Cognatosque
725 1523 919 1566 Arabas?
936 1536 1016 1565 nec
1039 1521 1154 1580 pacis
1176 1520 1322 1565 foedus
1345 1520 1532 1563 amicum

401 1592 577 1637 Sidonio
594 1593 707 1636 inter
724 1593 882 1636 mansit
897 1607 1168 1651 regnumque
1190 1591 1419 1650 pelopum,

402 1663 725 1723 Sacrilegosque
744 1664 950 1720 Phryges,
970 1662 1166 1722 quamvis
1189 1678 1268 1721 pro
1291 1671 1486 1720 tempore
1499 1660 1666 1705 cunctis

401 1735 596 1794 Hospitio
618 1750 851 1779 commune
871 1733 969 1778 fuit.
989 1733 1101 1787 Quid
1125 1733 1316 1793 denique
1337 1731 1521 1776 fratrum

401 1806 655 1860 Discidium,
682 1820 937 1864 pugnasque
962 1806 1145 1848 canam?
1166 1803 1274 1863 quid
1300 1804 1477 1847 honesta
1498 1810 1726 1861 parentum

401 1877 608 1930 Verbera,
634 1876 738 1936 quid
760 1885 944 1919 matrum
964 1874 1113 1927 furias,
1134 1884 1345 1933 natosque
1359 1873 1603 1933 superbos?

403 1950 480 1991 Est
495 1948 623 1990 etiam
638 1962 842 2006 superum
866 1962 1046 1991 concors
1067 1945 1281 1990 discordia
1300 1960 1462 1999 rerum,

403 2021 571 2077 Totque
592 2018 736 2061 ssuunt
762 2019 883 2072 ritus,
905 2027 1014 2078 quot
1031 2016 1105 2060 dat
1133 2016 1346 2060 sententia
1368 2015 1499 2073 leges.

401 2091 489 2133 Nec
506 2097 624 2131 tenet
642 2104 754 2132 unus
772 2103 906 2141 amor,
934 2103 1021 2131 non
1042 2087 1076 2131 si
1093 2088 1197 2130 mihi
1218 2101 1439 2130 murmura
1462 2094 1639 2129 centum

404 2162 485 2203 Det
499 2162 669 2212 Boreas,
695 2159 967 2218 totidemque
984 2158 1165 2211 animas,
1191 2166 1457 2216 centumque
1484 2171 1560 2215 per
1576 2171 1650 2200 ora

400 2230 569 2287 Lingua
590 2229 732 2287 rigens
750 2228 980 2272 adamante
1001 2227 1173 2281 fremat,
1200 2242 1440 2271 memorare
1454 2224 1611 2271 valebo

397 2302 505 2352 Quae
529 2299 686 2342 sociata
711 2299 826 2356 prius
848 2307 1045 2341 veterum
1069 2306 1226 2340 natura
1247 2296 1445 2341 locorum

398 2369 588 2423 Distulit,
614 2378 656 2413 et
679 2370 802 2413 tereti
825 2367 991 2412 limavit
1008 2367 1151 2425 glarea
1170 2366 1354 2411 mundo.

400 2441 482 2484 Sed
498 2456 575 2484 nos
601 2450 824 2498 praetereo,
851 2438 971 2499 quod
994 2439 1048 2483 ab
1067 2454 1153 2482 una
1175 2438 1447 2497 exsurgimus
1470 2437 1596 2490 urbe,

396 2512 524 2564 Quod
547 2512 701 2555 domus
724 2527 810 2556 una
827 2510 943 2565 tulit,
968 2510 1087 2570 quod
1107 2510 1318 2567 sanguine
1340 2509 1561 2567 tangimur
1579 2523 1669 2553 uno

399 2580 653 2634 Saeclorum,
677 2580 921 2626 Christiana
943 2580 1370 2634 fidesconnexuit,et
1404 2577 1524 2638 quod
