1790 3187
314 194 397 235 448
754 208 786 233 s.
824 205 1053 232 AUGUSTHU
1087 205 1264 232 zmscom

372 274 579 316 VLTunc
597 269 779 330 protulit
796 271 1016 330 quoddam
1034 271 1256 325 volumen,
1274 270 1348 314 ubi
1362 269 1533 314 volebat
1553 278 1695 314 osten-

313 341 416 386 dere
450 341 697 387 Sardicense
728 340 960 385 concilium
984 342 1038 385 ad
1057 341 1280 400 episcopos
1303 338 1449 394 Afros,
1475 339 1550 399 qui
1572 348 1695 383 erant

312 412 633 457 communionis
666 412 839 466 Donati,
860 410 1027 456 dedisse
1049 411 1227 456 litteras.
1255 409 1383 464 Quod
1405 426 1503 455 cum
1529 410 1695 469 legere-

313 492 411 539 tur,
447 482 691 527 audivimus
727 482 882 526 Donati
918 497 1077 526 nomen
1100 483 1213 526 inter
1244 492 1421 527 caeteros
1453 482 1692 541 episcopos,

313 554 474 615 quibus
496 553 558 597 illi
579 553 850 612 scripserant.
883 556 1036 613 ltaque
1054 552 1246 610 flagitare
1267 553 1479 612 coepimus
1509 561 1559 596 ut
1579 551 1697 596 dice-

314 634 450 680 retur,
463 634 611 669 utrum
635 625 724 684 ipse
741 633 850 668 esset
866 627 1075 679 Donatus,
1095 624 1151 668 de
1169 625 1291 683 cujus
1310 633 1429 682 parte
1450 624 1519 668 isti
1535 638 1698 682 cogno-

315 698 562 742 minantur:
589 697 680 741 fieri
707 697 821 740 enim
849 697 1055 755 potuisse,
1089 704 1140 739 ut
1171 695 1299 741 alicui
1324 698 1491 740 Donato
1523 694 1698 739 alterius

315 767 487 811 haeresis
510 767 712 826 episcopo
733 767 997 826 scripserint,
1023 782 1121 810 cum
1141 766 1323 810 maxime
1344 766 1387 809 in
1409 765 1492 809 illis
1508 765 1699 809 nomini-

316 837 397 881 bus
420 853 500 881 nec
524 836 681 881 Africae
704 838 866 880 mentio
885 836 993 880 facta
1019 835 1163 880 fuerit.
1184 836 1415 889 Quomodo
1434 851 1537 895 ergo
1560 843 1702 894 posset

317 909 501 966 probare
532 910 749 951 Donatum
781 908 912 966 partis
946 907 1102 951 Donati
1134 907 1383 966 episcopum
1424 907 1598 951 nomine
1625 905 1702 950 illo

317 977 616 1038 accipiendum
640 993 746 1031 esse,
771 977 949 1037 quando
971 993 1025 1022 ne
1049 977 1093 1021 id
1115 977 1290 1036 quidem
1324 977 1508 1036 probare
1535 984 1700 1035 posset,

319 1058 467 1092 utrum
495 1049 550 1092 ad
581 1047 885 1092 Africanarum
908 1048 1150 1107 specialiter
1171 1047 1448 1093 ecclesiarum
1483 1048 1705 1106 episcopos

319 1118 406 1162 illae
424 1118 578 1162 litterae
597 1118 733 1161 missae
756 1117 933 1162 fuerint.
951 1121 1212 1178 Quanquam
1231 1119 1344 1162 enirn
1366 1119 1523 1162 Donati
1546 1133 1705 1162 nomen

326 1188 478 1234 Afrum
513 1203 602 1232 esse
625 1187 776 1241 soleat,
805 1203 893 1232 non
916 1197 1061 1231 tamen
1088 1197 1346 1248 repugnaret
1367 1204 1390 1232 a
1412 1203 1532 1241 vero,
1567 1197 1616 1231 ut
1637 1187 1708 1231 vel

319 1259 508 1317 partium
526 1258 700 1302 illarum
719 1257 872 1318 aliquis
894 1268 1122 1303 vocaretur
1143 1259 1319 1303 nomine
1338 1257 1445 1303 Afro
1467 1257 1534 1302 vel
1553 1257 1708 1317 aliquis

320 1330 425 1375 Afer
462 1329 508 1373 in
538 1329 622 1374 illis
657 1329 851 1389 partibus
889 1331 1229 1375 constitueretur
1271 1330 1513 1390 episcopus.
1558 1332 1709 1389 Neque

320 1400 436 1445 enim
464 1400 510 1444 in
539 1401 597 1444 eis
624 1399 693 1445 vel
716 1400 831 1444 diem
865 1400 935 1445 vel
968 1400 1188 1445 consulem
1223 1401 1468 1445 invenimus
1486 1410 1534 1444 ut
1556 1399 1709 1444 saltem

321 1470 601 1515 consideratis
635 1472 905 1530 temporibus
927 1472 1033 1515 certi
1055 1471 1218 1531 aliquid
1238 1471 1443 1517 eluceret.
1475 1474 1584 1516 Sane
1599 1485 1712 1530 quo-

324 1541 435 1585 niam
456 1541 601 1585 nescio
622 1541 802 1601 quando
826 1542 1100 1587 audieramus
1124 1543 1319 1598 Arianos,
1344 1558 1442 1588 cum
1468 1559 1488 1586 a
1510 1557 1712 1587 commu-

323 1611 455 1655 nione
485 1611 698 1656 catholiea
733 1612 1060 1671 discrepassent,
1102 1614 1343 1657 Donatistas
1378 1614 1422 1657 in
1456 1611 1600 1657 Africa
1632 1611 1712 1655 sibi

325 1682 486 1726 sociare
507 1691 693 1726 tentasse
716 1701 724 1726 :
751 1682 807 1726 ad
830 1697 977 1726 aurem
998 1683 1102 1727 mihi
1123 1684 1204 1727 hoc
1223 1684 1364 1742 ipsum
1382 1683 1513 1727 frater
1531 1682 1714 1742 Alypius

324 1752 547 1810 suggessit.
577 1755 700 1796 Tunc
734 1761 911 1811 accepto
941 1752 1034 1811 ipso
1056 1752 1294 1807 volumine,
1320 1752 1513 1813 ejusdem
1542 1751 1712 1797 concilii

325 1831 485 1866 statuta
508 1821 800 1876 considerans,
825 1821 908 1879 legi
934 1823 1220 1867 Athanasium
1253 1824 1502 1883 episcopum
1529 1823 1714 1867 Alexan-

328 1891 504 1936 drinum
527 1891 808 1947 catholicum,
825 1895 949 1953 cujus
973 1895 1159 1937 maxime
1183 1893 1386 1939 adversus
1402 1894 1581 1939 Arianos
1598 1908 1717 1938 acer-

329 1963 536 2007 rimarum
578 1963 922 2023 disputationum
959 1965 1188 2009 conflictus
1228 1958 1438 2019 eminuit,
1476 1975 1517 2009 et
1550 1964 1717 2009 Julium

329 2033 523 2078 ecclesiae
559 2037 767 2077 Romanae
804 2035 1071 2094 episcopum,
1117 2036 1397 2080 nihilominus
1432 2035 1714 2090 catholicum,

330 2105 407 2149 illo
423 2104 610 2149 concilio
630 2104 870 2150 Sardicensi
893 2104 1024 2149 fuisse
1046 2106 1326 2164 improbatos.
1355 2106 1480 2151 Unde
1503 2106 1620 2166 apud
1641 2121 1719 2151 nos

332 2176 526 2222 constitit
548 2177 806 2221 Arianorum
833 2176 961 2221 fuisse
982 2177 1233 2232 concilium,
1260 2178 1419 2236 quibus
1441 2177 1510 2222 isti
1531 2177 1719 2237 episcopi

334 2248 537 2293 catholici
570 2247 944 2291 vehementissime
977 2248 1244 2292 resistebant.
1271 2251 1424 2307 Itaque
1456 2247 1511 2291 ad
1533 2247 1718 2305 diligen-

334 2319 489 2361 tiorem
532 2318 661 2361 etiam
700 2326 946 2375 temporum
978 2317 1286 2361 discussionem
1325 2317 1541 2362 voluimus
1578 2318 1719 2375 ipsum

334 2388 540 2432 volumen
578 2388 771 2446 accipere
809 2397 939 2446 atque
972 2387 1141 2431 anst-m:
1179 2389 1421 2432 uobiscum.
1456 2389 1539 2440 Qui
1582 2387 1722 2431 noluit

337 2459 457 2513 dare,
483 2458 646 2514 dicens,
672 2459 731 2502 ibi
759 2473 837 2502 nos
865 2459 1025 2501 habere
1046 2458 1172 2513 illud,
1206 2458 1383 2518 quando
1403 2457 1568 2517 aliquid
1596 2458 1641 2501 in
1670 2472 1720 2501 co

387 2551 396 2565 ¹
418 2544 495 2576 Vide
514 2544 569 2575 lib.
588 2556 622 2576 ιιι
638 2548 749 2576 contra
768 2546 918 2576 Crescon.
937 2554 1010 2585 cap.
1037 2542 1087 2585 34.
