1790 3187
20 0 30 244 i

633 247 828 275 εΡιεΤοιΑ
863 249 938 276 xx.
1402 239 1484 277 297

100 375 299 392 twfflvum
303 375 728 392 ΜΜΜΜΜΜΜΜΜ
732 376 872 392 MMWV!
877 376 1480 394 mmwmmmmmss

548 486 867 535 EPISTOLA
908 490 944 534 X
959 490 993 535 Κ
1010 482 1045 538 ¹.

492 622 783 656 AUGUSTINUS
820 623 1079 657 ANTONINO.

94 741 339 786 Antonino
366 756 459 800 pro
489 742 846 786 existimatione
885 739 1011 786 bona
1042 756 1103 785 ac
1124 739 1380 786 dilectione
1393 738 1488 786 sibi

149 810 369 870 impensa
402 811 595 874 gratias
626 811 777 871 refert
809 811 1134 873 Augustinus,
1174 820 1405 871 optatque
1432 819 1483 856 ut

133 881 342 944 familia
378 883 550 943 ipsius,
583 892 686 928 tota
714 882 1012 928 catholicam
1033 881 1311 943 religionem
1336 883 1480 943 profi-

149 962 322 998 teatur.

146 1080 180 1122 Ι.
200 1079 303 1123 CUM
318 1094 339 1122 a
364 1078 538 1123 duobus
557 1078 634 1123 tibi
653 1078 811 1138 scripta
830 1077 1111 1133 deberentur,
1138 1077 1480 1122 cumulatissime

87 1150 220 1209 magis
252 1165 348 1208 pars
372 1149 539 1194 reddita
573 1160 653 1203 est,
678 1150 797 1210 quod
832 1165 970 1193 unum
995 1158 1192 1193 nostrum
1218 1160 1478 1209 proesentem

85 1219 218 1273 vides,
245 1222 370 1281 cujus
393 1236 443 1263 ex
468 1236 542 1264 ore
564 1236 663 1264 cum
691 1236 760 1263 me
777 1236 955 1281 quoque
978 1220 1151 1280 accipis,
1170 1230 1363 1280 poteram
1388 1235 1478 1265 non

85 1290 319 1334 rescribere
336 1326 347 1344 ,
380 1292 458 1334 nisi
487 1291 579 1350 ipso
598 1292 783 1351 jubente
813 1291 1007 1335 fecissem
1027 1326 1038 1345 ,
1062 1306 1151 1351 quo
1177 1291 1478 1350 proficiscente

83 1375 448 1419 supervacaneum
491 1360 723 1406 videbatur
765 1377 855 1405 esse
895 1362 1015 1422 qnod
1056 1361 1157 1406 leci.
1199 1364 1477 1420 Quapropter

82 1429 264 1476 fertilius
285 1443 426 1476 tecum
445 1432 625 1476 fortasse
640 1432 883 1492 colloquor,
897 1447 1029 1492 quam
1045 1433 1078 1476 si
1093 1447 1239 1476 eoram
1260 1433 1472 1486 adessem,

82 1516 179 1546 cum
202 1511 245 1546 et
274 1501 500 1561 epistolam
525 1518 664 1546 meam
687 1502 818 1560 legis,
845 1512 1005 1546 etcum
1028 1502 1152 1546 audis
1172 1502 1214 1546 in
1235 1502 1359 1562 cujus
1381 1517 1475 1561 pec-

81 1580 172 1616 tore
191 1588 257 1616 me
281 1574 472 1617 habitare
491 1574 655 1632 optime
678 1574 928 1618 nosti.Cum
948 1588 1107 1633 magno
1125 1571 1286 1632 gaudio
1309 1572 1474 1617 litteras

80 1645 313 1688 sanctitatis
344 1655 432 1688 tuae
458 1643 726 1689 consideravi
745 1653 878 1704 atque
899 1644 1083 1703 digessi,
1105 1642 1227 1704 quod
1256 1653 1299 1687 et
1321 1643 1472 1689 Chris-

81 1713 246 1758 tianum
268 1716 463 1759 animum
489 1726 615 1760 tuum
638 1717 730 1760 sine
753 1715 845 1759 ullo
866 1714 971 1760 fuco
1000 1715 1140 1774 iniqui
1165 1716 1369 1774 temporis
1387 1749 1398 1769 ‚
1430 1725 1473 1759 et

79 1784 122 1828 in
147 1801 224 1829 nos
241 1787 542 1830 amicissimum
565 1802 640 1846 per
661 1802 705 1830 se
728 1796 899 1844 gerunt.

138 1858 197 1900 ΙΙ.
224 1857 429 1901 Gratulor
451 1857 545 1911 tibi,
572 1867 615 1901 et
639 1858 796 1916 gratias
828 1872 907 1915 ago
930 1859 1020 1901 Deo
1042 1865 1085 1901 et
1107 1856 1294 1901 Domino
1322 1866 1472 1902 nostro

12 1933 15 1992 ξ
79 1926 132 1971 de
152 1943 227 1986 spe
249 1937 291 1972 et
314 1927 399 1972 fide
422 1938 464 1972 et
488 1929 698 1972 charitate
722 1939 820 1982 tua,
846 1929 1014 1988 tibique
1045 1928 1162 1987 apud
1199 1943 1298 1972 eum
1314 1963 1324 1982 ,
1351 1928 1471 1988 quod

79 1996 131 2042 de
149 1999 273 2042 nobis
293 2008 377 2042 tam
399 1999 507 2043 bene
525 1999 739 2043 existimas
759 2008 805 2043 ut
824 1997 972 2043 fideles
996 1999 1072 2043 Dei
1096 2014 1241 2043 servos
1263 2015 1353 2043 esse
1373 2015 1471 2044 cre-

79 2067 167 2123 das,
187 2069 322 2129 idque
341 2070 483 2129 ipsum
502 2071 546 2113 in
566 2070 690 2114 nobis
709 2069 841 2115 corde
863 2071 1090 2129 purissimo
1116 2070 1270 2129 diligas
1292 2089 1300 2115 :
1327 2086 1471 2130 quan·

77 2153 205 2198 quam
237 2140 336 2184 hinc
356 2141 485 2184 etiam
512 2140 820 2199 gratulandum
848 2141 1163 2185 benevolentiae
1197 2151 1284 2185 tuae
1306 2142 1467 2200 potius,

77 2224 203 2268 quam
228 2211 377 2269 gratiae
405 2210 486 2254 tibi
516 2211 695 2269 agendae
717 2211 818 2255 sint.
847 2211 942 2254 Tibi
978 2213 1093 2255 enim
1129 2211 1302 2268 prodest
1334 2212 1468 2270 ipsam

78 2278 252 2337 diligere
275 2281 512 2325 bonitatem
527 2317 538 2334 ,
558 2297 690 2341 quam
720 2282 918 2339 profecto
943 2280 1084 2339 diligit
1107 2283 1184 2341 qui
1208 2297 1307 2325 eum
1328 2281 1469 2341 diligit

77 2364 205 2408 quem
223 2350 360 2394 credit
386 2352 549 2394 bonum
568 2386 579 2405 ,
604 2351 780 2395 siveille
802 2367 845 2396 se
868 2352 944 2408 ita,
968 2352 1058 2395 sive
1080 2352 1204 2396 aliter
1219 2368 1350 2411 quam
1374 2368 1468 2396 cre-

79 2418 193 2463 ditur
228 2422 399 2465 habeat.
430 2424 547 2465 Unus
565 2432 735 2466 tantum
768 2423 810 2465 in
831 2423 910 2466 hac
933 2438 978 2466 rc
1000 2422 1220 2466 cavendus
1243 2433 1306 2467 est
1329 2439 1463 2478 error,

80 2505 130 2532 ne
150 2492 378 2550 quisquam
409 2508 495 2536 uon
524 2492 578 2535 de
601 2493 793 2546 homine,
825 2494 897 2536 sed
921 2492 975 2536 de
1004 2494 1096 2551 ipso
1133 2494 1319 2537 hominis
1350 2494 1464 2538 bono

125 2591 131 2606 ¹
155 2583 234 2616 Alias
245 2597 335 2617 cxxxi
365 2598 433 2629 quze
447 2592 554 2619 autem
569 2599 609 2620 xx
625 2594 706 2626 erat,
718 2600 800 2621 nunc
818 2590 1137 2631 ccxxxiii-Scripta
1150 2590 1240 2622 circa
1253 2600 1368 2621 annum
1389 2589 1459 2632 390.
