1790 3187
330 200 416 241 356
773 215 805 239 s.
841 210 1070 239 Auensnm
1103 212 1280 240 zrlscom

331 277 507 321 nomine
539 276 709 320 Domini
732 285 1017 330 revertentur,
1040 291 1169 334 opere
1187 275 1405 320 charitatis
1433 274 1642 334 impleto3
1667 277 1712 319 in

328 364 416 406 quo
441 356 526 391 tuoe
549 346 769 391 charitatis
803 346 963 390 affectu
985 347 1227 405 specialiter
1258 354 1464 400 utantur,
1491 361 1705 404 rogamus.
1769 386 1771 408 ἶ

329 418 448 463 Nosti
471 417 586 460 enim
605 431 735 474 quam
754 415 865 459 celsa
887 416 1113 474 promittat
1126 415 1369 460 Altissimus
1392 414 1513 459 frairi
1537 414 1712 459 fratrem
1768 451 1770 468 ἲ

329 487 569 547 adjuvanti.
596 490 676 530 Per
698 486 792 540 hos,
817 486 849 529 si
879 501 967 546 quo
989 502 1058 529 me
1087 487 1252 545 gratiae,
1276 501 1375 545 quae
1408 486 1486 529 tibi
1506 485 1604 529 data
1631 494 1709 540 est,
1768 510 1769 515 =

329 558 446 602 dono
470 557 735 601 remunerari
755 555 888 611 voles,
910 566 1004 601 tuto
1024 557 1164 600 facies.
1193 559 1303 601 Sunt
1323 557 1455 611 enim,
1473 555 1600 601 velim
1616 572 1712 600 cre·
1768 567 1769 611 ᾖ

328 629 421 683 das,
440 644 577 672 unum
600 644 675 672 cor
686 637 728 671 et
745 643 831 671 una
854 628 898 670 in
923 629 1106 672 Domino
1126 629 1266 671 anima
1288 629 1532 672 nobiscum.
1568 628 1712 671 Gratia

327 699 404 744 Dei
428 709 590 754 tecum,
616 708 666 742 ut
687 708 766 753 est,
793 700 837 742 in
868 709 1078 742 aeternum
1102 707 1292 753 maneat,
1315 697 1446 742 frater
1467 699 1512 742 in
1540 699 1713 742 Christo
1766 701 1768 706 '

328 770 514 813 Domino
552 770 773 823 unanime,
810 767 1084 824 venerabilis,
1116 767 1408 822 dilectissime,
1431 778 1475 811 et
1501 767 1714 812 desidera·
1766 779 1767 791 ³

327 839 439 883 bilis.
461 841 623 884 Omnes
640 841 685 883 in
706 840 880 884 Christo
902 851 1086 894 sanctos,
1113 839 1261 899 quales
1284 840 1364 883 tibi
1386 840 1603 883 cohaerere
1624 854 1713 884 non

329 909 517 954 dubium
553 920 644 966 est,
682 928 704 954 a
739 911 862 955 nobis
895 909 1047 955 saluta.
1094 909 1363 955 Commenda
1397 926 1476 955 nos
1511 910 1713 955 omnibus
1764 931 1767 951 s

329 981 487 1025 sanetis
501 1016 511 1036 ,
537 990 587 1025 ut
607 990 750 1026 tecum
775 997 853 1042 pro
874 982 997 1026 nobis
1016 997 1138 1026 orare
1155 980 1404 1039 dignentur.
1426 999 1446 1022 »
