1790 3187
329 246 380 281 8ss
765 256 795 279 s.
835 252 856 279 Α
867 255 1061 280 tonsum
1095 254 1275 282 El’lsCOPl

330 339 348 361 »
377 319 545 362 deditos
558 319 691 362 cai-ni.
716 317 798 361 Sed
814 320 923 361 Deus
940 318 1098 362 Filium
1118 333 1246 362 suum
1266 318 1380 362 misit
1396 318 1440 361 in
1464 316 1707 362 similitudi-

329 409 348 431 »
377 405 475 432 ncm
496 389 632 432 carnis
654 387 831 446 peccati.
860 405 880 428 »
905 390 1002 431 Non
1025 388 1139 431 enim
1166 403 1265 432 caro
1285 388 1449 447 peccati
1470 396 1581 442 erat,
1607 403 1707 447 quae
1749 393 1752 397 ’

327 474 416 503 non
427 460 481 502 de
493 457 652 502 carnali
662 456 950 501 delectatione
963 467 1062 501 nata
1080 467 1170 501 erat
1189 477 1197 501 ε
1215 458 1287 501 sed
1303 457 1597 502 tameninerat
1608 458 1646 501 ei
1659 458 1708 502 si-

324 529 527 574 militudo
541 528 679 572 carnis
696 527 874 585 peccati,
890 529 990 586 quia
1000 528 1191 572 mortalis
1204 543 1303 572 caro
1316 536 1420 570 erat.
1438 529 1623 571 Mortem
1635 543 1709 571 au-

322 609 410 644 tem
421 615 509 642 non
519 600 674 642 meruit
684 597 818 641 Adam
831 597 911 642 nisi
921 598 1154 656 peccando.
1169 597 1251 643 Sed
1260 598 1364 655 quid
1373 596 1474 641 fecit
1484 598 1709 642 Dominus?

331 689 351 711 «
378 674 439 713 De
462 677 639 727 peccato
657 668 878 713 damnavit
898 679 1122 726 peccatum
1146 668 1192 712 in
1213 683 1341 712 carne
1362 686 1372 712 ε
1395 685 1416 709 »
1440 668 1486 711 id
1506 676 1570 711 est
1586 701 1598 721 ‚
1622 682 1710 712 sus·
1735 707 1737 709 .

327 738 530 797 cipiendo
547 752 720 781 carnem
738 738 924 781 hominis
941 739 1176 796 peccatoris
1193 772 1204 791 ‚
1225 746 1268 781 et
1281 736 1479 781 docendo
1496 736 1710 796 quemad-

328 808 508 853 modum
536 808 776 852 viveremus
793 843 805 861 ,
832 817 1055 867 peccatum
1076 809 1121 852 in
1139 810 1229 868 ipsa
1248 823 1376 853 carne
1398 807 1644 863 damnavit,
1663 817 1712 853 ut

329 888 594 922 aeternorum
618 878 827 921 charitate
843 879 1017 937 spiritus
1039 879 1224 937 flagrans
1246 893 1335 922 non
1355 877 1589 921 duceretur
1610 893 1712 937 cap-

328 950 441 993 tivus
480 950 523 991 in
559 948 885 992 consensionem
922 946 1129 992 libidinis.
1172 967 1192 990 «ι
1230 950 1287 992 Ut
1309 947 1493 1007 justitia,
1537 947 1710 1006 inquit,

330 1036 350 1058 »
375 1017 484 1075 legis
516 1016 769 1074 impleretur
797 1018 842 1059 in
867 1017 1020 1072 nobis,
1048 1018 1125 1077 qui
1151 1032 1241 1061 non
1271 1016 1512 1060 seeundum
1540 1031 1714 1060 carnem

332 1107 351 1130 »
378 1087 674 1141 ambulamus,
696 1086 770 1130 sed
787 1088 1027 1131 secundum
1046 1089 1260 1146 spiritum.
1283 1105 1302 1128 »
1328 1089 1482 1145 Itaque
1498 1095 1714 1145 praecepta

328 1157 433 1213 legis
454 1172 529 1214 per
551 1156 806 1200 charitatem
830 1157 1005 1214 impleta
1030 1166 1153 1212 sunt,
1178 1172 1277 1216 quae
1300 1172 1376 1215 per
1397 1156 1597 1200 timorem
1625 1171 1715 1200 non

331 1235 546 1286 poterant.
573 1245 591 1267 «
615 1228 698 1278 Qui
715 1228 828 1270 enim
851 1229 1091 1271 secundum
1115 1243 1288 1271 carnem
1308 1235 1435 1280 sunt,
1460 1243 1559 1286 quae
1576 1229 1715 1272 carnis

333 1315 352 1337 »
378 1307 480 1340 sunt
507 1298 681 1356 sapiunt
708 1316 715 1341 :
748 1318 765 1337 »
795 1296 839 1340 id
862 1307 946 1351 est,
974 1298 1160 1341 carnalia
1185 1299 1300 1341 bona
1327 1313 1407 1356 pro
1429 1298 1607 1342 summis
1633 1299 1716 1342 bo-

331 1368 396 1410 nis
419 1367 749 1424 concupiscunt.
781 1385 800 1408 «
826 1369 910 1420 Qui
932 1377 1078 1411 autem
1106 1367 1345 1412 secundum
1372 1367 1592 1425 spiritum,
1617 1383 1716 1426 quae

333 1456 352 1478 »
378 1446 479 1481 sunt
500 1438 673 1496 spiritus
695 1438 903 1487 sentiunt.
927 1439 1163 1482 Prudentia
1184 1438 1298 1481 enim
1320 1438 1460 1481 carnis
1483 1453 1596 1481 mors
1613 1447 1678 1481 est
1703 1457 1712 1483 :

334 1525 354 1548 »
380 1507 611 1566 prudentia
645 1516 788 1550 autem
824 1508 997 1566 spiritus
1030 1509 1116 1553 vita
1147 1517 1188 1551 et
1219 1524 1312 1566 pax,
1345 1508 1454 1560 Quia
1485 1506 1716 1566 prudentia

333 1597 353 1620 »
380 1580 519 1622 carnis
541 1580 716 1623 inimica
738 1589 801 1623 est
828 1579 873 1623 in
900 1583 1051 1623 Deum.
1082 1598 1101 1621 »
1136 1583 1230 1638 Ipse
1252 1579 1441 1639 ostendit
1463 1578 1569 1638 quid
1597 1578 1717 1622 dixe-

329 1651 409 1704 rit,
440 1668 460 1691 «
485 1649 657 1694 inimica
686 1669 694 1694 :
727 1672 742 1691 ι)
769 1665 824 1693 ne
846 1652 942 1709 quis
967 1661 1138 1710 putaret
1160 1667 1209 1694 ex
1225 1650 1404 1694 adverso
1422 1649 1540 1693 aliud
1570 1650 1715 1693 venire

330 1723 607 1782 principium.
644 1723 879 1781 Subjungit
908 1724 1045 1777 enim,
1077 1733 1120 1767 et
1152 1723 1257 1767 dicit
1282 1742 1290 1767 :
1327 1741 1347 1764 «
1374 1721 1478 1780 Legi
1500 1721 1615 1764 enim
1640 1721 1715 1764 Dei

331 1811 352 1835 »
378 1809 466 1837 non
488 1803 550 1837 est
574 1793 766 1853 subjecta
782 1828 793 1847 ,
818 1809 898 1837 nec
916 1794 1028 1836 enim
1050 1802 1204 1852 potest.
1231 1811 1250 1833 »
1277 1796 1390 1850 Ergo
1411 1792 1551 1836 facere
1565 1800 1715 1835 contra

328 1864 490 1922 legem,
524 1866 606 1908 hoc
632 1874 695 1907 cst
727 1864 953 1908 inimicum
985 1880 1074 1908 esse
1100 1865 1143 1907 in
1176 1866 1313 1907 Deum
1342 1882 1350 1907 ε
1382 1878 1471 1906 non
1501 1862 1603 1921 quia
1629 1864 1715 1906 Deo

332 1935 498 1993 aliquid
519 1950 674 1978 nocere
692 1944 834 1993 potest
849 1970 859 1988 ‚
887 1935 961 1978 sed
984 1936 1064 1978 sibi
1088 1942 1214 1978 nocet
1235 1934 1430 1993 quisquis
1452 1933 1607 1976 resistit
1636 1947 1713 1977 vo-

332 2007 489 2049 luntati
515 2006 589 2049 Dei
617 2025 625 2049 :
651 2007 735 2048 hoc
760 2015 822 2048 est
845 2006 960 2048 enim
984 2005 1186 2048 adversus
1215 2001 1440 2047 stimulum
1462 2002 1600 2046 calces
1622 2004 1715 2046 mit·
1758 2021 1761 2043 i

332 2085 443 2128 tere,
470 2085 519 2119 ut
543 2075 677 2119 Paulo
701 2074 917 2133 apostolo,
939 2089 1038 2118 cum
1058 2073 1201 2117 adhuc
1225 2073 1458 2117 Ecclesiam
1480 2087 1714 2132 perseque-

333 2147 483 2189 retur¹
510 2179 521 2199 ‚
558 2146 764 2188 divinitus
797 2144 963 2188 dictum
1004 2153 1082 2188 est.
1122 2144 1189 2188 Sic
1229 2152 1293 2187 est
1335 2152 1480 2187 autem
1512 2142 1679 2187 dictum
1700 2177 1712 2198 ‚

335 2235 355 2257 «
382 2218 485 2274 Legi
515 2217 631 2258 enim
666 2216 739 2259 Dei
771 2231 860 2259 non
886 2224 950 2259 est
977 2216 1194 2274 subjecta,
1230 2230 1310 2258 nec
1343 2215 1459 2258 enim
1486 2223 1629 2273 potest
1655 2233 1664 2259 ι
1690 2231 1711 2256 >i
1756 2250 1758 2258 ,

332 2295 540 2345 >tanquam
563 2286 596 2329 si
614 2285 831 2347 diceretur
846 2320 857 2341 ,
879 2287 957 2330 Nix
975 2301 1061 2329 non
1079 2284 1296 2339 calefacit,
1319 2300 1398 2329 nec
1415 2285 1531 2327 enim
1555 2292 1710 2343 potest.

332 2357 539 2409 Quamdiu
564 2357 678 2400 enim
699 2358 770 2400 nix
793 2366 884 2412 est,
910 2372 999 2401 non
1027 2356 1224 2401 calefacit
1256 2375 1265 2400 :
1301 2354 1375 2399 sed
1398 2355 1551 2399 resolvi
1574 2363 1715 2414 potest

330 2437 374 2471 et
396 2426 562 2471 fervere
579 2462 589 2480 ,
616 2437 665 2471 ut
681 2426 931 2473 calefaciat:
955 2428 1030 2472 sed
1046 2443 1146 2472 cum
1166 2429 1246 2472 hoc
1271 2427 1394 2481 facit,
1415 2427 1504 2486 jam
1530 2426 1602 2470 nix
1623 2441 1712 2470 non

329 2506 407 2542 est.
431 2498 499 2542 Sic
515 2506 558 2541 et
575 2499 804 2557 prudentia
823 2498 961 2543 carnis
977 2498 1152 2552 dicitur,
1172 2513 1273 2543 cum
1292 2498 1435 2542 anima
1451 2512 1530 2556 pro
1545 2496 1712 2554 magnis

383 2590 388 2603 ¹
411 2586 481 2614 Act.
503 2593 546 2622 ix,
565 2583 594 2613 5.
