1790 3187
353 220 434 259 338
785 230 818 258 s.
855 229 1085 258 Aucvsnm
1120 232 1298 259 znscom

349 297 446 356 quis
463 297 618 354 negat?
640 296 722 340 Sed
745 311 891 340 rursus
913 295 1066 340 melius
1088 305 1171 352 est,
1197 297 1264 341 vel
1287 295 1342 340 de
1362 311 1494 356 parvo
1516 296 1593 341 Dei
1612 298 1729 343 dono

349 367 504 425 gratias
524 367 605 426 ipsi
627 381 753 424 agere
769 401 780 421 ‚
804 382 935 426 quam
954 367 1037 410 sibi
1059 368 1127 426 agi
1148 367 1259 411 velle
1280 366 1334 410 de
1352 382 1526 426 magno.
1554 370 1657 412 Haec
1679 376 1730 412 ut

347 452 398 481 ex
426 437 571 480 animo
593 451 762 495 semper
795 438 1028 490 confitear,
1054 452 1289 496 meumque
1311 453 1386 481 cor
1407 454 1430 481 a
1461 437 1608 496 lingua
1635 453 1729 482 mea

348 523 437 552 non
455 508 665 562 dissonet,
684 523 755 551 ora
770 523 849 566 pro
868 523 950 563 me,
972 507 1117 552 frater.
1139 510 1224 552 Ora
1239 508 1418 552 obsecro
1436 542 1446 562 ‚
1468 517 1518 552 ut
1535 524 1621 552 non
1639 508 1728 553 lau·
1788 545 1790 570 1

345 577 438 621 dari
470 577 617 622 volens
635 612 646 631 ‚
681 576 756 621 sed
781 577 962 623 laudans
990 578 1189 623 invocem
1212 578 1443 622 Dominum
1462 613 1473 633 ‚
1498 586 1542 622 et
1563 578 1618 622 ab
1640 579 1726 622 ini-

345 648 464 692 micis
482 649 585 691 meis
606 647 746 692 salvus
767 663 855 692 ero.

402 719 455 761 V.
492 721 568 762 Est
589 719 716 762 etiam
737 717 855 762 aliud
871 752 881 772 ‚
899 733 987 779 quo
1003 719 1130 762 istum
1149 717 1326 762 fratrem
1343 718 1528 778 amplius
1542 718 1694 778 diligas
1715 737 1724 764 :
1779 707 1789 715 ’

342 803 442 832 nam
460 798 522 833 est
545 798 753 847 cognatus
775 789 1054 843 venerabilis,
1077 798 1120 832 et
1142 803 1240 832 vere
1263 789 1377 833 beati
1400 789 1588 848 episcopi
1618 789 1727 847 Aly-

343 860 429 918 pii,
455 876 585 919 quem
606 871 697 905 toto
715 870 888 920 pectore
911 859 1204 920 amplecteris,
1228 869 1271 904 et
1294 861 1447 904 merito
1469 880 1477 905 ε
1499 876 1597 904 nam
1617 861 1728 920 quis-
1783 884 1790 923 j

341 931 436 989 quis
459 931 514 974 dc
540 931 614 975 illo
648 932 739 974 viro
764 932 949 988 benigne
981 932 1164 989 cogitat,
1191 930 1245 974 de
1269 946 1422 989 magna
1453 930 1527 974 Dei
1559 931 1727 974 miseri·
1789 976 1790 989 1

340 1000 486 1044 cordia
506 1036 516 1055 ‚
542 1011 582 1044 et
608 1000 662 1045 de
683 1001 952 1045 mirabilibus
983 1001 1058 1044 Dei
1082 1001 1333 1044 muneribus
1363 1001 1537 1059 cogitat.
1573 1003 1727 1060 Itaque

339 1086 439 1114 cum
476 1072 641 1128 legisset
670 1073 923 1130 petitionem
957 1082 1101 1126 tuam,
1133 1088 1218 1130 qua
1255 1071 1498 1115 desiderare
1533 1082 1575 1115 te
1608 1072 1725 1115 indi-
1784 1112 1790 1118 .

342 1142 471 1196 casti,
497 1152 544 1185 ut
571 1142 793 1185 historiam
823 1158 943 1186 suam
978 1143 1054 1186 tibi
1087 1132 1275 1197 scribat,
1308 1153 1350 1187 ct
1380 1144 1556 1187 volebat
1585 1143 1727 1187 facere

337 1222 514 1272 propter
531 1212 877 1257 benevolentiam
904 1222 1021 1257 tuam
1041 1249 1051 1267 ‚
1073 1223 1115 1258 et
1130 1214 1306 1257 nolebat
1326 1223 1502 1273 propter
1519 1229 1726 1258 verecun-
1766 1247 1790 1270 1

336 1283 450 1327 (liam
475 1299 595 1327 snam
618 1304 626 1328 :
647 1299 777 1344 quem
804 1299 903 1328 cum
922 1284 1114 1327 viderem
1140 1284 1253 1327 inter
1276 1299 1466 1328 amorem
1485 1285 1726 1343 pudorem·
1762 1304 1763 1307 ¹
1787 1278 1790 1330 ’ᾗ

337 1370 422 1414 que
445 1356 733 1398 fluctuantem
750 1390 760 1409 ‚
780 1371 890 1399 onus
908 1355 961 1398 ab
978 1354 1053 1398 illo
1071 1355 1114 1397 in
1131 1355 1333 1398 humeros
1354 1370 1472 1398 meos
1491 1355 1690 1399 transtuli
1713 1375 1722 1400 z

337 1441 439 1468 nam
472 1426 555 1469 hoc
585 1426 693 1468 mihi
716 1425 844 1468 etiam
870 1441 946 1484 per
977 1424 1201 1484 epistolam
1227 1426 1370 1485 jussit.
1397 1426 1496 1470 Cito
1531 1440 1659 1484 crgo,
1692 1426 1725 1469 si
1772 1463 1775 1466 ,

338 1497 547 1540 Dominus
574 1497 809 1555 adjuverit,
846 1506 985 1540 totum
1022 1496 1227 1555 Alypium
1259 1497 1441 1540 inseram
1475 1495 1726 1556 praecordiis
1771 1515 1774 1518 ’

337 1568 423 1612 tuis
450 1588 458 1613 :
484 1583 583 1612 nam
606 1569 690 1612 hoc
711 1583 806 1612 sum
829 1582 907 1625 ego
930 1568 1115 1611 maxime.
1135 1568 1295 1611 veritus
1312 1604 1321 1622 ‚
1347 1583 1400 1611 ne
1416 1567 1488 1611 ille
1506 1577 1727 1612 vereretur

339 1639 505 1697 aperire
527 1640 671 1682 omnia
690 1674 701 1693 ,
726 1655 825 1698 quae
849 1639 894 1682 in
915 1654 1015 1682 eum
1049 1638 1255 1681 Dominus
1278 1638 1483 1692 contulit,
1512 1654 1568 1682 ne
1595 1639 1726 1682 alicui

340 1710 483 1752 minus
507 1709 764 1767 intelligenti
787 1712 905 1767 (non
932 1709 1046 1751 enim
1070 1709 1144 1751 abs
1176 1718 1218 1751 te
1247 1709 1337 1752 solo
1358 1708 1428 1752 illa
1452 1709 1727 1766 legerentur)
1784 1729 1789 1744 i

340 1795 428 1823 non
452 1779 598 1823 divina
621 1794 798 1822 munera
819 1794 1016 1823 concessa
1044 1779 1294 1823 hominibus
1312 1814 1322 1831 ‚
1349 1778 1423 1822 scd
1448 1780 1585 1837 ipsum
1612 1795 1725 1837 prae·
1781 1798 1790 1838 ³:

342 1850 486 1894 dicare
504 1849 750 1903 videretur,
780 1858 823 1892 et
845 1858 915 1901 tu,
945 1849 1020 1908 qui
1055 1849 1167 1892 nosti
1202 1847 1424 1908 quomodo
1457 1849 1549 1893 haec
1575 1849 1692 1907 legas
1711 1884 1722 1903 ,

340 1929 517 1979 propter
541 1919 722 1963 aliorum
741 1918 976 1963 cavendam
1001 1920 1292 1962 infirmitatem
1308 1955 1318 1973 ‚
1339 1918 1540 1963 fraternae
1561 1920 1725 1963 notitiae
1788 1936 1790 1938 ·

343 1990 490 2034 debito
513 1989 773 2033 fraudareris
797 2009 804 2034 :
831 1989 951 2047 quod
969 1992 1055 2049 jam
1074 1988 1293 2043 fecissem,
1313 1991 1491 2048 jamque
1514 1989 1635 2033 illum
1659 1989 1725 2033 le·
1762 2018 1764 2022 ν

345 2077 464 2120 geres
481 2097 491 2115 ,
518 2061 595 2104 nisi
621 2059 832 2119 profectio
855 2060 995 2103 fratris
1022 2061 1251 2118 improvisa
1276 2070 1452 2118 repente
1478 2060 1721 2119 placuisset.

345 2135 482 2185 Quem
505 2133 562 2176 sie
580 2130 838 2176 commendo
860 2130 977 2174 cordi
1003 2139 1045 2174 et
1068 2131 1230 2189 linguae
1256 2140 1342 2174 tuae
1358 2166 1368 2184 ‚
1396 2141 1445 2175 ut
1467 2132 1525 2175 ita
1546 2132 1726 2176 comiter

344 2204 380 2245 ei
401 2213 442 2245 te
464 2203 656 2259 pra-beas
674 2237 684 2251 ,
706 2202 827 2261 quasi
846 2216 932 2244 non
956 2215 1073 2244 nunc
1090 2201 1210 2243 illum
1227 2237 1236 2254 ,
1259 2201 1333 2245 sed
1351 2217 1520 2245 mecum
1545 2212 1644 2245 ante
1658 2201 1726 2246 di-

344 2272 510 2316 diceris.
533 2274 570 2315 Si
589 2273 699 2314 en‘m
720 2270 837 2314 cordi
857 2280 931 2313 tuo
951 2286 1035 2313 non
1053 2270 1316 2314 dubitaverit
1331 2272 1494 2330 aperire
1507 2272 1721 2330 seipsum,

345 2354 419 2387 aut
440 2360 490 2387 ex
517 2345 632 2385 (unni
651 2378 660 2396 ‚
688 2353 761 2387 aut
784 2360 832 2385 ex
858 2358 1008 2400 magna
1033 2353 1153 2400 parte
1187 2343 1408 2386 sanabitur
1434 2359 1510 2402 per
1531 2343 1723 2401 linguam

345 2424 479 2458 tuam.
504 2414 614 2457 Volo
640 2414 753 2457 enim
774 2429 870 2457 eum
896 2413 1164 2456 numerosius
1193 2413 1404 2457 contundi
1426 2429 1576 2459 eorum
1605 2414 1725 2459 voci-

345 2487 446 2535 bus,
472 2485 543 2545 qui
571 2486 755 2528 amicum
780 2500 865 2528 non
885 2483 1146 2528 saeculariter
1164 2483 1367 2542 diligunt.

402 2557 480 2600 vl.
518 2555 676 2599 Filium
710 2565 852 2599 autem
887 2555 977 2614 ejus
1010 2555 1147 2598 silium
1173 2564 1395 2607 nostrum,
1435 2556 1559 2615 cujus
1592 2555 1720 2599 etiam

1756 2433 1760 2646 ι

1756 2973 1760 3187 ι
