1790 3187
276 206 359 245 522
711 216 744 241 s.
780 212 1012 241 AUGUS‘I'INI
1045 213 1227 242 misceri

274 281 317 324 in
339 279 399 323 eis
420 277 693 323 instituendis
724 277 921 322 homines
951 277 1086 322 secuti
1113 287 1238 333 sunt,
1265 277 1342 322 ubi
1369 277 1553 323 facultas
1581 280 1659 324 tri-

272 350 439 405 buitur,
460 350 551 394 sine
573 347 662 393 ulla
679 348 953 392 dubitatione
968 347 1198 393 resecanda
1219 348 1430 393 existimo.
1457 349 1661 402 Quamvis

272 422 387 467 enim
412 435 554 480 neque
586 420 670 464 hoc
707 419 892 464 inveniri
914 419 1062 478 possit,
1090 418 1312 480 quomodo
1341 428 1492 465 contra
1528 419 1661 465 fidem

272 492 358 537 sint
378 510 387 535 :
411 491 546 549 ipsam
571 499 717 534 tamen
740 489 1010 548 religionem,
1029 505 1161 549 quam
1178 489 1446 549 paucissimis
1466 499 1510 534 et
1527 491 1663 535 mani-

272 561 510 606 festissimis
548 559 894 605 celebrationum
930 560 1208 605 sacramentis
1249 560 1544 605 misericordia
1585 561 1663 605 Dei

273 648 362 676 esse
384 631 565 676 liberam
583 631 739 687 voluit,
764 631 990 676 servilibus
1008 631 1214 676 oneribus
1233 640 1456 690 premunt,
1479 640 1530 677 ut
1557 631 1664 676 tole-

272 702 451 748 rabilior
471 703 524 747 sit
543 701 736 746 conditio
755 704 779 747 J
785 701 1028 758 udaeorum,
1050 702 1126 762 qui
1150 702 1316 746 etiamsi
1335 711 1504 761 tempus
1525 702 1662 746 liber-

272 774 370 818 tatis
388 789 477 817 non
495 780 782 831 agnoverunt,
801 771 1012 830 legalibus
1034 781 1179 817 tamen
1200 773 1390 828 sarcinis,
1408 788 1497 817 non
1514 773 1665 817 huma-

271 845 337 890 nis
359 844 774 904 praesumptionibus
795 844 1103 904 subjiciuntur.
1132 843 1216 890 Sed
1239 844 1431 889 Ecclesia
1455 844 1532 889 Dei
1554 844 1667 889 inter

273 914 457 960 multam
479 914 648 974 paleam
679 914 906 974 multaque
928 915 1088 959 zizania
1106 915 1359 970 constituta,
1384 913 1523 958 multa
1551 913 1665 959 tole-

274 994 362 1041 rat,
397 995 440 1030 et
465 995 611 1030 tamen
639 1001 741 1045 quae
773 995 876 1030 sunt
910 995 1062 1030 contra
1083 987 1216 1031 fidem
1246 986 1318 1031 vel
1350 986 1512 1031 bonam
1533 986 1667 1031 vitam

274 1073 364 1102 non
386 1058 614 1116 approbat,
640 1073 720 1101 nec
743 1066 873 1112 tacet,
895 1073 976 1102 nec
998 1057 1115 1102 facit.

332 1131 538 1173 XXXVI.
576 1131 730 1188 Itaque
755 1127 863 1172 illud
891 1127 1012 1187 quod
1032 1128 1253 1186 scripsisti,
1278 1127 1492 1186 quosdam
1516 1127 1668 1172 fratres

276 1201 334 1244 ita
356 1209 596 1259 temperare
626 1215 670 1243 se
692 1216 714 1243 a
748 1200 952 1243 carnibus
982 1198 1176 1253 edendis,
1211 1208 1259 1242 ut
1280 1197 1527 1243 immundas
1550 1198 1669 1243 arbi-

279 1278 463 1324 trentur,
495 1270 759 1328 apertissime
793 1278 943 1313 contra
984 1268 1115 1313 fidem
1150 1284 1386 1328 sanamque
1424 1269 1667 1313 doctrinam

274 1350 355 1384 est.
386 1342 450 1383 Ex
475 1340 577 1384 hinc
595 1355 698 1398 ergo
715 1340 749 1384 si
771 1339 935 1384 diutius
964 1338 1186 1398 disputare
1207 1338 1402 1394 voluero,
1424 1347 1567 1398 potest
1587 1354 1671 1397 pu-

277 1411 357 1455 tari
379 1427 403 1455 a
423 1410 647 1456 nonnullis
671 1412 856 1455 obscure
879 1412 981 1455 hinc
999 1411 1258 1470 Apostolum
1278 1410 1534 1469 praecepisse
1552 1431 1563 1467 3
1594 1410 1671 1470 qui

277 1481 406 1525 etiam
441 1482 553 1525 inter
582 1481 719 1525 multa
742 1498 840 1542 quae
864 1481 918 1525 de
940 1482 1020 1525 hac
1043 1497 1088 1525 re
1117 1481 1241 1533 dixit,
1270 1482 1329 1525 sic
1349 1481 1587 1526 detestatus
1609 1490 1672 1525 est

275 1552 580 1596 haereticorum
609 1553 787 1611 impiam
817 1553 1098 1611 opinionem,
1135 1561 1184 1596 ut
1206 1551 1368 1597 diceret
1396 1571 1405 1597 z
1437 1571 1453 1593 «
1486 1552 1669 1611 Spiritus

281 1642 300 1665 »
336 1633 480 1668 autem
504 1624 732 1668 manifeste
761 1624 894 1679 dicit,
932 1625 1035 1683 quia
1063 1624 1107 1668 in
1130 1624 1370 1668 novissimis
1403 1623 1672 1682 temporibus

280 1713 300 1736 »
335 1694 536 1739 recedent
570 1694 751 1754 quidam
774 1711 797 1739 a
828 1695 930 1749 fide,
957 1694 1236 1739 attendentes
1271 1694 1493 1752 spiritibus
1515 1693 1670 1738 seduc-

283 1784 301 1806 »
339 1765 467 1810 tionis
493 1774 535 1808 et
557 1765 767 1809 doctrinis
787 1764 1121 1820 daemoniorum,
1142 1766 1188 1808 in
1205 1765 1422 1824 hypocrisi
1446 1764 1670 1808 mendaci-

284 1855 302 1878 »
337 1836 600 1895 loquorum,
637 1838 919 1880 cauteriatam
952 1837 1162 1880 habentes
1185 1836 1494 1880 conscientiam
1525 1849 1669 1889 suam,

285 1927 303 1949 »
339 1908 621 1967 prohibentes
648 1908 835 1962 nubere,
862 1907 1076 1952 abstinere
1096 1923 1119 1951 a
1139 1908 1262 1964 cibis,
1283 1923 1392 1967 quos
1415 1910 1528 1952 Deus
1550 1921 1672 1950 crea-

285 1997 305 2020 »
340 1979 402 2023 vit
431 1977 485 2022 ad
516 1979 844 2037 percipiendum
867 1994 968 2023 curn
992 1979 1228 2037 gratiarum
1258 1978 1426 2022 actione
1448 1976 1671 2030 fidelibus,

286 2066 306 2090 »
341 2058 384 2092 et
414 2049 461 2093 iis
483 2049 558 2108 qui
575 2057 878 2106 cognoverunt
894 2049 1149 2094 veritatem:
1176 2050 1278 2108 quia
1310 2048 1451 2092 omnis
1477 2056 1674 2092 creatura

288 2137 306 2160 »
343 2118 419 2162 Dei
438 2118 551 2163 bona
566 2128 644 2173 est,
667 2128 709 2162 et
724 2118 833 2162 nihil
849 2119 1161 2178 abjiciendum,
1179 2120 1300 2179 quod
1318 2133 1419 2162 cum
1438 2118 1673 2176 gratiarum

344 2189 513 2233 actione
535 2187 789 2248 percipitur.
813 2190 1115 2234 Sanctificatus
1138 2190 1255 2232 enim
1287 2204 1362 2248 per
1392 2189 1576 2233 verbum
1599 2188 1675 2233 Dei

290 2278 310 2301 »
345 2269 389 2304 et
409 2260 649 2304 orationem
668 2262 697 2303 ¹.
728 2277 747 2301 »
776 2262 831 2304 Et
864 2260 947 2305 alio
983 2260 1081 2304 loco
1112 2259 1166 2304 de
1189 2260 1253 2304 his
1287 2260 1414 2304 rebus
1443 2259 1640 2320 loquitur
1664 2277 1672 2303 z

291 2349 310 2372 «
344 2331 503 2376 Omnia
523 2331 690 2375 munda
712 2330 885 2376 mundis
908 2351 916 2376 :
937 2330 1177 2375 immundis
1199 2340 1344 2376 autem
1367 2340 1409 2375 et
1426 2329 1676 2375 infidelibus

292 2418 312 2442 »
347 2401 454 2446 nihil
473 2410 537 2446 est
557 2399 773 2447 mundum
790 2435 801 2456 ‚
827 2401 902 2446 sed
934 2401 1100 2461 polluta
1123 2411 1225 2446 suut
1246 2417 1399 2446 corum
1440 2410 1483 2446 et
1510 2410 1677 2446 mentse

294 2490 314 2513 »
349 2473 615 2517 conscientia
629 2476 661 2516 ².
689 2491 709 2514 »
748 2475 813 2518 Tu
834 2474 924 2532 ipse
956 2472 1053 2531 lege
1081 2483 1253 2529 caetera,
1285 2482 1329 2518 et
1358 2473 1487 2517 recita
1520 2471 1678 2531 quibus

339 2564 349 2579 ¹
377 2569 385 2589 ι
417 2557 498 2591 Tim.
523 2568 568 2596 iv.
598 2569 609 2591 ι
632 2562 668 2590 et
684 2568 772 2600 seqq.
793 2574 830 2581 --
847 2563 859 2579 ²
879 2558 940 2590 Tit.
960 2569 985 2599 ι,
1009 2558 1059 2591 ι5.

287 2208 297 2229 )

298 2209 306 2229 υ
