1790 3187
328 208 382 243 70
768 217 797 239 s.
836 213 1064 239 aueus‘nm
1096 213 1274 240 EPISCOPI

326 288 641 325 sacramentum
668 313 678 332 ‚
703 275 823 337 quod
851 276 1057 335 scriptum
1090 284 1153 320 est
1173 309 1184 330 ‚
1222 275 1456 319 Dominum
1478 274 1583 319 hora
1620 273 1704 318 diei
1754 283 1756 292 ’

325 360 440 396 sexta
478 349 641 393 venisse
672 348 727 391 ad
763 354 945 404 puteum
971 345 1107 390 Jacob
1124 347 1136 371 ¹
1156 380 1167 400 ,
1195 344 1443 404 fessumque
1466 343 1521 387 ab
1554 343 1706 387 itinere
1731 377 1733 379 .

328 421 499 474 sedisse,
521 428 563 463 et
580 435 601 463 a
625 417 805 462 muliere
830 417 1093 460 Samaritana
1114 424 1266 475 potum
1286 415 1442 474 petisse
1462 448 1474 467 ,
1489 422 1533 457 et
1551 422 1706 458 caetera

326 506 427 551 quae
447 490 493 533 in
514 488 666 533 eodem
700 486 1018 546 Scripturarum
1045 486 1143 530 loco
1170 484 1440 530 discutienda
1461 492 1505 527 et
1526 492 1707 540 pertrac-

331 560 461 605 tanda
492 558 713 603 dicuntur.
741 559 802 600 De
825 571 911 615 qua
933 571 978 599 re
999 555 1044 599 id
1070 556 1206 612 primo
1223 555 1460 599 tenendum
1480 562 1568 608 est,
1587 553 1709 612 quod

329 632 374 674 in
388 628 592 674 omnibus
610 626 838 685 Scripturis
864 640 1030 669 summa
1048 625 1272 684 vigilantia
1295 623 1502 669 custodiri
1519 631 1707 683 oportet,
1757 635 1759 668 ἢ

330 709 380 743 ut
400 698 641 743 secundum
664 697 795 740 fidem
813 697 867 740 sit
888 697 1144 740 sacramenti
1168 696 1302 739 divini
1321 695 1547 754 expositio.

389 770 451 811 2⁰.
480 769 596 811 Hora
630 767 761 826 igitur
795 765 879 810 diei
914 774 1028 810 sexta
1060 766 1178 810 venit
1207 765 1261 809 ad
1291 774 1472 824 puteum
1501 763 1712 808 Dominus

332 846 493 885 noster.
511 837 649 881 Video
668 837 713 880 in
732 847 864 896 puteo
880 836 1148 880 tenebrosam
1168 834 1527 895 profunditatem.
1545 833 1714 878 Admo-

334 924 440 953 neor
468 922 569 966 ergo
590 907 832 966 intelligere
855 906 1008 950 mundi
1029 907 1158 966 hujus
1179 906 1348 950 infimas
1365 914 1507 965 partes
1528 939 1540 960 ,
1563 903 1609 947 id
1628 911 1712 958 est,

334 989 550 1033 terrenas,
572 993 661 1036 quo
696 978 815 1021 venit
848 978 1054 1021 Dominus
1076 979 1198 1021 Jesus
1227 978 1333 1021 hora
1365 985 1512 1030 sexta,
1547 975 1593 1018 id
1623 982 1713 1029 est,

332 1057 452 1093 sexta
473 1056 600 1091 aetate
616 1047 781 1105 generis
803 1047 998 1101 humani,
1021 1056 1228 1107 tanquam
1251 1047 1296 1090 in
1318 1054 1541 1090 senectute
1562 1043 1717 1089 veteris

333 1118 522 1164 hominis
541 1153 552 1173 ‚
577 1134 665 1177 quo
689 1119 897 1178 jubemur
928 1119 1024 1161 exui
1052 1121 1064 1144 ²
1091 1153 1102 1172 ‚
1135 1127 1182 1162 ut
1205 1117 1439 1161 induamur
1470 1130 1584 1160 novo
1604 1149 1615 1170 ,
1642 1117 1720 1175 qui

337 1187 577 1233 secundum
603 1191 737 1231 Deum
754 1196 922 1230 creatus
937 1197 1013 1231 est.
1032 1190 1140 1232 Nam
1158 1197 1272 1231 sexta
1294 1196 1396 1231 aetas
1416 1194 1614 1230 senectus
1627 1195 1718 1243 θεῖς
1762 1198 1764 1243 ξ

336 1258 545 1318 quoniam
567 1257 703 1315 prima
732 1255 912 1311 infantia
932 1291 942 1311 ,
964 1256 1154 1300 secunda
1177 1258 1377 1316 pueritia,
1403 1257 1530 1300 tertia
1553 1255 1722 1300 adoles·

338 1327 480 1372 centia
496 1360 507 1382 ,
533 1335 687 1385 quarta
712 1327 944 1385 juventus,
979 1327 1131 1385 quinta
1154 1326 1352 1384 gravitas.
1378 1325 1544 1370 Veteris
1577 1326 1723 1385 itaque

339 1396 526 1441 hominis
544 1396 629 1440 vita
641 1430 652 1450 ,
668 1410 768 1454 quae
782 1395 942 1439 secund
950 1411 1020 1438 um
1038 1411 1211 1440 carnem
1228 1395 1455 1454 temporali
1475 1395 1724 1439 conditione

341 1467 563 1526 peragitur
579 1501 590 1520 ,
612 1475 729 1509 sexta
750 1474 877 1508 aetate
898 1475 1119 1509 senectute
1139 1465 1430 1510 concluditur.
1456 1468 1552 1518 Qua
1573 1479 1724 1508 senec-

342 1545 459 1590 tute,
484 1546 534 1580 ut
563 1535 672 1591 dixi,
694 1536 873 1579 humani
905 1537 1071 1594 generis
1093 1537 1303 1580 Dominus
1330 1545 1475 1580 noster
1497 1544 1540 1578 et
1560 1543 1726 1579 creator

341 1607 464 1651 nobis
495 1617 538 1650 et
564 1615 783 1665 reparator
817 1606 991 1650 advenit
1016 1627 1027 1663 3
1060 1615 1109 1650 ut
1142 1607 1353 1650 moriente
1384 1604 1547 1649 scilicet
1581 1613 1726 1649 vetere

341 1677 518 1721 homine
536 1709 547 1731 ,
583 1691 744 1720 novum
768 1675 814 1719 in
836 1691 880 1719 se
907 1676 1219 1730 constitueret,
1253 1690 1385 1734 quem
1415 1684 1594 1719 exutum
1628 1673 1726 1717 labe
1766 1710 1767 1720 ,

345 1756 512 1791 terrena
535 1747 580 1790 in
602 1746 793 1791 coelestia
812 1762 941 1805 regna
964 1746 1232 1790 transferret.
1263 1749 1380 1804 Ergo
1409 1761 1528 1789 nunc
1551 1753 1725 1804 puteus,

344 1826 395 1861 ut
418 1815 582 1860 dietum
602 1826 681 1871 est,
699 1816 853 1860 mundi
868 1817 995 1875 hujus
1021 1826 1238 1860 terrenum
1262 1815 1455 1860 laborem
1473 1824 1518 1859 et
1539 1828 1728 1859 errorem

345 1887 574 1932 tenebrosa
595 1886 893 1945 profunditate
909 1887 1136 1945 significat.
1161 1890 1217 1931 Et
1233 1887 1440 1946 quoniam
1461 1886 1644 1931 exterior
1665 1895 1729 1930 est
1767 1923 1769 1934 Ι

346 1957 478 2001 homo
507 1967 654 2012 vetus,
691 1967 734 2001 et
757 1973 895 2002 novus
930 1958 1107 2002 interior
1130 1958 1144 1983 3
1182 1978 1193 2015 3
1222 1956 1389 2001 dictum
1421 1966 1484 2001 est
1518 1956 1635 2000 enim
1673 1956 1728 2000 ab
1767 1955 1769 1983 '³

345 2027 584 2085 Apostolo,
621 2030 675 2070 Et
698 2027 732 2071 si
756 2029 938 2072 exterior
962 2028 1093 2072 homo
1127 2036 1268 2071 noster
1302 2027 1623 2086 corrumpitur,
1654 2024 1729 2070 sed

344 2096 524 2140 interior
557 2106 791 2141 renovatur
819 2097 873 2141 de
903 2097 972 2141 die
998 2098 1045 2141 vin
1074 2097 1190 2141 diem
1226 2116 1235 2141 ι
1263 2097 1494 2141 rectissime
1516 2095 1696 2141 omnino
1714 2130 1725 2151 ,

342 2167 571 2225 (quoniam
605 2168 750 2211 omnia
776 2167 957 2212 visibilia
983 2170 1037 2212 ad
1065 2169 1319 2220 exteriorem
1344 2168 1565 2212 hominem
1594 2167 1728 2227 perti-

344 2246 480 2289 nent,
516 2238 677 2298 quibus
714 2238 944 2282 christiana
978 2237 1203 2298 disciplina
1243 2239 1586 2293 renuntiatur‚)
1624 2238 1730 2282 hora

344 2315 460 2351 sexta
481 2308 600 2352 venit
617 2308 826 2352 Dominus
855 2307 910 2352 ad
929 2317 1110 2367 puteum
1129 2343 1140 2363 ,
1165 2307 1209 2352 id
1224 2316 1313 2362 est,
1339 2308 1483 2353 medio
1503 2307 1589 2363 die,
1610 2307 1729 2352 unde

340 2378 432 2436 jam
448 2378 601 2438 incipit
620 2379 682 2424 sol
699 2380 777 2424 iste
791 2379 968 2424 visibilis
982 2380 1197 2424 declinare
1213 2380 1257 2423 in
1273 2394 1471 2424 occasum
1489 2398 1498 2424 ε
1523 2380 1728 2439 quoniam

344 2457 387 2494 et
408 2450 534 2494 nobis
562 2452 724 2496 vocatis
745 2467 769 2495 a
790 2451 960 2496 Christo
983 2449 1218 2495 visibilium
1239 2449 1470 2496 delectatio
1492 2449 1724 2504 minuitur,

397 2540 403 2554 ¹
430 2536 521 2566 Joan.
543 2546 587 2573 iv,
607 2535 637 2565 5.
657 2553 695 2558 --
715 2543 724 2557 ²
749 2535 861 2576 Ephes.
883 2546 926 2575 iv,
949 2534 1078 2566 22-st
1099 2544 1116 2565 τ).
1136 2536 1206 2564 Cor.
1227 2545 1273 2573 iv,
1295 2533 1346 2565 16.
