1790 3187
583 241 778 270 emsa-om
814 241 901 270 xm}
911 245 941 270 1.
1370 232 1454 273 429

63 312 276 364 potestate
286 306 390 349 Acta
404 303 576 349 concilii
591 321 678 350 non
696 305 896 362 haberet,
911 306 1237 352 contradicente
1251 308 1464 368 primate?

62 375 189 428 Quod
203 376 236 420 si
253 384 370 420 tanta
389 385 432 419 et
448 375 652 420 adversus
666 377 847 436 primam
863 377 1007 422 sedem
1022 376 1176 422 seditio
1187 389 1453 434 nasceretur,

63 454 113 489 ut
131 444 332 489 nonnulli
355 446 561 490 damnare
574 448 661 507 jam
673 446 972 507 vellent,quos
986 447 1160 492 volebat
1176 447 1249 492 ille
1270 449 1452 503 differri,

61 526 228 575 quanto
248 515 400 560 melius
423 532 445 560 a
470 515 631 560 talibus
653 518 844 578 inquieta
864 528 906 561 et
920 518 1135 577 impacata
1155 518 1450 574 molientibus,

61 601 192 645 quam
217 603 238 630 a
260 587 392 631 totius
415 588 530 631 orbis
552 589 860 632 communione
890 589 1225 633 dissentiretur?
1249 590 1331 634 Sed
1351 589 1454 650 quia

60 671 149 700 non
179 667 319 711 erant,
344 673 443 718 quae
466 658 508 701 in
531 659 811 703 Caecilianum
840 669 883 703 et
906 659 1176 704 ordinatores
1197 661 1288 720 ejus
1312 670 1453 704 trans-

15 731 17 734 '
60 728 227 771 marino
245 728 415 787 judicio
437 730 751 788 probarentur,
770 740 996 789 propterea
1030 745 1109 775 nee
1132 734 1385 790 priusquam
1411 731 1456 775 in

15 803 17 807 ⁴
58 813 157 843 eum
191 801 425 844 sententias
455 800 675 855 dicerent,
703 802 872 845 deterre
896 801 1158 856 voluerunt,
1184 818 1263 846 nec
1287 812 1456 861 postea·

58 885 190 930 quam
220 870 439 923 dixerunt,
462 882 788 931 perseveranter
806 871 848 915 id
866 886 992 929 agere
1019 882 1068 915 ut
1096 872 1288 916 ecclesiae
1313 881 1455 915 trans-

56 942 236 985 marinae
272 942 317 985 in
349 943 549 986 notitiam
573 943 862 1001 perferretur,
889 958 1080 1001 quorum
1114 942 1374 986 traditorum
1408 942 1455 986 in

58 1011 201 1056 Africa
225 1011 529 1056 damnatorum
550 1013 904 1056 communionem
924 1013 1060 1056 vitare
1083 1012 1278 1056 deberet.
1296 1013 1405 1066 Quia
1421 1013 1456 1057 si

57 1080 102 1124 id
121 1081 263 1126 facere
284 1083 583 1136 tentavissent,
606 1082 805 1127 adessent
834 1083 914 1127 sibi
936 1082 1194 1128 Caeeitianus
1216 1093 1258 1126 et
1286 1083 1448 1138 caeteri,

59 1160 101 1195 et
123 1167 245 1196 suam
269 1168 441 1197 causam
459 1154 665 1197 adversus
682 1153 855 1198 fallaces
877 1153 1172 1197 criminatores
1185 1153 1302 1212 apud
1323 1163 1456 1198 trans-

14 1271 15 1274 *
58 1224 246 1268 marinos
277 1224 583 1269 ecclesiasticos
608 1225 779 1286 judices
818 1225 1146 1285 diligentissima
1188 1225 1455 1271 discussione

58 1305 310 1354 purgarent.

116 1367 171 1408 X.
203 1369 354 1426 Itaque
377 1368 611 1411 concilium
635 1367 746 1412 illud
779 1382 1028 1427 perversum
1052 1376 1186 1429 atque
1219 1368 1452 1424 nefarium,

57 1438 241 1481 maxime
266 1448 313 1482 ut
335 1440 530 1484 ereditur
557 1439 819 1484 traditorum
841 1439 939 1494 fuit,
965 1440 1126 1500 quibus
1149 1438 1355 1484 confessis
1377 1442 1456 1484 Se·-

13 1511 19 1569 ιῙ
56 1509 228 1552 cundus
253 1509 514 1567 Tigisitanus
543 1511 771 1569 ignoverat
794 1529 803 1555 ε
840 1520 888 1554 ut
910 1511 1118 1570 quoniam
1142 1511 1197 1555 de
1223 1511 1456 1554 traditione

13 1571 19 1614 f
58 1576 173 1622 fama
195 1581 450 1635 crebuerat,
482 1581 700 1626 infamatis
726 1582 817 1625 aliis
843 1598 864 1625 a
889 1597 932 1625 se
958 1590 1204 1625 aver-urent
1241 1582 1456 1640 suspicio-

18 1662 20 1664 ’
57 1665 174 1704 nem,
199 1662 242 1694 et
270 1667 371 1696 cum
394 1652 592 1696 homines
617 1668 692 1711 per
716 1652 905 1697 Africam
933 1661 1068 1697 totam
1093 1652 1318 1696 credentes
1341 1653 1454 1711 epis-

58 1722 174 1780 copis
209 1721 313 1765 falsa
355 1724 410 1766 de
440 1723 750 1768 innocentibus
772 1724 1075 1783 loquerentur,
1108 1722 1227 1782 quod
1263 1724 1457 1767 damnati

0 1837 1 1842 ,
59 1802 201 1836 essent
237 1793 353 1851 apud
384 1795 689 1851 Carthaginem
714 1794 964 1849 traditores,
989 1804 1199 1853 tanquam
1227 1793 1270 1837 in
1294 1794 1456 1838 nebula

0 1859 19 1916 ‚f
60 1862 377 1908 mendacissimi
397 1865 692 1924 rumoris,ipsi
707 1866 782 1925 qui
797 1880 897 1909 vere
918 1865 1195 1908 tradiderunt
1215 1863 1453 1909 latitarent.

12 1929 21 1948 '⁶
62 1937 187 1981 Unde
223 1937 396 1994 videtis,
423 1938 679 1991 charissimi,
715 1938 805 1980 fieri
836 1937 1025 1996 potuisse
1067 1935 1188 1995 quod
1227 1935 1456 1980 verisimile

0 2032 22 2070 ·²-‚=
60 2022 149 2051 non
172 2022 262 2050 esse
284 2007 463 2067 quidam
491 2008 683 2051 vestrum
709 2008 930 2061 dicebant,
963 2016 1010 2050 ut
1034 2007 1109 2065 qui
1141 2016 1281 2049 essent
1303 2007 1358 2049 de
1378 2021 1456 2050 sua

0 2111 4 2119 .
61 2077 294 2122 traditione
322 2077 524 2131 confessi,
551 2093 815 2138 causamque
838 2093 960 2121 suam
991 2077 1339 2136 impetravissent
1367 2080 1456 2121 Deo

0 2171 20 2191 .
61 2150 221 2192 dimitti
244 2159 465 2208 oportere,
490 2149 621 2193 iidem
641 2149 810 2209 judices
845 2149 1211 2207 damnatoresque
1245 2157 1456 2206 tanquam

15 2246 23 2279 2
62 2219 322 2264 traditorum
357 2220 605 2264 absentium
640 2230 788 2280 postea
822 2220 1133 2264 consedissent.
1161 2220 1297 2276 Magis
1338 2218 1456 2263 enim

16 2295 23 2317 ²
64 2289 248 2349 amplexi
273 2299 375 2334 sunt
396 2291 682 2345 occasionem,
704 2307 792 2350 qua
814 2299 989 2350 possent
1004 2289 1109 2332 alios
1134 2287 1240 2332 salsa
1258 2289 1456 2334 crimina-

14 2379 19 2397 ε
63 2360 181 2404 tione
200 2359 478 2419 perfundere,
498 2371 541 2404 et
558 2377 785 2405 conversas
807 2361 852 2403 in
880 2376 951 2403 eos
964 2359 1133 2417 linguas
1148 2359 1376 2402 hominum
1400 2360 1455 2403 ab

17 2452 23 2465 -·
64 2431 344 2490 inquisitione
366 2432 596 2476 criminum
621 2448 796 2476 suorum
824 2432 906 2474 hoc
931 2432 1060 2474 modo
1083 2428 1316 2473 declinare.
1332 2429 1455 2474 Alio-

0 2489 5 2495 ’
38 2494 42 2497 .
65 2503 169 2562 quin
195 2504 227 2546 si
252 2504 343 2546 fieri
366 2519 454 2547 non
478 2512 635 2562 posset,
658 2512 705 2547 ut
728 2503 913 2562 quisque
938 2501 1064 2555 mala,
1097 2516 1197 2559 quae
1220 2501 1309 2559 ipse
1331 2517 1455 2545 com—

9 2618 12 2630 ,
66 2572 273 2627 mitteret,
293 2573 335 2617 in
353 2573 436 2618 alio
459 2573 691 2632 judicaret,
713 2588 801 2617 non
822 2572 985 2616 diceret
1007 2571 1271 2630 quibusdam
1294 2570 1455 2616 Paulus
