1790 3187
311 180 365 217 29.
732 191 765 216 s.
803 187 1031 216 Aucus-nm
1064 188 1243 215 zmscom

311 270 406 300 cere
435 267 638 298 numeros
658 287 669 307 ‚
696 251 777 295 nisi
805 260 854 295 ut
875 251 1025 296 eadem
1056 250 1282 310 disciplina
1309 252 1532 310 pecuniosi
1553 252 1685 308 fiant,

311 334 386 370 aut
408 322 658 368 hominibus
683 321 880 380 placeant
901 342 912 379 ς
934 336 1065 381 quam
1088 336 1189 365 cum
1211 320 1467 378 didicerint,
1491 322 1544 366 ad
1562 337 1688 366 eum-

309 395 409 440 dem
431 395 562 439 finem
585 391 778 436 referunt
793 425 805 446 ‚
830 407 959 451 quern
984 391 1064 438 sibi
1085 406 1185 435 cum
1207 390 1437 447 discerent,
1454 407 1689 452 proposue—

308 473 406 509 rant
432 484 444 521 3
479 477 622 525 neque
655 461 790 505 ullam
821 460 1092 521 disciplinam
1122 460 1241 505 aliud
1274 461 1328 506 sit
1363 462 1525 507 habere
1556 477 1690 521 quarn

308 550 432 580 nosse
452 553 460 579 2
494 534 587 578 fieri
609 541 771 592 potest,
797 540 847 580 ut
878 532 1037 578 babeat
1056 531 1241 592 quisque
1262 531 1450 592 aliquid,
1473 532 1595 592 quod
1615 533 1692 576 ha—

308 607 426 660 bere,
452 606 536 649 hoc
557 604 612 648 sit
633 602 753 663 quod
775 618 898 647 nosse
913 637 924 658 ‚
948 618 1090 663 neque
1112 610 1227 647 amet
1248 610 1408 648 tamen.
1428 605 1692 660 Quanquam

308 677 475 720 bonum
504 675 624 733 quod
645 689 735 718 non
765 682 962 726 amatur,
989 688 1118 717 nemo
1141 680 1280 731 potest
1315 672 1506 730 perfecte
1531 672 1693 716 habere

308 745 375 790 vel
397 759 536 788 nosse.
563 744 669 796 Quis
696 743 811 791 enirn
845 752 986 803 potest
1017 758 1140 788 nosse
1173 750 1389 802 quantum
1422 742 1476 787 sit
1506 743 1690 798 bonurn,
1748 769 1750 776 r

306 830 395 875 quo
424 830 514 859 non
534 813 695 858 fruitur
715 815 733 855 ?
752 817 849 860 Non
870 823 1015 859 autem
1048 812 1225 867 fruitur,
1249 813 1284 856 si
1311 827 1402 856 non
1424 821 1540 859 amat
1569 831 1579 856 ι
1610 827 1693 857 nec

307 886 439 930 habet
460 885 593 943 igitur
620 884 740 944 quod
765 885 1001 931 amandum
1025 892 1104 940 est,
1128 883 1205 944 qui
1227 899 1316 927 non
1338 891 1452 927 amat
1473 903 1485 940 3
1512 883 1640 928 etiarn
1661 883 1695 928 si

308 971 451 1001 amare
470 955 618 1014 possit,
646 955 723 1014 qui
749 971 839 999 non
875 955 1019 999 habet.
1045 957 1182 1000 Nemo
1207 954 1339 1012 igitur
1366 954 1539 998 beatam
1562 954 1695 997 vitam

308 1027 444 1081 novit,
465 1035 508 1070 et
524 1027 652 1070 miser
667 1035 730 1071 est
748 1045 757 1071 ε
782 1027 988 1086 quoniam
1005 1026 1040 1070 si
1055 1026 1240 1069 amanda
1265 1034 1343 1080 est,
1369 1024 1494 1069 sicuti
1511 1033 1590 1079 est,
1611 1024 1694 1069 hoc

308 1105 372 1140 est
388 1111 483 1140 eam
506 1111 629 1140 nosse
651 1095 772 1156 quod
802 1097 980 1140 habere.

369 1167 430 1208 2⁰.
457 1168 565 1217 Quae
587 1181 687 1209 cum
708 1166 767 1210 ita
789 1166 899 1221 sint,
926 1165 1033 1225 quid
1054 1174 1117 1209 est
1139 1163 1257 1208 aliud
1273 1164 1399 1208 beate
1420 1164 1564 1209 vivere
1580 1198 1591 1220 ‚
1617 1163 1699 1210 nisi

312 1244 524 1279 aeternum
537 1234 704 1295 aliquid
720 1237 1022 1292 cognoscendo
1040 1235 1224 1279 habere?
1238 1238 1469 1278 AEternum
1485 1244 1549 1279 est
1565 1235 1696 1290 enim,
1756 1268 1759 1298 '.

313 1305 366 1349 de
384 1320 473 1366 quo
490 1302 582 1349 solo
598 1313 712 1349 recte
732 1304 883 1349 fiditur
898 1340 909 1360 ,
929 1303 1051 1365 quod
1068 1304 1231 1348 amanti
1247 1303 1408 1349 auferri
1422 1319 1510 1348 uon
1529 1313 1696 1363 potest:

312 1376 446 1435 idque
468 1376 610 1434 ipsum
633 1384 720 1431 est,
746 1376 866 1435 quod
886 1376 997 1429 nihil
1017 1376 1072 1420 sit
1089 1375 1208 1419 aliud
1230 1374 1390 1421 habere
1411 1389 1542 1433 quam
1559 1390 1701 1420 nosse.

314 1447 523 1491 Omnium
546 1447 662 1491 enim
682 1462 829 1490 rerum
848 1446 1249 1506 praestantissimum
1266 1454 1330 1490 est
1346 1444 1466 1505 quod
1489 1454 1703 1490 aeternum

315 1525 378 1560 est
403 1534 412 1561 ε
438 1525 481 1560 et
502 1524 730 1575 propterea
749 1516 795 1560 id
816 1517 978 1560 habere
999 1530 1088 1560 non
1106 1529 1333 1574 possumus
1347 1549 1359 1569 ‚
1385 1515 1466 1559 nisi
1490 1530 1538 1558 ea
1557 1530 1602 1558 re
1617 1530 1704 1575 qua

316 1586 633 1645 praestantiores
643 1601 807 1641 sumus,
825 1585 869 1630 id
882 1595 961 1641 est,
979 1595 1141 1635 mente.
1159 1583 1383 1644 Quidquid
1398 1594 1544 1633 autem
1559 1594 1705 1630 mente
1762 1638 1765 1647 1

314 1656 502 1700 habetur
518 1690 530 1711 ,
556 1655 777 1700 noscendo
802 1656 1019 1712 habetur3
1043 1654 1303 1714 nullumque
1323 1655 1488 1699 bonum
1511 1654 1704 1714 perfecte
1763 1650 1765 1655 ’

315 1725 509 1770 noscitur
524 1760 536 1780 ‚
561 1725 682 1784 quod
703 1741 794 1771 non
810 1725 1004 1784 perfecte
1026 1734 1210 1769 amatur.
1233 1726 1383 1784 Neque
1405 1733 1454 1773 ut
1475 1724 1564 1769 sola
1583 1739 1704 1770 mens

316 1804 458 1853 potest
478 1809 737 1854 cognoscere
749 1831 765 1851 ,
790 1797 849 1839 ita
869 1804 912 1840 et
927 1810 1071 1840 amare.
1089 1794 1178 1840 sola
1196 1804 1350 1854 potest.
1372 1797 1570 1855 Namque
1585 1810 1706 1839 amor

317 1866 533 1923 appetitus
561 1865 742 1925 quidam
770 1874 833 1908 est
863 1884 872 1909 :
909 1874 953 1909 et
984 1864 1181 1910 videmus
1214 1865 1344 1908 etiam
1374 1864 1540 1910 caeteris
1573 1864 1707 1909 animi
1766 1877 1767 1888 ¹

317 1935 514 1993 partibus
544 1934 682 1978 inesse
709 1935 977 1994 appetitum,
1002 1934 1079 1994 qui
1110 1934 1146 1979 si
1168 1934 1303 1978 menti
1331 1935 1575 1994 rationique
1597 1949 1705 1979 con-
1766 1945 1769 1991 ’ς

319 2004 496 2059 sentiat,
521 2004 567 2047 in
587 2003 663 2047 tali
684 2019 790 2063 pace
817 2013 860 2048 et
884 2003 1198 2064 tranquillitate
1228 2004 1399 2049 vacabit
1428 2014 1573 2048 mente
1602 2019 1708 2050 con-

318 2074 518 2133 templari
539 2074 659 2133 quod
679 2084 892 2119 aeternum
914 2084 992 2119 est.
1018 2077 1134 2134 Ergo
1156 2075 1285 2119 etiam
1308 2075 1475 2120 caeteris
1498 2076 1584 2120 suis
1603 2091 1706 2135 par-

320 2143 436 2188 tibus
463 2159 605 2188 amare
629 2147 798 2191 animus
820 2144 952 2189 debet
972 2145 1056 2190 hoc
1073 2153 1162 2189 tarn
1185 2159 1392 2203 magnum
1419 2145 1538 2204 quod
1561 2154 1708 2190 mente
1770 2196 1772 2211 ι

320 2213 673 2272 cognoscendum
696 2224 773 2259 est.
802 2218 858 2260 Et
880 2215 1086 2274 quoniam
1120 2214 1164 2258 in
1187 2214 1308 2274 quod
1330 2225 1520 2271 amatur,
1546 2215 1708 2260 afficiat

323 2299 374 2326 ex
403 2298 446 2326 se
465 2293 681 2328 amantem
701 2299 870 2329 necesse
892 2294 954 2328 est
971 2306 981 2341 3
1001 2284 1048 2328 fit
1069 2294 1118 2328 ut
1145 2286 1204 2328 sic
1223 2294 1413 2328 amatum
1437 2284 1555 2346 quod
1578 2294 1708 2330 aeter-
1760 2282 1773 2305 ¹³

323 2368 429 2396 num
448 2362 511 2396 est
526 2388 537 2408 ‚
562 2355 797 2398 aeiernitate
814 2354 1007 2399 animum
1024 2355 1197 2398 afficiat.
1224 2355 1433 2407 Quocirca
1456 2371 1502 2399 ea
1529 2356 1706 2398 demum
1772 2365 1774 2373 ‘

325 2422 413 2466 vita
430 2422 551 2466 beata
568 2457 578 2477 ,
597 2438 695 2481 quae
713 2432 872 2467 veterna
891 2433 969 2467 est.
990 2423 1105 2476 Quid
1122 2439 1225 2467 vero
1246 2433 1457 2469 aeternum
1477 2434 1536 2469 cst
1555 2459 1565 2478 ‚
1586 2424 1707 2483 quod
1774 2454 1775 2462 κ

327 2492 565 2536 aeternitate
583 2492 774 2536 animum
796 2493 975 2545 afficiat}
996 2493 1074 2537 nisi
1096 2494 1232 2538 Deus?
1249 2496 1381 2538 Amor
1399 2503 1542 2541 autern
1560 2508 1704 2538 rerum
