1790 3187
560 199 759 225 ems-rom.
794 199 935 225 xxx11.
1364 191 1446 230 365

59 263 235 322 piissimi
255 262 439 320 parentis
463 262 570 316 fide,
590 278 646 306 ne.
664 263 775 306 mala
791 263 970 307 victoria
992 265 1137 308 vincat
1152 298 1162 318 ‚
1185 263 1385 309 maluerit
1402 268 1447 310 in

58 334 291 392 perniciem
325 348 446 376 suam
475 334 675 388 vincere,
711 350 841 393 quam
868 351 946 394 pro
977 335 1116 379 salute
1152 338 1358 394 superari.
1386 340 1448 382 Ne

6 403 10 411 '
56 419 241 447 vacuum
265 403 468 446 fraternae
491 405 772 448 humanitatis
789 406 983 449 ollicium
1002 406 1246 461 videretur,
1266 407 1320 450 de
1338 407 1449 452 buc-

14 503 22 512 ·
55 473 212 519 cellato
242 475 500 519 Christianae
534 476 819 535 expeditionis
852 480 966 533 (18),
994 478 1037 520 in
1072 479 1195 537 cujus
1220 478 1449 538 procinctu

55 545 249 606 quotidie
272 545 326 589 ad
349 545 611 604 frugalitatis
629 563 847 591 annonam
872 548 1135 604 militamus,
1163 564 1296 608 panes
1319 551 1449 609 quin-

0 632 19 663 e.
55 631 141 676 que
164 617 241 659 tibi
259 617 417 675 pariter
435 626 479 661 et
500 615 591 662 filio
608 627 756 662 nostro
775 619 971 663 Licentio
989 620 1199 664 misimus.
1219 622 1314 664 Non
1331 620 1445 664 enim

53 687 273 747 potuimus
295 703 317 730 a
338 688 643 732 benedictione
661 704 883 733 secernere
897 725 907 744 ‚
927 705 1057 749 quem
1077 691 1278 749 cupimus
1296 690 1448 735 eadem

52 759 176 802 nobis
200 759 332 817 gratia
357 760 529 818 penitus
553 770 798 804 annectere.
822 761 975 805 Paucis
1000 770 1145 804 tamen
1168 770 1212 805 et
1229 760 1283 806 ad
1305 762 1448 821 ipsum

50 828 307 889 loquamur,
331 845 385 873 ne
407 840 536 888 neget
559 831 640 874 sibi
665 833 872 890 scriptum
891 867 901 886 ‚
927 830 1049 891 quod
1070 831 1125 875 de
1145 847 1188 875 se
1214 833 1290 875 tibi
1314 833 1450 891 scrip-

0 919 1 931 *
50 909 144 944 tum
180 910 257 944 est.
296 901 505 945 AEschino
536 903 649 945 enim
681 902 861 955 dicitur,
895 903 1016 960 quod
1044 901 1166 945 audit
1187 903 1327 946 Mitio.
1364 901 1449 946 Sed

50 970 156 1029 quid
178 970 233 1013 de
262 971 410 1014 alienis
433 971 588 1029 loquar
615 986 715 1015 cum
740 970 795 1014 de
817 971 995 1030 proprio
1025 979 1181 1015 cuncta
1203 972 1418 1030 possimus
1435 1006 1446 1028 ,

12 1033 14 1038 ¹
52 1049 94 1084 et
112 1040 250 1083 aliena
268 1040 390 1100 loqui
408 1056 498 1085 non
519 1039 658 1085 soleat
680 1056 770 1085 esse
793 1041 885 1085 sani
902 1041 1080 1100 capitis?
1102 1056 1191 1101 quo
1217 1042 1293 1085 Dei
1313 1042 1449 1100 gratia

7 1141 16 1149 -
51 1126 153 1155 sano
168 1120 211 1155 et
226 1111 345 1156 salvo
358 1127 523 1167 sumus,
535 1112 695 1172 quibus
711 1121 842 1172 eaput
857 1121 920 1156 est
937 1112 1150 1157 Christus.
1175 1112 1448 1156 Incolumem

54 1190 94 1226 te
114 1191 240 1226 aetate
259 1181 604 1242 quamplurima,
630 1192 673 1226 et
694 1183 873 1227 beatum
896 1198 1066 1242 semper
1081 1198 1183 1227 cum
1202 1192 1293 1226 tota
1316 1183 1448 1228 domo

0 1274 6 1302 3
53 1262 154 1308 tua,
187 1263 236 1297 ut
268 1253 497 1312 cupimus,
524 1254 764 1298 habeamus
795 1255 838 1297 in
863 1253 1061 1308 Christo,
1098 1254 1281 1298 Domine
1312 1254 1448 1298 frater

5 1355 14 1364 .
50 1325 206 1368 merito
229 1324 604 1368 honorandissime
627 1333 669 1368 et
688 1323 1095 1368 desiderantissime.
1126 1343 1145 1365 »

109 1396 184 1438 IV.
215 1413 234 1436 «
252 1394 367 1439 Audi
381 1409 498 1452 ergo,
517 1394 595 1450 fili,
614 1394 753 1454 legem
774 1395 907 1454 patris
929 1395 1010 1450 tui⁷
1029 1394 1074 1439 id
1097 1404 1177 1453 est,
1198 1394 1329 1439 fidem
1353 1398 1448 1440 Au-

7 1472 11 1480 '
54 1466 213 1524 gustini
232 1500 242 1520 ‚
270 1475 312 1510 et
329 1466 419 1510 noli
442 1464 651 1525 repellere
670 1466 849 1510 consilia
872 1467 1021 1509 matris
1044 1475 1156 1521 tuae,
1183 1465 1303 1525 quod
1321 1481 1448 1526 aeque

0 1543 2 1550 '
51 1552 212 1581 nomen
245 1537 290 1580 in
319 1546 361 1580 te
396 1538 625 1594 Augustini
650 1537 785 1596 pietas
811 1538 909 1596 jure
938 1537 1019 1580 sibi
1048 1537 1266 1591 vindicat,
1304 1538 1381 1596 qui
1406 1547 1449 1582 te

51 1606 270 1650 tantillum
294 1607 475 1664 gestavit
496 1607 592 1651 sinu
611 1621 711 1662 suo,
731 1616 774 1650 et
796 1623 819 1651 a
848 1606 1040 1666 parvulis
1063 1607 1205 1665 primo
1234 1607 1346 1651 lacte
1376 1624 1447 1651 sa·-

1 1712 7 1721 .
51 1678 225 1738 pientiae
245 1678 460 1722 saecularis
486 1678 705 1722 imbutum
723 1713 734 1732 ,
761 1693 880 1721 nunc
903 1679 1034 1722 etiam
1059 1678 1327 1736 spiritalibus
1355 1678 1447 1722 lac-

51 1758 142 1793 tare
164 1761 203 1793 et
220 1749 412 1793 enutrire
433 1749 618 1793 Domino
637 1750 765 1808 gestit
785 1749 1009 1794 uberibus.
1030 1748 1248 1802 Quoniam
1268 1758 1309 1792 te
1327 1747 1448 1793 adul-

0 1853 7 1862 .
52 1829 147 1864 tum
190 1828 317 1862 aetate
353 1834 561 1878 corporea
590 1854 601 1874 ‚
647 1820 691 1862 in
732 1819 997 1878 spiritalibus
1038 1820 1182 1864 adhuc
1218 1819 1448 1863 cunabulis

51 1890 295 1948 vagientem
314 1925 324 1944 ‚
350 1889 470 1934 videt
496 1889 641 1935 adhuc
668 1891 882 1934 infantem
905 1891 1041 1934 verbo
1070 1891 1168 1945 Dei,
1200 1890 1379 1935 vixdum
1402 1892 1448 1935 iu

0 1985 5 2014 ι
51 1962 225 2007 Christo
244 1961 392 2020 primis
411 1962 607 2020 passibus
631 1971 674 2005 et
696 1962 875 2020 vestigio
900 1961 1118 2006 titubante
1142 1972 1393 2020 repentem:
1414 1963 1448 2006 si

0 2042 3 2047 '
53 2041 198 2077 tamen
215 2032 447 2090 Augustini
466 2032 663 2076 doctrina
692 2041 901 2092 tanquam
920 2047 1076 2076 manus
1103 2032 1251 2076 matris
1279 2042 1322 2076 ct
1342 2032 1447 2076 ulna

0 2149 2 2154 ⁸
52 2103 232 2147 nutricis
247 2102 496 2146 instabilem
518 2112 639 2161 regat
656 2102 905 2161 parvulum.
929 2105 1069 2156 Quem
1087 2103 1122 2147 si
1142 2102 1290 2147 audias
1314 2112 1358 2147 et
1379 2118 1446 2147 se-

52 2175 194 2234 quaris
223 2183 273 2218 ut
293 2189 465 2218 rursum
494 2183 533 2218 te
555 2189 756 2219 sermone
787 2174 1028 2220 Salomonis
1062 2174 1248 2218 alliciam
1268 2209 1279 2229 ⁷
1314 2193 1334 2216 «
1361 2174 1444 2219 Fili

55 2263 76 2287 »
102 2260 308 2290 coronam
330 2244 511 2303 accipies
530 2246 766 2303 gratiarum
786 2255 863 2290 tuo
885 2245 1076 2289 vertici1.
1103 2264 1122 2286 »
1145 2248 1200 2288 Et
1223 2255 1329 2289 tunc
1347 2260 1446 2289 vere

53 2316 132 2360 eris
155 2315 228 2360 ille
250 2331 339 2360 non
358 2316 659 2374 phantasmate
684 2315 923 2360 somniatus
940 2350 951 2369 ,
976 2314 1053 2359 sed
1074 2316 1129 2358 ab
1152 2316 1242 2374 ipsa
1265 2316 1447 2360 veritate

53 2386 265 2431 formatus
286 2386 439 2431 consul
468 2395 512 2429 et
537 2386 758 2445 pontifex,
785 2401 944 2430 vacuas
967 2386 1175 2443 imagines
1191 2384 1287 2430 falsi
1305 2387 1450 2445 operis

55 2457 263 2517 implente
286 2458 458 2503 Christo
485 2456 634 2503 solidis
663 2473 752 2502 suae
774 2456 1037 2516 operationis
1059 2457 1304 2501 effectibus.
1336 2459 1449 2501 Vere

102 2549 111 2564 ¹
136 2544 231 2575 Prov.
250 2554 295 2581 iv,
314 2554 347 2584 9.
