1790 3187
605 286 805 316 zms‘rou
836 289 963 316 xnn.
1395 274 1483 316 443

93 363 183 410 est,
209 351 351 399 valere
377 368 467 397 non
488 351 649 399 vultis?
669 356 792 410 Rogo
807 387 818 407 ,
841 353 995 398 fratres
1016 351 1122 407 mei,
1147 351 1256 411 quid
1277 367 1483 411 magnum

92 435 218 486 peto,
245 423 354 485 quid
377 423 554 469 difficile
584 439 607 468 a
629 423 754 469 vobis
782 425 966 484 intelligi
988 424 1151 484 cupio?
1172 423 1361 468 Multum
1387 426 1486 485 qui-

92 497 190 541 dem
209 496 407 551 interest,
433 505 476 539 et
497 496 896 555 incomparabiliter
911 495 1041 540 distat
1056 495 1124 540 vel
1142 495 1398 539 auctoritate
1416 496 1486 541 vel

91 582 276 613 numero
305 567 507 611 Africana
531 565 718 611 Ecclesia
739 602 749 623 ,
781 568 815 611 si
838 583 938 612 cum
962 567 1127 612 caeteris
1151 567 1267 611 orbis
1286 567 1484 626 partibus

92 636 343 684 conferatur
364 657 372 682 :
405 647 449 682 et
471 637 601 697 longe
630 638 774 682 minor
795 648 879 691 est,
911 639 1076 683 etiamsi
1099 638 1242 683 unitas
1257 638 1328 682 hic
1350 647 1482 694 esset,

90 709 220 768 longe
241 710 422 754 omnino
439 710 579 754 minor
596 719 658 755 est
676 719 924 770 comparata
941 711 1107 756 caeteris
1124 710 1377 756 Christianis
1398 725 1486 754 om-

90 781 221 826 nibus
253 780 481 840 gentibus,
513 797 646 841 quam
681 797 778 842 pars
810 783 1060 827 Maximiani
1092 791 1342 842 comparata
1374 781 1486 841 parti

92 852 299 897 Primiani
319 871 328 897 :
352 861 454 911 peto
472 861 638 908 tamen,
658 854 880 912 etjustum
898 868 987 898 esse
1005 853 1192 898 arbitror
1210 888 1222 907 ‚
1246 862 1296 897 ut
1313 861 1487 897 tantum

89 923 231 969 valeat
253 923 485 967 concilium
505 923 684 968 secundi
708 924 930 981 Tigisitani
947 958 958 978 ,
984 923 1104 982 quod
1127 923 1295 967 Lucilla
1317 922 1485 966 confla-2

89 995 152 1040 vit
172 993 378 1039 adversus
394 995 616 1037 absentem
639 992 923 1037 Caecilianum
945 1002 988 1038 et
1011 993 1290 1052 apostolicam
1311 991 1482 1048 sedem,

89 1074 322 1124 totumque
357 1065 507 1108 orbem
538 1062 772 1109 Caeciliano
804 1065 1227 1120 communicantem,
1269 1073 1486 1125 quantum

89 1135 205 1182 valet
227 1136 460 1181 concilium
486 1136 918 1191 Maximianensium‚
948 1135 1068 1196 quod
1090 1137 1285 1181 similiter
1301 1136 1486 1181 foemina

90 1208 236 1253 nescio
278 1224 377 1268 quae
411 1208 618 1252 conflavit
660 1208 866 1251 adversus
916 1207 1142 1252 absentem
1182 1208 1450 1252 Primianum
1471 1242 1482 1262 ,

89 1287 132 1322 et
168 1286 368 1322 caeteram
407 1294 483 1338 per
517 1277 712 1322 Africam
747 1277 1073 1322 multitudinem
1112 1278 1331 1323 Primiano
1365 1293 1487 1322 com-

86 1350 400 1394 municantem.
434 1350 552 1404 Quid
585 1349 774 1409 apertius
796 1350 1022 1394 cernitur?
1049 1348 1157 1411 quid
1188 1351 1357 1411 aequius
1390 1364 1486 1410 pos-

89 1421 288 1466 tulatur‘?

146 1494 335 1536 XXVII.
379 1489 546 1535 Videtis
582 1491 677 1535 haec
715 1492 860 1536 omnia
898 1501 941 1536 et
976 1493 1126 1546 nostis,
1150 1502 1193 1537 et
1216 1492 1384 1551 gemitis
1408 1512 1419 1548 3
1444 1499 1487 1535 et

87 1571 235 1608 tamen
258 1561 377 1607 videt
399 1572 442 1606 et
462 1565 577 1606 Deus
595 1562 714 1621 quod
733 1578 808 1607 vos
831 1563 876 1606 in
896 1571 982 1606 tam
1003 1562 1208 1622 pestifera
1223 1572 1266 1607 et
1281 1561 1489 1621 sacrilega

86 1635 340 1695 praecisione
368 1633 490 1678 nulla
522 1649 589 1678 res
619 1634 734 1692 cogit
756 1649 997 1688 remanere,
1025 1635 1058 1678 si
1090 1650 1169 1694 pro
1206 1633 1487 1693 adipiscendo

85 1705 267 1765 spiritali
291 1720 425 1764 regno
448 1705 666 1749 carnalem
691 1706 900 1764 superetis
937 1705 1165 1759 affectum,
1198 1714 1242 1749 et
1277 1704 1487 1748 amicitias

85 1778 334 1831 hominum,
355 1792 455 1836 quae
477 1777 523 1819 in
547 1775 714 1835 judicio
736 1777 812 1819 Dei
841 1775 950 1819 nihil
973 1777 1230 1835 proderunt,
1257 1791 1338 1835 pro
1361 1775 1487 1821 devi-

86 1847 230 1894 tandis
251 1848 523 1907 sempiternis
546 1848 686 1906 poenis
704 1863 794 1891 non
812 1846 1000 1891 timeatis
1016 1847 1258 1892 ostendere.
1276 1850 1389 1891 Ecce
1406 1846 1482 1901 ite,

86 1919 322 1974 consulite,
367 1918 475 1979 quid
512 1928 665 1963 contra
704 1920 797 1963 haec
834 1928 979 1963 nostra
1022 1920 1188 1978 possint
1221 1919 1485 1978 respondere

85 1991 334 2049 cognoscite
357 2010 365 2036 :
390 1991 424 2035 si
450 1990 682 2050 proferunt
714 1991 910 2046 chartas,
946 1990 1205 2050 proferimus
1223 1992 1421 2047 chartas3
1451 1990 1485 2033 si

83 2060 210 2106 falsas
233 2071 401 2107 nostras
435 2077 524 2106 esse
555 2061 732 2117 dicunt,
758 2062 842 2107 hoc
860 2077 938 2106 nos
957 2060 1012 2106 de
1031 2062 1117 2106 suis
1135 2061 1279 2107 dicere
1297 2077 1387 2106 non
1415 2061 1484 2105 in-

84 2132 337 2193 dignentur.
355 2136 493 2179 Nemo
516 2132 632 2178 delet
652 2133 706 2177 de
734 2132 847 2178 coelo
866 2134 1224 2178 constitutionem
1241 2135 1332 2188 Dei,
1354 2148 1486 2178 nemo

85 2203 202 2250 delet
225 2205 281 2249 de
302 2214 415 2249 terra
438 2204 677 2249 Ecclesiam
695 2205 773 2249 Dei
802 2224 810 2250 :
831 2204 904 2249 ille
928 2215 1068 2250 totum
1093 2207 1244 2250 orbem
1264 2205 1476 2264 promisit,

84 2276 164 2320 ista
186 2286 329 2321 totum
357 2277 510 2322 orbem
545 2277 728 2334 replevit
751 2296 759 2322 ε
786 2286 829 2321 et
847 2276 982 2321 malos
1006 2277 1139 2322 habet
1163 2286 1206 2321 et
1228 2277 1383 2332 bonos,
1405 2277 1481 2321 sed

85 2362 165 2392 nec
182 2347 228 2391 in
247 2349 371 2392 terris
394 2348 535 2392 amisit
556 2348 638 2392 nisi
657 2348 808 2403 malos,
828 2363 908 2392 nec
930 2348 974 2391 in
998 2347 1159 2392 coelum
1184 2348 1374 2392 admittit
1403 2347 1483 2392 nisi

83 2417 238 2463 bonos
261 2420 354 2463 Erit
378 2428 526 2463 autem
548 2419 669 2463 vobis
689 2419 762 2463 hic
779 2434 919 2463 sermo
934 2454 944 2474 ‚
971 2435 1103 2478 quem
1128 2420 1183 2463 de
1207 2434 1387 2463 munere
1406 2419 1484 2463 Dei

83 2491 206 2535 novit
225 2491 331 2550 ipse,
353 2501 515 2552 quanta
539 2501 581 2535 et
606 2492 722 2550 pacis
745 2500 787 2535 et
817 2500 958 2535 vestra
980 2491 1214 2535 dilectione
1242 2491 1481 2551 depromp-

85 2562 233 2618 simus,
255 2564 465 2610 correctio
487 2564 520 2608 si
540 2562 694 2619 velitis,
719 2563 837 2609 testis
857 2578 958 2609 vero
981 2562 1060 2608 etsi
1079 2561 1238 2609 nolitis.
