1790 3187
189 173 242 200 DE
273 172 461 200 mvzims
492 173 649 209 QUAEsT.
686 174 742 201 AD
773 172 1032 202 sinirnensis.
1068 173 1151 199 Lm.
1189 174 1236 199 11.
1334 163 1415 202 207

34 236 171 298 quillo
182 237 398 297 aequitatis
410 235 592 297 judicio,
609 253 698 297 quo
711 241 824 282 Deus
837 246 993 283 cuncta
1011 236 1237 282 mutabilia
1248 238 1418 283 incom-

33 308 232 354 mutabili
252 306 479 354 voluntate
499 308 706 368 disponit.

92 381 151 424 5⁰.
179 379 262 424 Sed
287 380 493 439 quoniam
512 381 825 440 praescientiam
849 390 892 425 et
919 380 1140 426 seientiam
1164 395 1264 424 eum
1285 379 1417 425 laude

4 474 6 482 ·
31 448 216 496 solemus
238 452 282 496 in
306 451 553 496 hominibus
571 452 805 512 appellare,
825 452 1022 512 iramque
1044 452 1179 511 ipsam
1202 451 1311 496 solet
1334 452 1417 495 hu·

31 536 207 566 manum
229 536 363 579 genus
382 521 428 566 in
450 523 616 582 magnis
639 523 926 582 potestatibus
948 523 1098 567 timere
1121 523 1265 582 potius
1284 537 1417 582 quam

6 593 8 655 ζ
31 591 367 651 reprehendere,
389 602 681 653 congruenter
699 603 902 652 putamus
922 593 1020 637 talia
1040 593 1122 637 diei
1140 592 1195 636 de
1210 596 1312 637 Deo.
1335 592 1418 646 Qui

30 670 174 706 autem
196 662 322 719 zelat,
353 673 397 709 et
422 680 552 724 quem
571 663 739 724 aliquid
769 664 970 723 poenitet,
994 664 1201 723 quoniam
1230 663 1297 709 vel
1322 661 1418 707 eul-

29 733 119 792 pari
138 733 273 789 solet,
299 734 367 780 vel
398 736 443 779 in
473 751 517 780 se
551 733 728 795 eulpam
758 736 999 793 corrigere,
1034 743 1166 794 atque
1196 733 1295 779 ideo
1316 748 1417 779 cum

28 805 358 862 reprehensione
385 807 464 851 ista
491 806 545 851 de
578 806 828 851 hominibus
851 806 961 862 dici,
992 815 1221 864 propterea
1243 815 1414 860 movet,

26 890 125 921 cum
141 875 324 935 legimus
344 894 433 923 esse
451 876 616 938 aliquid
639 878 683 922 in
707 881 794 922 Deo
809 876 1036 937 ejusmodi.
1061 877 1144 921 Sed
1173 876 1246 921 illa
1269 877 1416 935 Serip-

26 955 122 992 tura
152 949 355 993 omnibus
378 948 610 993 consulens
629 983 640 1003 ,
666 956 895 1007 propterea
923 947 1059 1006 magis
1081 956 1124 991 et
1145 948 1223 991 ista
1261 948 1384 1007 ponit
1401 982 1413 1002 ,

25 1033 79 1063 ne
99 1017 171 1063 illa
198 1035 298 1079 quae
333 1019 507 1079 placent
535 1019 594 1064 sie
627 1018 927 1077 intelligantur
950 1018 994 1062 in
1032 1021 1146 1073 Deo,
1192 1018 1416 1078 quomodo

24 1100 342 1136 consueverunt
363 1093 408 1135 in
429 1091 677 1136 hominibus
708 1090 908 1150 intelligi.
946 1094 1026 1134 Per
1057 1091 1151 1135 haec
1179 1091 1294 1135 enirn
1316 1107 1415 1150 quae

24 1161 273 1222 displicent,
299 1177 399 1208 eum
417 1178 467 1207 ea
483 1178 572 1207 non
594 1160 806 1206 audemus
822 1162 881 1206 sie
896 1161 1140 1220 intelligere
1162 1162 1206 1206 in
1229 1165 1340 1218 Deo,
1366 1171 1417 1207 ut

23 1232 302 1279 inveniuntur
323 1236 368 1280 in
394 1235 585 1290 homine,
610 1235 816 1280 discimus
848 1236 976 1278 etiam
1010 1233 1083 1278 illa
1111 1235 1170 1278 sic
1198 1249 1412 1294 quaerere,

23 1320 121 1365 quae
155 1315 254 1365 apta
290 1321 380 1350 esse
417 1314 549 1366 atque
580 1306 882 1350 convenientia
917 1305 1196 1364 putabamus.
1238 1308 1346 1350 Nam
1381 1304 1416 1348 si

24 1385 248 1436 propterea
277 1392 366 1421 non
394 1386 458 1421 est
487 1376 598 1420 illud
625 1376 680 1420 de
709 1379 799 1420 Deo
832 1375 1084 1431 dicendum,
1123 1376 1226 1436 quia
1254 1376 1300 1419 in
1331 1376 1414 1419 ho-

23 1447 138 1498 mine
170 1447 396 1507 displicet,
436 1464 526 1492 non
566 1447 760 1492 dieamus
799 1447 1205 1492 incommutabilem
1247 1450 1411 1502 Deum,

22 1518 122 1578 quia
141 1517 196 1563 de
222 1519 473 1563 hominibus
489 1534 586 1562 eum
611 1519 949 1578 reprehensione
971 1519 1140 1563 dictum
1164 1528 1249 1573 est,
1281 1521 1414 1563 «Non

27 1610 44 1631 ιι
70 1592 183 1635 enim
205 1601 268 1636 est
290 1590 374 1635 illis
396 1591 724 1635 commutatio2.
762 1610 779 1632 »
807 1593 917 1634 Item
941 1599 1043 1634 sunt
1066 1592 1288 1650 quaedam,
1315 1605 1415 1650 quae

21 1661 65 1706 in
77 1661 252 1706 homine
270 1661 505 1707 laudabilia
524 1672 641 1716 sunt,
659 1662 705 1706 in
721 1665 810 1706 Deo
830 1671 974 1706 autem
990 1677 1079 1706 esse
1098 1677 1188 1706 non
1205 1670 1410 1721 possunt:

40 1733 128 1778 icut
148 1733 308 1793 pudor,
333 1734 454 1794 quod
473 1743 653 1778 aetatum
675 1733 930 1778 viridiorum
959 1748 1170 1791 magnum
1194 1742 1258 1776 est
1279 1748 1412 1777 orna-

65 1813 216 1849 entum
243 1823 251 1848 z
277 1805 387 1849 sicut
406 1805 536 1849 timor
554 1804 646 1859 Dei,
671 1820 761 1849 non
784 1804 900 1848 enim
926 1813 1099 1848 tantum
1122 1804 1167 1848 in
1195 1804 1414 1847 veteribus

35 1872 139 1918 ibris
161 1873 387 1930 laudatur,
414 1874 489 1920 sed
509 1874 745 1934 Apostolus
766 1875 896 1918 etiam
921 1875 1028 1918 dicit
1047 1909 1058 1929 ,
1088 1893 1108 1916 «
1135 1874 1414 1918 Perfieientes

25 1962 43 1986 »
67 1946 451 1990 sanctificationem
482 1947 528 1990 in
561 1948 715 1991 timore
745 1947 871 2003 Dei23
901 1964 920 1987 »
948 1946 1024 2005 qui
1051 1946 1205 2006 utique
1244 1945 1288 1988 in
1322 1948 1414 1990 Deo

51 2016 164 2061 ullus
190 2027 268 2063 est.
297 2019 416 2064 Sicut
437 2033 540 2077 ergo
565 2017 768 2077 quaedam
792 2017 1030 2062 laudabilia
1060 2017 1291 2061 hominum
1322 2033 1412 2061 non

25 2097 134 2133 reete
153 2089 358 2134 dicuntur
379 2090 421 2133 in
450 2093 563 2147 Deo,
588 2090 647 2133 sic
675 2088 879 2149 quaedam
910 2088 1145 2148 culpabilia
1179 2090 1408 2133 hominum

42 2168 134 2204 ecte
150 2160 451 2219 intelliguntur
471 2162 517 2205 in
532 2164 619 2205 Deo
635 2161 820 2206 :nonita
835 2170 884 2205 ut
900 2160 945 2204 in
963 2160 1233 2215 hominibus,
1249 2160 1324 2204 sed
1339 2175 1412 2204 vo·

27 2230 183 2276 :abulis
205 2241 376 2277 tantum
400 2231 533 2277 modo
551 2231 882 2287 communibus,
913 2231 1044 2290 longe
1066 2231 1147 2275 alia
1172 2232 1338 2276 ratione
1368 2240 1412 2276 et

65 2301 163 2346 odo.
183 2305 293 2348 Nam
323 2303 456 2362 paulo
477 2312 575 2362 post
597 2302 712 2347 idem
739 2301 941 2357 Samuel,
972 2302 1043 2346 cui
1067 2302 1233 2346 dixerat
1260 2302 1408 2346 Domi-

29 2386 116 2426 nus,
144 2391 163 2414 α
188 2374 379 2418 Poenitet
401 2388 472 2418 me
498 2372 618 2433 quod
640 2372 939 2418 constituerim
971 2387 1115 2430 regem
1139 2372 1265 2427 Saiil,
1290 2373 1410 2432 »ipsi

30 2442 138 2488 §aiiii
160 2445 218 2490 ait
234 2443 289 2490 de
319 2448 428 2500 Deo,
457 2463 478 2488 «
500 2445 713 2499 Quoniam
736 2460 826 2489 non
845 2452 907 2490 est
933 2443 1046 2489 sieut
1063 2443 1212 2500 homo,
1239 2453 1289 2489 ut
1311 2459 1409 2504 poe-

71 2533 80 2550 ¹
100 2527 176 2562 Psal.
204 2539 269 2571 ιιν,
293 2539 343 2563 20.
360 2545 401 2556 —
418 2536 431 2553 ²
455 2540 467 2564 ι
489 2532 564 2563 Cor.
585 2540 640 2571 vii,
663 2541 692 2563 1.
