1790 3187
592 230 790 258 EPISTOLA
825 231 982 258 xxviv.
1397 221 1478 259 343

96 297 150 339 de
170 293 373 339 laudibus
393 294 468 338 Dei
491 309 580 338 esse
599 294 787 338 officiosa
812 294 1034 338 mendacia
1049 330 1058 348 ‚
1082 305 1127 338 ut
1149 297 1265 353 apud
1285 297 1481 340 homiues

95 365 303 426 pigriores
325 363 502 408 dilectio
523 366 615 424 ejus
637 363 830 408 ardescat
859 385 867 409 ;
895 376 1025 425 atque
1047 367 1104 410 ita
1129 382 1341 426 nusquam
1365 378 1481 412 certa

97 437 176 481 erit
197 436 242 479 in
266 434 385 479 libris
416 438 572 479 sanctis
593 445 721 479 castoe
749 436 941 480 veritatis
964 437 1210 481 auctoritas.
1237 439 1391 481 Nonne
1418 449 1483 483 at-

98 505 333 560 tendimus,
354 505 556 550 eumdem
573 506 828 566 Apostolum
847 523 945 551 cuin
966 508 1129 567 ingenti
1143 524 1246 553 cura
1262 525 1485 553 commen—

97 577 255 624 dandae
272 578 461 621 veritatis
477 577 646 622 dicere:
673 599 691 620 «
711 579 752 623 Si
772 588 916 623 autem
937 580 1132 624 Christus
1151 596 1237 624 non
1255 581 1487 625 resurrexit

103 668 122 692 »
147 650 286 693 inanis
311 658 373 693 est
396 648 646 708 praedicatio
679 661 852 708 nostra3
876 652 1013 695 inanis
1039 661 1102 695 est
1128 662 1170 695 et
1193 651 1300 695 sides
1328 661 1482 696 vestra.

104 740 122 762 »
148 720 400 764 Invenimur
422 731 566 764 autem
591 730 634 764 ct
663 719 756 764 falsi
787 730 894 765 teste
928 723 1001 765 Dei
1030 741 1038 766 z
1064 722 1166 780 quia
1193 723 1488 767 testimouium

103 811 122 832 »
148 791 334 835 diximus
365 791 570 835 adversus
601 795 770 848 Deum,
813 794 933 852 qued
969 794 1189 837 suscitavit
1227 795 1446 839 Christum
1475 830 1487 850 ,

101 882 120 904 »
146 879 276 922 quem
307 878 395 906 non
419 863 684 907 suscitavit&
719 885 734 903 »
763 865 803 908 Si
829 865 924 923 quis
948 865 1050 908 huic
1074 866 1237 908 diceret
1271 885 1277 908 :
1304 867 1417 916 Quid
1446 866 1489 908 in

98 934 180 978 hoe
207 934 430 977 mendacio
451 936 757 993 perhorrescis,
784 950 880 978 cum
908 934 949 977 id
975 935 1155 989 diteris,
1183 938 1301 993 quod
1325 937 1492 979 etiamsi

97 1004 255 1048 falsum
279 1005 356 1058 sit,
387 1004 440 1047 ad
464 1005 611 1047 itidem
641 1005 713 1047 Dei
744 1006 929 1048 maixime
948 1006 1129 1064 pertinet
1149 1008 1165 1050 P
1184 1009 1338 1051 Nonne
1363 1007 1492 1066 liujus

99 1075 334 1120 detestatus
366 1074 574 1118 insaniam
593 1110 604 1129 ‚
632 1076 792 1136 quibus
814 1086 957 1134 posset
979 1076 1119 1120 verbis
1144 1087 1186 1120 et
1209 1077 1490 1135 significatio-

99 1145 249 1200 nibus,
282 1145 327 1189 in
355 1145 497 1190 lucem
525 1145 759 1205 penetralia
794 1146 859 1190 sui
882 1146 1024 1190 cordis
1047 1148 1276 1207 (spertinet,
1302 1148 1492 1192 clamans

97 1233 187 1262 non
211 1218 378 1261 minore
394 1227 471 1261 aut.
493 1216 673 1262 fortasse
697 1218 825 1261 etiarn
851 1219 1011 1278 majore
1032 1219 1192 1264 scelere
1214 1219 1259 1263 in
1285 1222 1372 1264 Deo
1395 1220 1490 1263 lau-

48 1302 59 1337 )
86 1290 190 1338 inari
211 1288 444 1333 falsitatem
461 1325 471 1344 ,
498 1305 630 1349 quam
649 1289 885 1349 vituperari
905 1291 1159 1335 veritatem?
1179 1292 1410 1350 Agendum
1431 1302 1492 1336 est

97 1361 251 1420 igitur,
286 1370 335 1404 ut
362 1359 415 1404 ad
445 1360 737 1419 cognitionem
768 1360 1013 1405 divinarum
1049 1362 1370 1422 Scripturarum
1396 1362 1492 1407 talis

97 1433 230 1477 homo
249 1430 451 1486 accedat,
475 1433 551 1492 qui
569 1432 623 1475 de
641 1432 798 1476 sanctis
815 1431 935 1476 libris
954 1442 1040 1476 tam
1056 1441 1204 1477 sancte
1221 1442 1264 1477 et
1284 1434 1493 1478 veraciter

98 1503 335 1558 existimet,
362 1513 412 1547 ut
435 1502 545 1547 nolit
567 1502 710 1563 aliqua
732 1519 882 1547 eorum
913 1513 1033 1562 parte
1056 1503 1261 1547 delectari
1291 1519 1368 1563 per
1390 1505 1491 1549 ossi-

97 1575 210 1619 ciosa
232 1573 457 1618 mendacia
475 1609 485 1629 ,
512 1574 743 1634 potiusque
763 1573 834 1628 id,
861 1575 981 1633 quod
1005 1590 1093 1618 nou
1115 1574 1345 1634 intelligit,
1369 1585 1491 1620 tran-

97 1656 213 1702 seat,
234 1662 366 1706 quarn
389 1661 463 1690 cor
485 1661 611 1689 suum
638 1644 839 1704 praeferat
861 1645 921 1689 illi
948 1647 1132 1691 veritati.
1155 1646 1358 1691 Profecto
1374 1647 1490 1691 enim

97 1733 196 1762 curn
217 1718 300 1761 hoc
316 1717 447 1771 dicit,
469 1716 585 1760 credi
604 1717 685 1760 sibi
704 1717 866 1775 expetit
885 1752 895 1771 ,
915 1726 953 1760 et
975 1716 1019 1760 id
1036 1718 1123 1775 agit
1139 1753 1149 1772 ,
1175 1727 1225 1761 ut
1243 1717 1488 1762 divinarum

100 1789 422 1846 Scripturarum
447 1787 779 1831 auctoritatibus
802 1803 890 1830 non
917 1788 1160 1832 credamus.

158 1862 211 1903 V.
247 1862 304 1904 Et
327 1874 406 1917 ego
427 1857 604 1918 quidem
632 1857 1030 1919 qualibuscumque
1055 1860 1241 1912 viribus,
1269 1874 1376 1919 quas
1401 1862 1490 1904 Do—

97 1931 240 1975 minus
263 1930 476 1988 suggerit,
499 1929 643 1974 omnia
663 1928 732 1972 illa
754 1930 1023 1983 testimonia,
1052 1946 1151 1990 quae
1171 1929 1367 1974 adhibita
1388 1941 1493 1974 sunt

99 2000 343 2046 astruendae
369 2000 543 2044 utilitati
571 2001 781 2044 mendacii
803 2036 812 2054 ‚
839 2001 963 2044 aliter
986 2011 1187 2060 oportere
1208 2000 1394 2059 intelligi
1422 2017 1490 2045 os-

102 2073 323 2122 tenderem
346 2108 357 2125 ,
403 2081 453 2117 ut
491 2072 654 2131 ubique
688 2088 838 2116 eorum
881 2073 1003 2115 firma
1042 2072 1200 2117 veritas
1242 2072 1487 2116 doceretur.

100 2149 235 2198 Quam
266 2145 380 2188 enim
417 2144 658 2188 testimonia
687 2142 912 2187 mendacia
942 2159 1031 2187 csse
1064 2160 1152 2188 non
1182 2142 1367 2199 debent,
1400 2154 1488 2187 tam

101 2231 188 2260 non
211 2216 372 2260 debent
390 2214 534 2259 favere
562 2214 802 2259 mendacio.
833 2217 915 2260 Sed
935 2216 1018 2259 hoc
1035 2215 1334 2273 intelligentiae
1357 2215 1490 2259 relin-

99 2303 187 2347 quo
219 2296 319 2330 tuae.
364 2285 550 2330 Admota
581 2287 698 2330 enirn
730 2285 906 2329 lectioni
936 2285 1200 2344 diligentiori
1238 2287 1487 2330 considera-

103 2358 244 2415 tione,
280 2357 419 2402 multo
452 2356 497 2401 id
528 2356 705 2401 fortasse
743 2355 911 2401 facilius
938 2358 1103 2400 videbis
1136 2372 1266 2417 quam
1299 2373 1393 2416 ego.
1422 2359 1486 2401 Ad

100 2429 212 2473 hanc
233 2438 378 2472 autem
397 2428 787 2472 considerationem
810 2437 937 2486 coget
957 2437 996 2470 te
1017 2428 1171 2485 pietas,
1195 2444 1281 2487 qua
1304 2444 1488 2486 cognos-

101 2500 160 2545 cis
182 2500 396 2545 ssuctuare
418 2500 720 2544 auctoritatem
742 2499 1061 2557 Scripturarum
1080 2499 1348 2554 divinarum,
1376 2510 1421 2543 ut
1444 2501 1487 2543 in

151 2591 158 2606 ¹
192 2597 202 2616 1
229 2587 300 2617 Cor.
327 2595 382 2625 κν,
407 2585 456 2625 14‘.
