1790 3187
315 225 370 264 26
751 232 783 260 s.
821 231 1049 261 Aueus'rmx
1085 232 1262 260 ammom

314 300 486 347 videtur
503 299 688 354 habere,
715 296 936 342 auferatur
958 297 1011 341 ab
1033 299 1131 353 eo¹;
1155 305 1197 340 et
1217 296 1418 340 manibus
1441 311 1490 341 ac
1513 295 1696 356 pedibus

312 372 452 429 ligatis
471 370 666 413 mittatur
680 369 726 412 in
748 367 948 411 tenebras
963 366 1231 410 exteriores2.
1253 367 1524 425 Quapropter
1543 367 1618 410 Dei
1640 367 1696 410 ti-
1760 404 1763 407 .

314 457 408 486 mor
430 456 518 484 non
547 439 688 484 solum
709 438 906 492 inchoat,
933 437 1008 482 sed
1029 437 1159 481 etiam
1183 437 1350 496 perficit
1367 437 1628 496 Sapientem.
1655 440 1696 481 Is

315 521 379 557 est
396 520 542 555 autem
556 510 632 570 qui
649 523 817 553 summe
834 507 973 567 diligit
989 511 1127 553 Deum
1142 542 1153 564 ,
1171 516 1214 551 et
1230 508 1474 566 proximum
1488 517 1696 568 tanquam

314 598 359 627 se
375 582 532 641 ipsum.
545 583 653 635 Quae
662 589 806 624 autem
820 578 865 623 in
877 579 960 623 hoc
970 578 1122 623 itinere
1129 576 1320 637 pericula
1333 577 1698 638 difficultatesque

313 651 561 696 metuendae
591 651 705 703 sint,
745 658 789 693 et
822 648 979 709 quibus
1013 647 1212 692 remediis
1243 649 1306 693 uti
1348 656 1573 707 oporteat,
1614 648 1696 693 alia

312 721 496 781 quaestio
511 728 589 764 est.

375 794 571 845 QUAEsno
608 792 837 836 XXXVII.
858 816 915 824 --
942 788 1095 834 Melior
1121 797 1185 833 est
1205 802 1373 847 semper
1393 797 1541 844 natus,
1566 804 1699 849 quam

312 863 388 922 qui
403 877 575 921 semper
597 862 803 906 nascitur.
830 860 940 914 Quia
963 859 1039 919 qui
1063 873 1230 918 semper
1258 858 1448 902 nascitur
1463 893 1474 914 ,
1503 859 1697 903 nondum

312 944 375 979 est
398 943 548 991 natus3
575 943 617 978 et
648 947 874 993 nunquam
893 941 1020 976 natus
1039 940 1103 975 est
1121 940 1196 975 aut
1208 940 1333 975 natus
1356 932 1457 987 erit,
1482 931 1514 974 si
1529 945 1698 990 semper

312 1005 518 1049 nascitur.
547 1003 681 1048 Aliud
702 1013 766 1048 est
788 1003 904 1047 enim
926 1002 1062 1057 nasci,
1095 1001 1213 1046 aliud
1234 1010 1385 1046 natum
1409 1016 1511 1045 esse.
1538 1004 1601 1045 Ac
1622 1016 1699 1059 per

311 1076 394 1120 hoc
435 1089 662 1134 nunquam
695 1074 809 1118 filius
824 1108 834 1127 ‚
871 1073 906 1116 si
947 1087 1173 1131 nunquam
1210 1080 1336 1116 natus
1368 1090 1378 1116 ι
1402 1071 1516 1116 filius
1553 1080 1700 1115 autem

311 1146 414 1205 quia
436 1154 584 1200 natus,
609 1153 672 1188 est
688 1159 859 1204 semper
876 1143 1006 1198 filius,
1025 1158 1192 1202 semper
1213 1143 1343 1201 igitur
1365 1151 1504 1186 natus.

371 1218 568 1268 Qosaszrio
602 1217 851 1259 XXXVIII.
866 1216 1044 1260 —Cum
1063 1213 1179 1258 aliud
1199 1214 1251 1258 sit
1273 1223 1443 1269 natura,
1469 1212 1588 1257 aliud
1617 1213 1699 1258 dis-

312 1284 468 1344 ciplina
488 1320 498 1338 ,
536 1284 655 1345 aliud
686 1300 810 1338 usus,
843 1293 884 1328 et
915 1285 1008 1327 haec
1042 1285 1086 1327 in
1116 1299 1203 1327 una
1227 1284 1368 1327 anima
1399 1283 1698 1342 intelligantur

311 1354 432 1398 nulla
448 1353 693 1410 diversitate
707 1354 960 1397 substantiae
977 1373 987 1398 2
1007 1354 1109 1396 item
1128 1368 1227 1396 cum
1249 1352 1369 1396 aliud
1383 1354 1436 1396 sit
1452 1354 1693 1411 ingenium,

312 1423 432 1469 aliud
456 1424 591 1470 virtus
607 1458 618 1479 ,
640 1423 757 1468 aliud
776 1423 1086 1483 tranquillima,
1112 1423 1304 1467 similiter
1327 1424 1454 1467 unius
1475 1423 1694 1484 ejusdem—

311 1510 397 1554 que
411 1495 663 1539 substantiae
680 1514 688 1539 :
704 1504 748 1539 et
761 1510 861 1539 cum
878 1495 1019 1538 anima
1032 1494 1084 1538 sit
1094 1494 1268 1538 alterius
1281 1495 1550 1549 substantiae,
1564 1510 1697 1552 quam
1738 1538 1746 1544 ,

312 1569 442 1621 Deus,
458 1581 710 1625 quanquam
726 1566 780 1610 ab
795 1565 871 1610 illo
884 1565 998 1609 facta
1014 1586 1025 1623 3
1045 1566 1133 1624 ipse
1147 1574 1288 1609 autem
1306 1568 1417 1609 Deus
1432 1566 1484 1609 sit
1501 1566 1699 1610 sacratis·
1766 1578 1768 1587 ’

310 1636 414 1679 sima
433 1635 523 1691 illa,
549 1644 592 1679 et
613 1635 760 1679 multis
781 1636 936 1690 verbo,
962 1650 1008 1678 re
1031 1636 1180 1694 paucis
1199 1635 1372 1694 cognita
1394 1635 1577 1679 Trinitas
1599 1654 1608 1679 :
1633 1635 1701 1679 di-

309 1704 589 1763 ligentissime
608 1705 960 1763 investigandum
979 1714 1068 1760 est,
1093 1705 1214 1765 quod
1231 1704 1290 1749 ait
1313 1705 1522 1749 Dominus
1544 1707 1667 1749 Jesus
1688 1724 1697 1750 :

316 1795 334 1817 «
359 1778 497 1820 Nemo
517 1776 637 1820 venit
666 1776 721 1819 ad
745 1791 814 1821 me
830 1811 841 1831 ‚
876 1776 957 1820 nisi
985 1791 1116 1835 quem
1146 1779 1274 1820 Pater
1304 1778 1525 1820 attraxerit
1551 1796 1560 1821 ;
1588 1794 1607 1818 »
1632 1786 1696 1832 et,

315 1865 334 1888 «
360 1848 498 1891 Nemo
539 1846 658 1890 venit
695 1845 749 1890 ad
792 1850 987 1902 Patrem,
1012 1848 1092 1891 nisi
1113 1861 1190 1906 per
1213 1861 1284 1890 me
1310 1865 1319 1892 ι
1347 1856 1390 1891 et
1433 1848 1523 1905 ipse
1552 1862 1626 1892 vos
1654 1848 1699 1891 in

313 1933 334 1958 »
359 1930 535 1961 omnem
557 1916 764 1960 virtutem
784 1915 1008 1961 inducet3.
1037 1935 1057 1957 »

368 1988 566 2040 Quffismo
583 1988 790 2031 XXXIX.
810 2012 868 2021 —-
885 1987 1001 2041 Quid
1022 1996 1085 2031 est
1109 1987 1230 2046 quod
1264 1988 1419 2046 accipit
1447 2003 1542 2032 eam
1577 2003 1695 2042 rem,
1759 1970 1761 1989 ⁵

310 2072 443 2118 quam
474 2059 742 2102 commutat?
764 2067 814 2102 ut
843 2057 1003 2102 animal
1025 2058 1188 2102 cibum.
1212 2058 1326 2110 Quid
1349 2067 1412 2102 est
1434 2059 1553 2118 quod
1586 2060 1699 2104 acci-

312 2128 443 2186 pitur,
469 2137 512 2171 et
533 2142 622 2171 non
644 2129 964 2172 commutatur?
982 2136 1030 2171 ut
1057 2126 1172 2171 idem
1196 2127 1335 2171 cibus.
1365 2127 1480 2181 Quid
1498 2137 1561 2172 est
1578 2128 1699 2188 quod

313 2197 539 2256 accipitur,
561 2206 604 2241 et
619 2213 707 2242 non
722 2207 1016 2242 commutatur
1027 2199 1044 2239 ‘3
1063 2206 1111 2241 ut
1124 2197 1260 2241 oculis
1273 2196 1362 2252 luX,
1379 2207 1420 2242 et
1444 2213 1574 2242 sonus
1589 2198 1700 2242 auri-

312 2269 409 2312 bus.
445 2268 528 2312 Sed
552 2269 644 2312 haec
672 2284 748 2327 per
769 2284 926 2327 corpus
948 2268 1104 2328 accipit
1126 2268 1269 2312 anima
1295 2288 1303 2312 ε
1329 2268 1437 2328 quid
1459 2278 1522 2313 est
1551 2279 1696 2314 autem
1754 2260 1757 2273 ἶ

310 2339 432 2397 quod
445 2353 520 2397 per
535 2353 578 2382 se
592 2339 729 2397 ipsam
746 2338 917 2398 accipit,
938 2348 982 2383 et
998 2347 1236 2383 commutat
1253 2339 1298 2383 in
1312 2341 1382 2383 se?
1399 2348 1447 2383 ut
1461 2339 1586 2384 aliam
1606 2340 1698 2384 ani-

311 2423 445 2463 mam,
465 2423 598 2468 quam
621 2407 870 2467 recipiendo
887 2409 929 2452 in
951 2408 1182 2452 amicitiam
1199 2409 1266 2452 sui
1294 2409 1476 2452 similem
1500 2408 1618 2453 facit.
1646 2411 1702 2453 Et

312 2478 420 2539 quid
441 2487 505 2523 est
521 2478 642 2538 quod
662 2494 739 2538 per
756 2495 800 2524 se
822 2480 956 2539 ipsam
983 2479 1163 2538 accipit,
1188 2488 1232 2524 et
1253 2495 1344 2524 non
1367 2481 1634 2526 commutat?
1650 2490 1700 2525 ut
1750 2491 1753 2513 ὲ

361 2572 367 2586 ·
392 2564 504 2597 Matth.
525 2574 600 2605 xxv,
619 2574 668 2606 ¹7·
686 2565 910 2606 —21d.xm‚
933 2564 1289 2607 18.-3Joan.v144,
1308 2575 1378 2603 xiv,
1397 2566 1431 2604 6,
1451 2570 1484 2598 et
1498 2577 1568 2607 xvi,
1592 2566 1643 2598 13.
