1790 3187
363 197 441 237 184
779 210 810 235 si
847 206 1078 236 Ancum-im
1112 209 1292 237 EPlscom

414 278 503 318 21⁰.
529 273 655 319 Nulla
677 273 811 332 igitur
831 273 1018 318 intentio
1041 283 1213 318 tenetur
1234 273 1445 332 Apostoli,
1466 283 1508 318 et
1540 276 1730 322 omnium

346 345 679 405 justificatorum
703 358 780 402 per
804 358 912 403 quos
931 344 1056 388 nobis
1078 343 1327 388 intellectus
1357 345 1504 402 gratiae
1529 344 1743 401 0101110115--

350 426 486 460 tratus
519 423 606 469 est,
639 414 718 457 nisi
752 422 802 457 ut
833 415 907 473 qui
938 414 1170 473 gloriatur,
1207 414 1252 457 in
1277 414 1460 458 Domino
1483 414 1726 472 glorietur¹.

351 486 455 539 Quis
478 485 593 528 enim
611 483 813 527 discutiet
834 499 965 542 opera
988 484 1182 537 Domini,
1204 499 1252 526 ex
1270 482 1421 526 eadem
1436 486 1732 543 conspersione

352 570 490 599 unum
513 554 774 608 damnantis,
797 552 1296 613 alterumjustificantisi‘
1315 553 1519 596 Liberum
1539 553 1732 600 volunta-

352 627 404 670 tis
428 624 650 668 arbitrium
675 623 911 683 plurimum
943 623 1078 681 valet3
1104 624 1190 667 imo
1212 638 1335 678 vero,
1361 632 1423 667 est
1439 623 1640 682 quidem,
1660 625 1732 671 sed

350 696 396 738 in
426 693 700 739 venumdatis
735 694 815 737 sub
845 702 1023 752 peccato
1054 691 1161 753 quid
1192 692 1335 736 valet?
1365 711 1384 734 «
1409 694 1543 748 Caro,
1568 693 1728 754 inquit,

356 784 375 806 »
401 764 670 823 concupiscit
706 763 908 808 adversus
938 763 1137 822 spiritum
1165 772 1208 806 et
1234 762 1409 821 spiritus
1427 763 1628 808 adversus
1642 780 1731 809 car-

353 855 372 878 »
398 851 498 880 nem
517 871 528 891 ,
561 844 610 879 ut
636 850 725 879 non
747 850 796 879 ea
829 850 928 895 quae
954 834 1084 879 vultis
1118 833 1282 878 t'aciatis
1296 837 1327 877 2.
1360 851 1379 874 ³)
1407 834 1661 894 Praecipitur
1685 846 1732 883 ut

351 916 466 950 recte
484 906 696 960 vivamus,
718 906 797 949 hac
819 906 969 965 utique
993 905 1192 949 mercede
1214 904 1447 964 proposita,
1470 914 1520 949 ut
1537 907 1582 948 in
1605 914 1728 950 00101·-
1756 936 1757 941 =

349 992 452 1020 num
478 977 602 1020 beate
624 976 767 1020 vivere
789 990 1031 1019 mereamur
1053 994 1061 1019 :
1088 976 1162 1019 sed
1186 976 1282 1034 quis
1299 984 1441 1034 potest
1459 985 1574 1019 recte
1592 976 1730 1022 vivere
1755 1002 1756 1006 =

349 1057 392 1091 et
420 1048 532 1090 bene
554 1048 744 1105 operari,
779 1046 858 1089 nisi
878 1046 1137 1106 justificatus
1171 1061 1223 1089 ex
1254 1046 1390 1090 fide3‘?
1411 1047 1663 1105 Praecipitur
1685 1056 1730 1092 ut

348 1117 598 1171 credamus,
625 1126 674 1160 ut
701 1115 817 1160 dono
848 1125 1025 1175 accepto
1051 1116 1233 1176 Spiritus
1261 1118 1396 1160 sancti
1434 1132 1511 1175 per
1534 1116 1729 1161 dilectio-

348 1203 447 1232 nem
471 1187 581 1230 bene
603 1187 768 1245 operari
791 1187 1000 1245 possimus
1019 1205 1027 1230 :
1055 1187 1130 1230 sed
1152 1187 1248 1246 quis
1273 1196 1415 1246 potest
1437 1187 1630 1242 credere,
1653 1188 1729 1232 nisi

348 1257 490 1317 aliqua
507 1257 750 1310 vocatione,
773 1256 855 1300 hoc
879 1265 956 1311 est,
980 1255 1122 1315 aliqua
1145 1272 1290 1300 rerum
1310 1257 1610 1301 testificatione
1639 1268 1730 1302 tan·
1756 1269 1758 1281 ¹

347 1330 497 1387 gatar?
530 1328 635 1381 Quis
669 1327 801 1371 habet
832 1328 875 1370 in
898 1334 1107 1385 potestate
1138 1325 1210 1370 tali
1244 1327 1334 1371 viso
1357 1327 1511 1385 attingi
1543 1337 1728 1373 mentem

346 1416 465 1445 suam
480 1434 490 1454 ,
517 1414 605 1459 quo
625 1399 716 1457 ejus
739 1398 938 1441 voluntas
961 1408 1186 1441 moveatur
1208 1397 1263 1441 ad
1280 1397 1437 1442 fidem?
1459 1399 1564 1451 Quis
1587 1409 1727 1444 autem

347 1471 492 1515 animo
520 1467 796 1527 amplectitur
825 1466 1011 1527 aliquid,
1039 1467 1158 1527 quod
1181 1482 1279 1510 cum
1314 1483 1402 1511 non
1425 1467 1728 1518 delectatPaut

345 1543 440 1603 quis
462 1540 594 1584 habet
620 1540 664 1582 in
689 1547 899 1598 potestate
928 1547 977 1582 ut
1011 1540 1080 1582 vel
1102 1547 1299 1582 occurrat
1321 1540 1442 1598 quod
1465 1554 1564 1582 eum
1585 1539 1727 1585 deleo·
1754 1543 1755 1583 ζ

345 1622 436 1657 tare
457 1611 604 1670 possit,
625 1608 695 1653 vel
713 1608 899 1652 delectet
918 1624 1017 1652 cum
1041 1608 1303 1652 occurrerit?
1327 1610 1438 1653 Cum
1461 1624 1561 1667 ergo
1584 1625 1660 1654 nos
1683 1625 1727 1655 ea

345 1681 579 1735 delectant,
605 1679 765 1739 quibus
783 1679 1059 1738 proficiamus
1077 1679 1132 1722 ad
1156 1682 1310 1733 Deum,
1337 1679 1571 1738 inspiratur
1589 1680 1670 1724 hoc
1688 1689 1727 1725 et
1752 1689 1754 1744 ζ

343 1752 563 1811 praebetur
581 1749 714 1808 gratia
735 1749 826 1803 Dei,
847 1764 935 1793 non
953 1758 1064 1792 nutu
1082 1758 1228 1793 nostro
1247 1757 1288 1792 et
1304 1748 1517 1794 industria
1536 1761 1611 1794 aut
1627 1766 1726 1810 ope-

345 1837 440 1866 rum
464 1821 624 1865 meritis
646 1829 920 1879 comparatur
943 1839 951 1864 ;
974 1821 1074 1879 quia
1102 1829 1151 1864 ut
1180 1821 1234 1864 sit
1258 1829 1391 1864 nutus
1413 1820 1663 1877 voluntatis,
1682 1832 1726 1867 ut

347 1895 401 1937 sit
421 1891 634 1935 industria
657 1889 811 1945 studii,
842 1900 890 1934 ut
917 1891 1002 1934 sint
1024 1906 1153 1949 opera
1176 1891 1385 1934 charitate
1406 1889 1631 1947 ferventia,
1657 1892 1725 1937 ille

345 1964 513 2017 tribuit,
528 1962 599 2006 ille
611 1962 806 2020 largitur.
825 1962 1191 2020 Peterejubemur
1207 1971 1254 2004 ut
1268 1961 1562 2021 accipiamusss,
1575 1973 1617 2007 et
1630 1979 1724 2024 quae

344 2049 436 2078 rere
458 2043 506 2077 ut
525 2032 818 2087 inveniamus,
841 2041 882 2075 ct
906 2031 1074 2091 pulsare
1093 2041 1140 2075 ut
1156 2032 1372 2090 aperiatur
1390 2033 1554 2077 nobis⁴.
1574 2037 1724 2079 Nonne

345 2103 582 2164 aliquando
598 2103 688 2161 ipsa
700 2103 836 2147 oratio
850 2111 993 2146 nostra
1009 2102 1067 2146 sic
1085 2101 1228 2161 tepida
1243 2112 1319 2157 est,
1336 2103 1405 2148 vel
1420 2104 1561 2162 potius
1575 2103 1722 2162 frigida

345 2185 388 2220 et
410 2189 520 2234 pene
542 2173 687 2229 nulla,
713 2174 799 2217 imo
819 2173 997 2217 omnino
1022 2172 1241 2216 interdum
1270 2173 1327 2217 ita
1347 2174 1487 2229 nulla,
1514 2185 1561 2219 ut
1583 2190 1721 2234 neque

342 2247 488 2291 hocin
510 2245 632 2289 nobis
652 2259 752 2288 cum
775 2243 923 2288 dolore
942 2244 1243 2287 advertamus?
1266 2245 1367 2304 quia
1390 2246 1422 2288 si
1446 2245 1514 2289 vel
1537 2246 1619 2290 hoc
1642 2245 1718 2290 do-
1746 2255 1748 2264 ’

342 2317 496 2370 lemus,
523 2317 612 2375 jam
647 2330 834 2359 oramus.
873 2314 988 2367 Quid
1021 2328 1123 2372 crgo
1155 2314 1271 2357 aliud
1303 2314 1545 2359 ostenditur
1579 2316 1716 2371 nobis,

344 2389 423 2431 nisi
443 2387 541 2447 quia
566 2396 608 2430 et
630 2396 777 2446 petere
795 2395 1043 2445 ctquaerere
1056 2394 1098 2429 et
1120 2384 1292 2444 pulsare
1314 2385 1385 2429 ille
1403 2386 1624 2442 concedit,
1648 2388 1717 2448 qui
1744 2388 1746 2397 ¹

344 2467 392 2501 ut
414 2459 507 2501 haec
530 2456 758 2512 faciamus,
779 2456 933 2516 jubet?
956 2475 975 2497 «
1001 2456 1137 2513 Igitur
1156 2472 1242 2500 non
1260 2456 1442 2501 volentis
1465 2473 1606 2516 neque
1621 2474 1719 2502 cur·
1743 2517 1745 2522 Δ
1788 2472 1790 2475 ’

393 2550 442 2573 ¹2
460 2544 531 2574 Cor.
552 2552 584 2581 x,
611 2553 713 2582 17.-
733 2549 745 2564 2
766 2544 843 2573 Rom
880 2552 937 2579 vn,
961 2540 1010 2582 14.
1028 2558 1057 2563 --
1086 2539 1098 2563 3
1118 2540 1599 2584 Gat.v,17.-—·‘0Manh.vn‚
1620 2554 1647 2583 7.
