1790 3187
568 257 765 285 ΕΡιεΤοιΑ
801 259 953 285 xxxw.
1378 249 1461 287 389

77 324 301 368 Dominico
336 337 406 366 sex
442 322 606 367 caeteris
635 322 789 366 dicbus
818 323 872 367 ita
895 324 1091 383 jejunare
1125 323 1375 383 compellit,
1413 333 1464 369 ut

74 393 217 438 dicat:
247 412 266 435 «
290 393 479 453 Antiqua
503 405 666 436 remota
690 393 809 447 labe,
840 393 929 437 duo
948 396 989 437 in
1013 410 1142 438 carne
1165 410 1275 448 una,
1302 396 1464 440 Christi

67 464 153 524 jam
180 464 263 508 sub
285 463 511 524 disciplina
540 473 790 517 manenteS‚
825 480 911 508 non
934 464 1097 509 debent
1119 480 1219 509 cum
1255 464 1351 510 liliis
1374 466 1466 511 sine

72 533 166 592 lege
196 544 239 579 et
272 551 370 579 curn
401 535 669 594 principibus
692 535 980 581 Sodomorum
1000 572 1010 590 ‚
1037 547 1079 581 ct
1102 552 1201 581 cum
1225 536 1354 597 plebe
1374 539 1465 582 Go-

72 619 207 649 morae
228 605 467 664 voluptaria
492 607 688 650 convivia
709 622 930 665 exercere3
956 607 1029 652 sed
1050 624 1149 653 cum
1166 609 1466 653 sanctimoniae

71 675 224 721 incolis
253 693 302 721 ac
326 681 412 722 Deo
436 677 603 722 devotis
634 677 815 722 solemni
839 690 881 723 et
905 679 1193 725 ecclesiastico
1211 681 1310 741 jure
1331 680 1468 740 magis

70 763 120 793 ac
143 748 278 807 magis
298 748 492 808 legitime
510 750 728 810 jejunare,
749 760 796 794 ut
817 767 887 794 sex
913 752 1080 795 dierum
1105 751 1173 796 vel
1197 751 1301 795 levis
1323 767 1465 806 error,

65 820 250 879 jejunii,
278 821 484 864 orationis
512 830 555 864 et
578 820 867 880 eleemosynae
899 822 1096 866 fontibus
1122 823 1354 878 abluatur,
1379 837 1470 884 quo

67 891 283 949 possimus
321 891 545 936 Dominica
580 892 717 950 alogia
764 892 913 936 refecti
949 909 1100 936 omnes
1140 893 1300 952 aequali
1336 892 1469 939 corde

67 961 200 1020 digne
212 973 388 1006 cantare
407 982 415 1007 :
435 983 452 1004 «
470 963 695 1016 saturasti,
713 963 907 1015 Domine,
924 962 1113 1005 animam
1128 962 1320 1016 inanem,
1339 973 1469 1024 etpo-

70 1051 90 1074 »
110 1035 207 1078 tasti
225 1034 411 1078 animam
430 1035 662 1078 sitientem.
689 1053 708 1074 n
728 1037 811 1077 Ista
827 1032 974 1077 (licens
992 1044 1073 1077 eta
1092 1032 1468 1094 frequentiajeju-

66 1107 201 1150 nandi
239 1105 380 1150 solum
413 1105 527 1149 diem
566 1106 841 1150 Dominicum
879 1106 1093 1164 excipiens
1115 1141 1126 1160 ‚
1167 1122 1255 1150 non
1297 1115 1468 1149 tantum

66 1176 255 1221 Orientis
279 1187 323 1221 et
343 1177 592 1221 Occidentis
612 1176 798 1236 populos
815 1177 1106 1227 Christianos,
1128 1177 1172 1220 in
1191 1177 1352 1237 quibus
1371 1177 1471 1221 sab-

70 1248 175 1291 bato
221 1264 352 1292 nemo
383 1249 553 1308 jejunat
572 1284 582 1302 ‚
619 1264 770 1292 verum
809 1257 852 1292 et
886 1248 1023 1308 ipsam
1055 1251 1298 1293 Romanam
1328 1246 1466 1292 eccle-

68 1317 172 1362 siam
205 1318 474 1378 improvidus
506 1329 543 1362 et
584 1320 787 1363 incautus
824 1329 1012 1363 accusat.
1053 1321 1164 1363 Cum
1199 1320 1314 1362 enim
1340 1318 1467 1375 dicit3

68 1388 150 1432 sub
187 1388 415 1450 disciplina
446 1389 606 1434 Christi
644 1399 897 1444 manentes,
928 1406 1016 1434 non
1050 1390 1212 1433 debere
1246 1405 1347 1434 cum
1373 1389 1472 1433 fihis

69 1460 160 1503 sine
176 1459 295 1520 lege,
317 1477 415 1505 cum
437 1461 708 1520 principibus
733 1460 933 1506 Sodomae
949 1497 959 1513 ,
980 1477 1079 1505 cum
1099 1460 1228 1521 plebe
1246 1462 1471 1505 Gomorrae

68 1531 311 1591 voluptaria
335 1531 618 1577 sabbatorum
644 1548 842 1576 exercere
865 1532 1059 1577 convivia
1080 1567 1090 1585 ‚
1117 1531 1191 1575 scd
1216 1547 1317 1576 cum
1340 1547 1470 1576 sanc·

68 1603 261 1646 timoniae
292 1602 445 1647 incolis
476 1619 524 1647 ac
563 1606 653 1647 Deo
676 1603 871 1658 devotis,
897 1602 1081 1647 solemni
1108 1612 1151 1646 et
1180 1602 1471 1647 ecclesiastico

61 1673 160 1732 jure
179 1675 312 1731 magis
333 1689 380 1718 ac
399 1674 531 1731 magis
555 1673 957 1734 legitimejcjunare
978 1693 986 1718 :
1008 1690 1056 1717 ac
1079 1673 1238 1717 deinde
1259 1673 1471 1717 definiens

66 1742 174 1802 quid
194 1745 246 1787 sit
262 1744 691 1803 legitimejejtinarffi
718 1746 943 1805 subjungit
966 1755 1008 1788 et
1030 1744 1157 1797 dicit,
1183 1763 1200 1784 «
1224 1754 1272 1787 ut
1288 1760 1359 1787 sex
1377 1744 1470 1788 die-

66 1827 163 1857 rum
181 1813 248 1857 vel
267 1812 373 1857 levis
391 1830 532 1869 error,
549 1814 726 1873 jejunii,
748 1815 952 1858 orationis
971 1823 1012 1857 et
1031 1814 1320 1872 eleemosynae
1343 1812 1472 1858 sonti-

67 1885 149 1928 bus
167 1884 401 1930 abluatur:
423 1904 440 1926 »
463 1886 661 1945 profecto
679 1901 751 1929 eos
765 1885 841 1944 qui
859 1886 1001 1929 minus
1016 1901 1146 1945 quam
1164 1901 1234 1929 sex
1252 1886 1408 1929 diebus
1425 1886 1473 1930 in

13 1949 16 1954 ¹
67 1955 674 2016 ltebdomadejejunant,non
688 1956 1469 2017 putatlegitimeexercet-ejcjunium‚

66 2040 146 2069 nec
165 2029 250 2070 Deo
263 2042 352 2070 esse
370 2027 566 2079 devotos,
585 2042 664 2070 nec
683 2026 871 2070 maculas
886 2027 1040 2070 erroris
1053 2062 1064 2081 ‚
1086 2043 1185 2086 quae
1198 2028 1342 2070 deista
1360 2042 1468 2070 mor-

69 2096 211 2140 taliter
228 2099 579 2151 contrahuntur,
604 2097 798 2141 abluere.
823 2099 1009 2142 Videant
1030 2114 1135 2156 ergo
1158 2098 1344 2141 Romani
1363 2096 1472 2158 quid

69 2178 228 2225 agant,
249 2169 348 2229 quia
371 2169 497 2212 etiam
520 2170 599 2228 ipsi
618 2170 800 2213 nimium
821 2168 1136 2213 contumeliose
1163 2170 1292 2225 hujus
1317 2169 1471 2227 dispu-

70 2240 235 2283 tatione
273 2249 544 2297 tractantur3
581 2240 698 2299 apud
732 2256 840 2301 quos
865 2241 1067 2284 omnibus
1086 2240 1174 2285 istis
1196 2255 1267 2283 sex
1296 2240 1468 2293 diebus,

70 2320 227 2369 praeter
248 2311 530 2370 paucissimos
552 2310 730 2355 clericos
754 2321 828 2354 aut
853 2312 1089 2354 monachos
1108 2345 1118 2364 ‚
1157 2319 1319 2370 quotus
1355 2310 1473 2369 quis—

70 2397 156 2442 que
176 2383 398 2426 invenitur
413 2417 423 2436 ‚
445 2382 521 2441 qui
537 2381 789 2443 frequenter
811 2382 1266 2442 quotidianajejnniaP
1284 2383 1471 2427 maxime

70 2453 172 2513 quia
198 2452 563 2514 ibijcjunandum
592 2454 744 2513 quinta
767 2453 935 2497 sabbati
958 2469 1045 2498 non
1067 2455 1256 2498 videtur.

129 2526 187 2568 X.
223 2525 389 2570 Deinde
406 2541 556 2586 quaero
579 2545 587 2570 :
614 2527 656 2570 Si
676 2526 1022 2586 uniuscujusque
1039 2525 1123 2569 diei
1144 2525 1210 2569 vel
1228 2524 1334 2569 levis
1351 2539 1472 2569 error

76 2595 211 2655 ipsius
238 2596 324 2641 diei
348 2597 516 2657 jejunio
538 2597 720 2643 solvitur
751 2596 820 2642 vel
842 2595 1038 2642 abluitur
1062 2616 1072 2642 ι
1104 2597 1164 2641 sic
1191 2596 1309 2642 enim
1340 2593 1468 2651 dicit,
