1790 3187
355 210 408 236 DE
440 208 542 235 ocTo
575 208 763 234 nrtmTu
795 208 1121 243 Qi'ffiszrioivinvs.
1349 194 1431 231 243

53 273 176 326 vidit,
202 289 279 317 nos
300 274 596 334 ignoraremus
618 294 629 330 3
655 288 794 332 usque
809 274 916 315 adeo
939 271 1217 316 manifestum
1242 278 1323 324 est,
1346 285 1434 313 non

48 343 162 403 ipsos
176 344 388 397 homines,
400 344 473 388 sed
490 344 697 402 imagines
711 359 858 387 eorum
875 343 1027 387 videri.
1040 345 1096 386 Et
1112 342 1278 386 Pharao
1294 340 1432 399 spicas

49 414 211 459 'sedixit
229 414 439 459 vidissein
459 415 618 459 somnis
634 423 676 458 et
702 415 848 467 boves,
862 429 950 458 non
970 414 1185 473 spicarum
1206 421 1281 457 aut
1297 405 1430 455 bou'm

46 484 255 543 imagines
280 487 309 529 ¹.
346 485 388 531 Si
421 485 549 543 igitur
581 484 750 545 liquido
784 493 953 529 constat
991 482 1244 528 nominibus
1277 497 1429 527 earum

47 571 207 612 rerum,
228 557 636 618 quarumimagines
650 565 766 612 sunt,
783 556 952 600 easdem
966 555 1175 614 imagines
1197 553 1432 615 appellari3

47 637 135 675 uon
159 629 316 672 mirum
339 638 402 673 est
433 628 554 689 quod
588 629 808 688 Scriptura
842 628 949 672 dicit
989 626 1235 672 Samuelem
1271 626 1433 681 visum,

45 700 208 750 etiamsi
241 700 352 745 sorte
386 701 530 759 imago
575 700 783 746 Samuelis
818 700 1036 760 apparuit,
1079 700 1436 744 machinamento

47 771 136 831 ejus
158 772 234 831 qui
266 773 543 831 tiansfigurat
563 787 608 817 se
628 771 751 817 velut
777 771 981 831 angelum
1004 771 1131 826 lueis,
1154 779 1198 815 et
1220 769 1437 814 ministros

39 856 144 891 suos
161 843 282 887 velut
300 844 754 922 niinistrosjustitiae.
721 847 739 870 2

106 918 168 957 4⁰.
204 916 299 958 Jam
331 930 434 959 vero
462 916 494 958 si
526 913 636 957 illud
668 923 844 968 movet,
881 911 1109 972 quomodo
1131 919 1175 954 et
1197 926 1221 954 a
1243 910 1439 969 maligno

46 984 198 1044 spiritu
235 985 351 1029 Saiili
382 1001 480 1029 vera
503 985 711 1045 praedicta
744 993 882 1029 sunt:
912 992 1054 1044 potest
1075 982 1247 1027 ctillud
1279 984 1439 1026 mirum

44 1054 204 1109 videri,
236 1056 459 1116 quomodo
482 1056 704 1101 daemones
739 1056 998 1116 agnoverint
1021 1056 1243 1100 Christum
1266 1089 1276 1108 ‚
1304 1068 1436 1114 quem

45 1127 185 1174 Judaei
207 1145 294 1172 non
317 1130 612 1188 agnoscebant
634 1131 666 1173 3.
692 1131 804 1174 Cum
827 1128 942 1172 enim
961 1126 1057 1172 vult
1081 1129 1194 1170 Deus
1210 1126 1342 1169 etiam
1361 1139 1440 1184 per

45 1199 238 1244 infirmos
271 1199 552 1260 infernosque
581 1200 757 1259 spiritus
790 1199 980 1258 aliquem
1019 1213 1119 1241 vera
1146 1211 1436 1255 cognoscere,

45 1271 297 1329 temporalia
330 1272 541 1315 duntaxat
575 1281 710 1331 atque
733 1270 785 1314 ad
819 1271 946 1314 istam
973 1268 1282 1312 mortalitatem
1304 1267 1439 1325 perti·-

45 1342 206 1396 nentia,
237 1340 360 1386 facile
382 1353 470 1397 est,
496 1353 537 1386 et
563 1359 650 1386 non
674 1343 964 1400 incongruum
985 1375 995 1394 ‚
1020 1349 1069 1383 ut
1091 1339 1370 1397 omnipotens
1396 1346 1440 1380 et

39 1413 177 1473 justus
214 1413 268 1457 ad
299 1430 449 1458 eorum
485 1431 657 1473 poenam
679 1450 688 1467 ,
714 1415 875 1473 quibus
906 1414 985 1456 ista
1024 1412 1352 1470 praedicuntur,
1385 1418 1435 1452 ut

45 1483 204 1528 malum
228 1485 346 1544 quod
377 1487 436 1529 eis
457 1475 680 1544 impende-t
703 1495 936 1545 antequam
957 1483 1101 1526 veniat
1121 1480 1441 1541 praenoscendo

45 1555 279 1615 patiantur,
302 1556 475 1600 occulto
499 1567 710 1615 apparatu
735 1555 1071 1598 ministeriorum
1101 1568 1278 1597 suorum
1307 1552 1438 1595 etiam

45 1626 264 1686 spiritibus
287 1628 448 1671 talibus
472 1627 639 1687 aliquid
673 1626 951 1669 divinationis
974 1625 1219 1683 impertiat,
1246 1632 1294 1666 ut
1317 1621 1439 1682 quod

46 1696 230 1741 audiunt
262 1698 318 1741 ab
355 1697 562 1757 Angelis,
595 1700 895 1756 praenuntient
933 1695 1203 1738 hominibus.
1247 1697 1438 1737 Tantum

43 1780 187 1815 autem
207 1769 407 1822 audiunt,
432 1780 647 1829 quantum
672 1771 867 1813 onnium
893 1768 1100 1811 Dominus
1124 1777 1257 1827 atque
1273 1782 1342 1809 mo
1354 1765 1438 1809 de-

45 1850 162 1883 rator
182 1839 249 1897 vel
267 1842 394 1900 jubet
414 1840 482 1884 vel
502 1841 618 1884 sinit.
638 1842 760 1886 Unde
785 1841 912 1883 etiam
933 1839 1109 1897 spiritus
1136 1837 1377 1895 pythonius
1392 1837 1438 1879 in

46 1911 542 1970 ActibusApostolorum
560 1915 789 1955 attestatur
813 1909 948 1954 Paulo
963 1908 1160 1968 apostolo
1173 1911 1206 1962 4,
1227 1918 1270 1951 et
1291 1911 1437 1952 Evan-

47 1982 194 2042 gelista
213 1998 302 2027 esse
320 1994 519 2027 conatur.
536 1984 720 2028 Miscent
737 1993 881 2026 tamen
900 1982 969 2025 isti
992 1981 1197 2033 fallacias,
1220 1990 1262 2023 et
1285 1994 1437 2023 verum

44 2055 165 2127 quod
189 2071 310 2100 nosse
329 2057 564 2114 potueiint,
577 2072 665 2099 non
681 2055 868 2100 docendi
888 2055 1023 2112 maois
1039 2069 1168 2112 quam
1190 2052 1244 2096 d(
1233 2053 1308 2111 εἰς
1319 2051 1438 2095 iendi

44 2114 132 2170 fide
160 2128 472 2185 praenuntiant
499 2130 555 2171 Et
584 2126 694 2171 forte
716 2127 800 2170 hoc
832 2135 897 2169 est
932 2124 1054 2185 quod
1075 2139 1173 2168 cum
1198 2123 1304 2166 illa
1294 2137 1438 2181 imago

50 2196 257 2242 Samuelis
295 2198 468 2243 Saiilem
486 2197 745 2257 praediceret
777 2197 1059 2250 morituiQum
1085 2195 1338 2238 dixitetiam
1368 2209 1438 2237 se-

49 2281 146 2311 cum
169 2268 368 2312 futurum
389 2272 403 2295 ⁵
434 2289 442 2314 :
468 2269 588 2329 quod
620 2269 774 2328 utique
802 2266 957 2311 falsum
985 2275 1063 2310 est.
1091 2265 1441 2324 Magno‘quippe

50 2337 276 2384 intervallo
292 2350 389 2399 post
410 2350 592 2384 mortem
607 2340 793 2397 separari
812 2340 950 2383 bonos
964 2337 1117 2381 amalis
1134 2337 1178 2380 in
1199 2335 1438 2393 Evangelio

50 2407 257 2470 legimus,
281 2427 382 2456 cum
410 2413 622 2457 Dominus
657 2412 772 2456 inter
802 2410 1040 2470 superbum
1076 2407 1202 2453 illum
1236 2408 1434 2463 divitem,

101 2519 110 2536 ¹
131 2517 212 2548 Gen.
233 2517 426 2556 xL1,18.--·
449 2523 460 2539 ²
487 2529 496 2549 l
521 2518 594 2549 Cor.
626 2528 669 2555 xi,
696 2515 746 2556 hi·
762 2534 802 2539 —
819 2513 832 2537 3
860 2515 980 2547 Matth.
1014 2526 1084 2555 viii,
1103 2523 1156 2556 29.
1173 2512 1241 2542 -4-
1269 2515 1340 2546 Act.
1366 2524 1435 2550 xvi,

16 2565 21 2575 i
60 2579 106 2611 17-
125 2569 191 2594 -5
216 2583 227 2604 ι
251 2574 329 2614 Reg.
349 2584 467 2614 xxviii,
498 2584 546 2613 ις).

1187 2624 1249 2662 16.
