1790 3187
582 196 778 227 EPlSTOLA
820 201 943 227 me.
1364 189 1446 228 433

0 265 1 291 ³
60 263 256 321 tuaginta
280 263 491 322 episcopi,
518 264 629 307 sicut
649 263 704 307 de
732 264 872 308 Felice
896 265 1196 324 Aptungitano
1218 265 1411 309 constitit
1432 299 1443 321 ‚

60 334 259 377 absentes
289 342 333 377 et
363 333 616 377 innocentes
652 333 838 393 collegas
857 370 866 388 ,
905 345 992 379 tam
1025 335 1174 379 insana
1205 337 1448 380 temeritate

58 403 337 448 damnarunt.
370 404 495 457 Quali
523 405 637 448 enim
668 404 810 448 turbae
836 405 899 448 illi
929 415 1262 460 consenserant,
1297 416 1345 450 ut
1367 406 1447 450 ad-

58 489 205 519 versus
222 475 474 519 innocentes
497 491 582 519 non
600 476 884 534 interrogatos
902 477 1147 536 proterrent
1169 478 1402 522 sententias
1425 493 1449 521 a

57 544 131 590 tali
155 546 283 589 turba
301 546 428 589 etiam
450 562 593 591 rursus
612 549 802 592 accusari
820 547 1101 592 Caecilianum
1116 548 1339 592 volebant.
1363 549 1449 593 Sed

56 614 185 675 plane
207 631 295 659 non
319 616 424 660 tales
444 616 701 662 invenerant
718 617 908 678 judices,
934 618 1096 678 quibus
1117 618 1236 663 illam
1266 619 1450 662 demen-

56 686 159 730 tiam
182 687 511 745 persuaderent.

113 759 210 802 XV.
248 760 428 802 Potestis
446 758 560 802 enirn
584 774 664 817 pro
680 767 821 803 vestra
836 758 1071 818 prudentia
1093 767 1135 803 et
1159 759 1334 803 illorum
1357 774 1450 818 per-

54 828 300 872 versitatem
330 828 418 873 illic
444 830 689 885 attendere,
723 829 981 889 etjudicum
1008 831 1262 888 gravitatem
1290 845 1450 890 quem-

56 898 292 943 admodum
332 900 387 944 ad
425 910 666 944 extremum
701 901 951 959 persuaderi
988 916 1076 943 non
1113 910 1311 959 possent,
1347 909 1397 944 ut
1428 915 1451 944 a

55 969 182 1029 plebe
200 971 330 1030 partis
349 971 549 1030 Majorini
564 1006 574 1024 ,
597 987 697 1031 quae
719 981 879 1014 certam
905 985 1134 1030 personam
1155 987 1243 1015 non
1261 971 1451 1015 babebat

55 1050 307 1098 argueretur
328 1040 609 1099 Caecilianus,
633 1050 676 1085 et
697 1041 892 1102 requisiti
915 1041 969 1084 ab
991 1041 1051 1084 eis
1073 1051 1216 1086 essent
1235 1041 1302 1085 vel
1322 1057 1452 1086 accu-

55 1120 216 1155 satores
237 1110 307 1155 vel
331 1121 458 1155 testes
484 1111 550 1155 vel
574 1127 755 1171 quoquo
774 1111 905 1156 modo
928 1127 1068 1155 causae
1093 1112 1342 1166 necessarii,
1374 1112 1451 1171 qui

56 1181 185 1226 simul
202 1198 301 1227 cum
320 1182 381 1226 eis
403 1198 454 1226 ex
476 1181 620 1227 Africa
639 1192 872 1236 venerant,
900 1192 942 1226 et
965 1198 1037 1227 eos
1059 1193 1293 1242 praesentes
1321 1181 1452 1226 fuisse

57 1263 188 1313 atque
212 1270 233 1297 a
260 1257 429 1298 Donato
449 1254 692 1299 subtractos
724 1270 813 1298 esse
845 1254 1077 1298 diceretur.
1107 1254 1308 1299 Promisit
1335 1253 1451 1298 idem

57 1327 252 1368 Donatus
268 1324 387 1384 quod
403 1340 475 1369 eos
492 1334 601 1369 esset
615 1326 889 1369 exhibiturus
910 1345 918 1369 :
940 1324 1059 1384 quod
1076 1340 1176 1369 cum
1194 1341 1281 1369 non
1300 1324 1449 1379 semel,

56 1395 132 1440 sed
149 1396 305 1455 saepius
320 1397 604 1455 promisisset,
626 1396 809 1456 amplius
825 1396 878 1440 ad
897 1395 1230 1456 illudjudicium
1247 1397 1453 1440 accedere

57 1466 221 1523 noluit,
246 1466 320 1511 ubi
339 1468 428 1528 jam
452 1477 544 1512 erat
564 1478 679 1513 tanta
709 1468 953 1521 confessus,
979 1477 1028 1511 ut
1056 1468 1164 1510 nihil
1183 1466 1304 1511 aliud
1326 1466 1454 1511 dein-

55 1552 156 1597 ceps
173 1553 262 1582 non
284 1539 532 1583 accedendo
550 1575 561 1593 ,
588 1540 670 1583 nisi
695 1554 882 1598 praesens
906 1538 1103 1582 damnari
1122 1538 1312 1582 noluisse
1331 1537 1454 1582 vidc-

0 1600 1 1604 Ἰ
57 1619 200 1667 retur,
225 1625 325 1654 cum
345 1620 490 1654 tamen
514 1627 561 1654 ea
580 1627 680 1670 quae
707 1610 953 1655 damnanda
984 1618 1147 1663 essent,
1173 1625 1224 1654 eo
1242 1618 1454 1669 praesente

0 1706 1 1728 2
58 1689 188 1741 atque
205 1681 471 1740 interrogato
490 1680 762 1725 manifestata
780 1680 960 1725 fuerint.
982 1680 1169 1723 Accessit
1188 1689 1229 1723 et
1246 1679 1387 1733 aliud,
1406 1688 1456 1723 ut

0 1755 1 1787 ἶ
59 1768 81 1797 a
99 1753 363 1813 quibusdam
383 1752 586 1796 adversus
607 1752 888 1796 Caecilianum
915 1751 1258 1794 denuntiationis
1281 1751 1455 1794 libellus

58 1821 236 1867 daretur
257 1842 265 1867 :
292 1831 389 1881 post
406 1821 525 1882 quod
545 1822 706 1866 sactum
726 1820 1097 1882 quemadmodum
1122 1821 1176 1864 sit
1196 1836 1343 1864 rursus
1365 1821 1456 1880 agi-

60 1903 148 1938 tata
171 1894 385 1953 cognitio,
417 1903 460 1937 et
487 1910 587 1953 quae
617 1908 813 1952 personae
840 1890 964 1936 illum
996 1890 1198 1935 libellum
1223 1891 1452 1946 dederint,

60 1980 239 2025 quoque
256 1964 388 2009 modo
411 1964 522 2008 nihil
542 1966 586 2009 in
611 1964 892 2010 Caecilianum
912 1963 1088 2022 probari
1111 1963 1328 2022 potuerit,
1350 1962 1455 2023 quid

2 2039 3 2077 ζ
60 2034 200 2080 dicam
218 2070 229 2091 ,
255 2051 355 2080 cum
374 2045 416 2080 et
433 2035 656 2080 audieritis
675 2034 843 2089 omnia,
872 2043 914 2078 et
942 2034 1114 2094 quoties
1141 2033 1366 2079 volueritis
1390 2033 1456 2077 le-

62 2121 161 2165 gere
179 2107 374 2165 possitis?

121 2179 242 2221 XVI.
268 2180 330 2220 De
349 2191 531 2221 numero
552 2185 696 2220 autem
716 2175 991 2234 septuaginta
1009 2173 1311 2233 episcoporum
1325 2208 1335 2227 ,
1356 2188 1458 2218 cum

63 2248 186 2308 quasi
220 2247 466 2306 gravissima
509 2256 804 2306 opponeretur
841 2245 1074 2289 auctoritas
1097 2279 1107 2298 ,
1151 2260 1251 2303 quae
1292 2244 1458 2288 fuerint

64 2317 179 2362 dicta
215 2319 464 2362 meministis
501 2336 510 2362 ;
550 2327 591 2361 et
627 2327 770 2361 tamen
804 2316 880 2359 viri
918 2314 1155 2374 gravissimi
1191 2315 1246 2358 ab
1279 2314 1459 2359 infinitis

1 2414 3 2442 5
65 2390 379 2450 quzestionibus
396 2399 544 2433 catena
563 2389 749 2449 quadam
767 2386 1055 2446 inexplicabili
1073 2401 1163 2429 sese
1181 2386 1460 2429 nectentibus

4 2493 5 2498 ,
66 2475 193 2503 suum
214 2470 451 2519 temperare
471 2459 695 2502 arbitrium
717 2457 989 2509 maluerunt,
1013 2471 1286 2515 nequaquam
1306 2471 1460 2499 curan-

71 2538 131 2574 tes
148 2546 279 2590 quam
300 2530 427 2574 multi
444 2538 584 2573 essent
598 2527 659 2572 illi
678 2527 890 2587 episcopi,
908 2537 982 2571 aut
999 2527 1117 2571 unde
1134 2525 1327 2581 collecti,
1350 2541 1459 2585 quos

258 2611 385 2639 cuv.
1192 2597 1242 2635 ᾗς
