1790 3187
629 223 826 252 Erlsa'om
861 226 995 253 XLvn.
1424 215 1509 256 465

124 289 314 332 nascitur
334 288 378 330 in
398 288 525 331 horto
539 287 690 346 templi
713 288 841 342 idoli,
868 303 1137 349 consequens
1154 290 1209 333 sit
1231 299 1280 334 ut
1297 291 1514 337 existime-

123 373 219 403 mus
241 373 330 402 non
346 357 545 402 debuisse
567 358 798 417 Apostolos
812 359 929 417 apud
947 360 1138 404 Athenas
1150 358 1300 404 cibum
1316 376 1486 407 sumere
1498 397 1509 417 ‚

121 429 225 488 quia
247 429 393 472 civitas
409 438 500 472 erat
513 428 720 473 Minervae
738 429 919 488 ejusque
941 430 1111 474 numini
1134 440 1398 476 consecrata.
1419 435 1513 478 Hoc

122 508 166 544 et
187 500 242 543 de
264 508 397 558 puteo
414 499 712 558 responderim
728 498 795 543 vel
809 499 953 555 fonte,
973 501 1047 560 qui
1065 501 1109 544 in
1130 502 1294 562 templo
1311 512 1389 547 est.
1412 503 1515 548 Plus

123 579 268 614 autem
301 580 448 614 movet
476 585 647 623 revera,
685 570 719 614 si
749 569 914 629 aliquid
943 572 1252 617 sacrificiorum
1279 573 1325 617 in
1347 571 1516 618 fontem

122 640 190 684 vel
213 648 396 698 puteum
429 640 694 700 projiciatur.
738 639 821 685 Sed
857 640 1008 685 eadem
1038 643 1148 687 ratio
1177 653 1241 688 est
1272 644 1406 699 aeris,
1442 644 1520 703 qui

123 725 300 754 omnem
323 726 424 754 eum
449 709 619 755 fumum
643 711 820 769 recipit,
852 711 906 755 de
927 728 1016 771 quo
1038 728 1166 771 supra
1196 713 1380 759 diximus
1407 731 1418 759 ε
1443 724 1518 759 aut

123 780 157 824 si
176 780 259 824 hoc
281 779 379 824 ideo
402 789 583 839 putatur
599 779 781 835 distare,
806 782 908 841 quia
926 781 1036 826 illud
1055 783 1336 839 sacrificium,
1361 783 1416 828 de
1430 799 1520 844 quo

123 848 272 894 fumus
295 851 382 894 ae'ri
406 851 712 906 confunditur,
733 867 822 897 non
845 854 895 896 fit
916 853 996 912 ipsi
1020 854 1123 908 aeri,
1148 853 1224 898 sed
1246 853 1366 899 idolo
1393 854 1523 899 alicui

123 920 191 964 vel
213 922 457 980 daemonio3
479 921 715 982 aliquando
739 932 884 967 autem
907 923 966 967 sic
990 925 1227 968 mittuntur
1249 916 1456 968 sacrificia
1478 926 1522 968 in

124 1005 258 1049 aquas
275 1026 285 1045 ‚
316 1001 366 1034 ut
395 992 494 1050 ipsis
526 992 647 1050 aquis
676 992 940 1036 sacrificetur
967 1010 976 1036 ε
1002 1007 1093 1036 non
1116 991 1214 1037 ideo
1248 994 1402 1052 utique
1423 993 1525 1038 solis

123 1061 254 1120 hujus
271 1061 369 1104 luce
390 1077 480 1105 non
504 1061 685 1116 utimur,
707 1062 809 1121 quia
828 1062 866 1106 ei
881 1062 1076 1121 sacrilegi
1090 1063 1167 1107 ubi
1190 1074 1372 1122 possunt
1392 1066 1523 1109 sacri-

121 1132 251 1175 ficare
265 1147 355 1176 non
373 1141 555 1176 cessant.
576 1132 852 1177 Sacrificatur
867 1134 995 1177 etiam
1011 1135 1176 1189 ventis,
1198 1135 1358 1194 quibus
1376 1144 1522 1180 tamen

124 1202 289 1246 utimur
316 1201 372 1246 ad
395 1211 536 1246 tantas
559 1212 726 1247 nostras
751 1204 1109 1259 commoditate3‚
1138 1220 1239 1249 cum
1267 1205 1524 1250 eorumdem

124 1272 435 1316 sacrificiorum
453 1272 624 1316 fumum
650 1274 729 1332 ipsi
748 1273 940 1333 quodam
961 1275 1093 1319 modo
1111 1275 1287 1319 haurire
1308 1286 1351 1320 et
1373 1292 1524 1322 vorare

123 1342 370 1387 videantur.
410 1344 453 1388 Si
476 1344 573 1403 quis
591 1344 766 1388 dubitat
790 1346 844 1389 de
863 1344 1007 1405 aliqua
1024 1360 1153 1390 carne
1170 1381 1181 1403 ‚
1201 1356 1351 1391 utrum
1368 1348 1526 1393 immo-

124 1412 262 1457 latitia
283 1414 336 1457 sit
352 1447 362 1467 ,
383 1422 426 1457 et
448 1429 537 1458 non
561 1423 624 1458 est
646 1413 918 1459 immolatitia
932 1450 942 1470 ‚
969 1415 1004 1459 si
1025 1430 1120 1459 eam
1139 1417 1525 1477 cognitionem‘jte-

126 1484 273 1527 nuerit
290 1483 410 1543 quod
423 1483 697 1528 immolatitia
713 1500 803 1529 non
816 1486 885 1539 sit,
907 1494 950 1529 et
966 1500 1016 1529 ea
1032 1495 1246 1541 vescatur,
1265 1502 1355 1531 non
1373 1489 1527 1548 utique

126 1562 279 1612 peccat
304 1572 313 1597 :
339 1554 442 1613 quia
473 1568 554 1598 nec
579 1562 667 1608 est,
693 1569 774 1598 nec
798 1556 886 1614 jam
909 1563 1085 1613 petatur
1106 1555 1408 1611 immolatitia,
1449 1557 1528 1602 etsi

128 1632 253 1666 antea
274 1624 528 1681 putabatur.
565 1626 717 1683 Neque
740 1623 857 1668 enim
880 1639 969 1668 non
996 1623 1099 1668 licet
1120 1626 1337 1684 corrigere
1359 1627 1525 1684 cogita-

128 1693 265 1737 tiones
283 1709 307 1736 a
330 1692 515 1738 falsitate
536 1694 582 1737 in
599 1695 839 1738 veritatem.
864 1694 906 1738 Si
930 1695 1027 1753 quis
1048 1703 1195 1737 autem
1212 1694 1379 1739 bonum
1395 1706 1525 1755 puta·

126 1763 238 1806 verit
251 1778 356 1816 esse,
375 1763 497 1821 quod
512 1762 678 1806 malum
694 1772 778 1816 est,
798 1772 840 1806 et
857 1763 1011 1807 fecerit
1025 1798 1035 1817 ,
1056 1764 1141 1807 hoc
1157 1763 1355 1822 putando
1371 1766 1526 1826 utique

129 1842 297 1892 peccat.
316 1835 373 1876 Et
387 1848 437 1876 ea
451 1842 553 1877 sunt
571 1834 714 1877 omnia
727 1842 905 1892 peccata
923 1833 1205 1892 ignorantias,
1221 1834 1400 1893 quando
1414 1837 1529 1896 quis-

128 1918 215 1963 que
237 1903 348 1946 bene
366 1903 459 1946 fieri
479 1911 605 1961 putat
620 1937 630 1957 ‚
659 1902 779 1961 quod
808 1902 919 1945 male
938 1903 1002 1946 fit.

189 1975 242 2016 V.
280 1976 341 2016 De
361 1972 610 2016 occidendis
628 1973 881 2017 hominibus
905 1988 959 2015 ne
977 1973 1032 2016 ab
1059 1973 1120 2016 eis
1137 1975 1325 2033 quisque
1351 1976 1527 2021 occida-

129 2053 202 2088 tur
227 2045 342 2100 (38),
367 2057 455 2087 non
485 2043 592 2085 mihi
614 2041 757 2100 placet
780 2042 1010 2086 consilium
1028 2077 1038 2097 ‚
1063 2043 1143 2086 nisi
1165 2043 1279 2088 forte
1301 2045 1355 2088 sit
1377 2046 1499 2090 miles
1515 2081 1525 2100 ‚

131 2123 206 2158 aut
229 2113 407 2172 publica
423 2114 652 2157 functione
670 2122 870 2157 teneatur
888 2148 898 2168 ‚
921 2122 971 2157 ut
992 2129 1081 2157 non
1104 2129 1182 2172 pro
1201 2130 1244 2158 se
1266 2116 1350 2159 hoc
1372 2116 1524 2173 faciat,

132 2183 209 2228 sed
232 2198 310 2243 pro
336 2183 427 2227 aliis
448 2183 518 2228 vel
540 2198 620 2242 pro
641 2183 814 2227 civitate
835 2218 845 2238 ,
873 2183 950 2226 ubi
974 2183 1101 2227 etiam
1125 2184 1217 2242 ipse
1239 2193 1302 2228 est
1317 2220 1328 2239 ‚
1355 2196 1528 2245 accepta

131 2253 326 2312 legitima
358 2262 571 2311 potestate
607 2271 615 2296 ε
648 2253 682 2296 si
710 2254 801 2312 ejus
829 2253 1032 2311 congruit
1059 2268 1270 2311 personae.
1305 2256 1391 2307 Qui
1425 2271 1529 2301 vero

133 2324 408 2383 repelluntur
442 2323 588 2383 aliquo
621 2332 782 2367 terrore
817 2339 872 2366 ne
906 2322 1019 2366 male
1047 2322 1208 2367 faciant
1222 2357 1233 2377 ‚
1265 2324 1395 2368 etiam
1426 2326 1529 2385 ipsis

135 2393 299 2453 aliquid
323 2392 500 2438 fortasse
520 2402 763 2452 praestatur.
787 2394 900 2437 Hinc
919 2401 1065 2437 autem
1088 2392 1256 2436 dictum
1273 2403 1337 2437 est
1356 2413 1365 2439 :
1390 2414 1410 2437 «
1431 2398 1529 2441 Non

142 2484 158 2504 »
185 2463 431 2507 resistamus
466 2462 580 2507 malo
595 2465 607 2488 ¹
627 2498 638 2517 ,
675 2482 692 2504 n
733 2479 783 2507 ne
826 2477 904 2507 nos
940 2461 1133 2507 vindicta
1171 2462 1358 2508 delectet
1378 2499 1388 2519 ‚
1429 2482 1528 2526 quae

184 2553 191 2568 ¹
217 2546 335 2579 Matth.
362 2557 395 2587 v,
415 2547 467 2589 39.

300 2610 430 2640 CXLV.
1291 2603 1340 2639 30
