1790 3187
601 231 799 260 mus-rota
832 231 926 259 xix.
1371 217 1455 257 447

71 309 168 340 rum
191 304 300 351 erat,
331 304 480 340 utrum
503 297 643 341 cosin
665 297 832 341 unitate
860 294 1067 341 Ecclesiae
1094 295 1373 349 constitutos,
1405 309 1461 338 an

68 367 298 411 schismate
315 367 405 426 jam
427 367 585 412 divisos
603 367 849 413 Macariana
871 376 1067 426 tempora
1088 366 1333 410 invenerint
1351 368 1457 423 (34),

68 446 118 481 ut
135 437 211 497 qui
228 437 375 482 videre
393 437 572 492 vellent,
592 447 741 483 utrum
768 447 944 498 propter
962 437 1173 498 justitiam
1193 437 1462 496 persecutio-

70 523 172 553 nem
195 509 307 568 passi
332 508 512 565 fuerint,
539 509 584 554 id
616 511 761 569 potius
786 511 1080 565 attenderent,
1106 519 1254 553 utrum
1281 523 1325 552 se
1346 516 1461 551 recte

67 596 91 624 a
118 580 251 626 totius
272 581 391 626 orbis
411 582 580 626 unitate
602 581 893 642 praeciderint.
928 582 1058 635 Quod
1077 581 1110 625 si
1127 581 1287 641 injuste
1309 579 1462 624 fecisse

66 651 393 709 invenirentur,
419 653 700 698 manifestum
741 662 852 698 esset
886 668 959 698 eos
994 662 1172 712 propter
1203 651 1461 712 injustitiam

65 723 210 782 potius
244 740 377 784 quam
402 735 578 786 propter
596 725 810 786 justitiam
840 740 985 785 passos
1007 724 1354 784 persecutionem
1383 742 1391 767 :
1418 731 1461 766 et

63 793 164 840 ideo
187 811 371 841 numero
395 797 623 843 beatorum
645 798 820 857 adjungi
844 813 934 842 non
956 812 1079 857 posse
1101 797 1156 840 de
1178 796 1340 856 quibus
1370 794 1464 838 dic-

3 911 5 916 ,
64 873 158 910 turn
188 876 252 912 est
290 886 299 912 :
330 887 350 910 «
382 869 502 913 Beati
543 871 619 930 qui
653 869 1000 929 persecutionem
1025 868 1254 928 patiuntur
1283 874 1463 926 propter

66 955 86 979 »
103 938 333 997 justitiam.
352 961 368 982 »
387 941 454 985 Ibi
472 950 812 986 commemorata
834 949 898 984 est
919 940 1126 984 famosior
1147 954 1279 998 quam
1303 938 1462 981 certior

63 1008 264 1054 codicum
282 1010 354 1054 illa
372 1011 563 1055 traditio.
579 1010 662 1056 Sed
680 1009 1024 1070 respondebatur
1037 1025 1059 1054 a
1072 1009 1271 1069 patribus
1284 1008 1457 1063 nostris,

62 1079 277 1140 principes
305 1080 481 1126 illorum
504 1083 649 1142 potius
673 1082 805 1126 fuisse
824 1081 1070 1126 traditores.
1094 1081 1224 1134 Quod
1248 1081 1281 1125 si
1304 1080 1358 1124 de
1381 1081 1461 1124 hac

9 1186 11 1214 3
63 1166 109 1195 re
131 1162 378 1198 nostrorum
402 1153 557 1200 litteris
585 1154 755 1198 nollent
787 1153 980 1210 credere,
1006 1168 1087 1198 nec
1115 1168 1194 1197 nos
1216 1152 1313 1211 cogi
1335 1166 1462 1212 opor-

9 1225 12 1262 ἱ
62 1231 170 1278 tere,
197 1233 245 1268 ut
267 1223 419 1269 litteris
441 1225 669 1270 credamus
690 1226 901 1285 ipsorum.

121 1297 174 1339 V.
207 1295 292 1340 Sed
315 1305 462 1341 tamen
483 1306 750 1358 sequestrata
773 1297 854 1341 ista
872 1297 1006 1341 dubia
1030 1297 1273 1357 quaestione
1291 1310 1461 1355 quaere-

13 1380 15 1430 ζ
62 1365 163 1409 bam
190 1366 415 1426 quomodo
447 1382 492 1411 se
512 1368 581 1412 isti
603 1369 720 1429 juste
743 1377 1012 1428 separassent
1030 1368 1085 1413 ab
1104 1367 1355 1411 innocentia
1377 1380 1462 1409 cae-

11 1434 15 1485 }
64 1443 254 1480 tei-orum
275 1438 640 1494 Christianorum,
662 1439 738 1498 qui
760 1454 837 1498 per
859 1438 1011 1482 orbem
1046 1448 1260 1482 terrarum
1290 1450 1462 1480 succes·-

15 1529 18 1545 ι
62 1506 192 1552 sionis
210 1507 407 1552 ordinem
426 1509 736 1565 custodientes,
750 1510 794 1553 in
813 1509 1120 1569 antiquissimis
1138 1507 1327 1552 ecclesiis
1340 1521 1461 1550 cons-

9 1622 12 1623 7
62 1577 197 1633 tituti,
223 1580 396 1638 penitus
419 1580 672 1638 ignorarent
688 1581 764 1640 qui
787 1579 952 1623 fuerint
972 1580 1016 1623 in
1035 1578 1179 1624 Africa
1202 1577 1458 1633 traditore83

10 1671 21 1714 Ι·
62 1649 140 1708 qui
163 1659 279 1694 certe
301 1667 390 1695 non
415 1661 589 1709 possent
612 1652 953 1706 communicare,
980 1651 1059 1694 nisi
1082 1651 1141 1694 eis
1168 1664 1278 1709 quos
1311 1648 1461 1692 sedere

15 1763 22 1771 ⁸,
63 1719 109 1763 in
145 1720 319 1765 sedibus
355 1721 674 1781 episcopalibus
709 1721 962 1766 audiebant‘
1004 1720 1269 1779 Respondit,
1306 1717 1460 1762 tandiu

12 1811 23 1854 vj
62 1793 448 1836 transmarinarum
484 1793 673 1851 partium
709 1793 907 1837 ecclesias
948 1792 1153 1835 mansisse
1185 1791 1457 1843 innocentes,

67 1861 208 1907 donec
240 1864 557 1908 consensissent
577 1864 621 1907 in
649 1879 800 1908 eorum
822 1864 1094 1922 sanguinem,
1116 1877 1225 1922 quos
1256 1861 1461 1906 Macaria-

67 1948 168 1977 nani
207 1936 552 1999 persecutionem
578 1935 804 1994 pertulisse
836 1935 1023 1980 dicebat.
1051 1934 1136 1978 Ubi
1179 1949 1259 1992 ego
1290 1947 1459 1992 possem

15 2028 24 2067 ιΙ
68 2005 246 2064 quidem
271 2006 435 2061 dicere,
460 2022 541 2050 nec
562 2006 724 2050 invidia
745 2006 979 2051 Macariani
1014 2005 1220 2065 temporis
1249 2005 1460 2048 innocen-

16 2075 24 2112 ι’
66 2076 170 2121 tiam
205 2078 589 2122 transmarinarum
614 2075 895 2122 ecclesiarum
930 2076 1215 2122 contaminari
1236 2075 1458 2135 potuisse3

6 2129 28 2208 ξ
66 2146 427 2206 quandoquidem
465 2147 588 2192 nullo
628 2148 759 2193 modo
788 2148 1048 2208 probaretur
1087 2147 1171 2191 illis
1208 2145 1460 2191 auctoribus

20 2227 31 2253 ‘1¹
66 2217 217 2262 fecisse
230 2219 358 2263 etiam
379 2234 478 2278 quae
496 2217 671 2264 fecerat.
696 2219 779 2264 Sed
797 2218 853 2263 de
868 2217 1129 2278 compendio
1146 2231 1343 2278 quaerere
1364 2230 1460 2259 ma-

11 2283 29 2346 s]
65 2287 144 2344 lui,
160 2290 194 2334 si
215 2291 392 2335 Macarii
414 2290 593 2345 saevitia,
613 2306 662 2335 ex
678 2307 766 2350 quo
786 2291 831 2335 in
853 2306 946 2335 eam
965 2290 1230 2334 consensisse
1249 2288 1459 2332 diceban-

15 2349 31 2404 Α.
65 2368 139 2404 tur
157 2361 454 2406 transmarinae
472 2360 679 2418 ecclesiae,
700 2377 821 2406 suam
844 2361 1138 2405 innocentiam
1152 2358 1455 2419 perdiderunt,

11 2432 32 2477 l!
64 2439 212 2476 utrum
234 2433 385 2477 saltem
404 2432 666 2492 probaretur
686 2448 825 2493 usque
842 2432 896 2476 ad
909 2431 980 2476 illa
999 2441 1194 2492 tempora
1213 2431 1459 2475 Donatistas

14 2518 33 2547 r
65 2518 166 2547 cum
196 2503 491 2549 Orientalibus
522 2503 711 2549 ecclesiis
744 2503 1000 2563 caeterisque
1038 2502 1155 2548 orbis
1181 2501 1378 2563 partibus
1414 2501 1458 2544 in

18 2587 34 2617 n
64 2573 232 2619 unitate
253 2574 475 2620 mansisse.
