1790 3187
647 273 842 304 nms'rom
875 276 974 303 va.
1419 263 1501 304 455

137 342 272 398 nulla,
306 342 339 386 si
359 341 542 386 Domino
564 340 788 400 placuerit,
817 341 1117 401 interpellante
1137 340 1346 396 molestia,
1371 351 1503 403 quot-

136 423 243 475 quot
274 412 426 457 diebus
442 413 707 472 potuerimus
735 412 790 457 ad
809 413 892 458 hoc
915 422 1128 469 vacantes,
1144 422 1187 458 et
1207 414 1502 474 unusquisque

135 484 329 530 nostrfim
357 484 472 544 apud
489 498 614 528 suum
637 484 849 543 hospitem
866 485 1097 528 Dominum
1114 483 1409 543 deprecantes,
1429 484 1506 528 ad-

131 558 309 617 juvante
323 556 414 615 ipso
436 556 505 600 cui
526 566 606 614 pax
628 556 855 600 christiana
872 556 1105 615 gratissima
1128 565 1205 611 est,
1228 571 1317 601 rem
1340 564 1503 600 tantam

134 638 177 673 et
199 628 315 673 bono
333 628 476 672 animo
495 638 682 687 coeptam
710 628 762 672 ad
780 629 1066 689 inquisitionis
1088 630 1320 673 terminum
1344 628 1504 688 perdu-

133 699 545 744 camus‘Rescribite
571 713 695 754 sane,
717 699 825 760 quid
853 698 908 744 de
933 700 1013 745 hac
1042 715 1088 744 re
1115 700 1183 745 vel
1205 700 1326 746 vobis
1348 700 1418 745 vel
1439 698 1502 744 illi

133 770 346 815 videatur.

140 924 240 943 ννννικ
245 922 1504 943 mmmmtwummmmnmwmnmmmwwnmmwwwummmmwuwwmmm

561 1045 884 1093 EPiSTOLA
921 1047 1053 1095 XLV
1068 1040 1100 1091 ¹.

129 1181 260 1214 Domino
274 1182 527 1224 germanissimis,
544 1182 753 1216 dilectissimis
775 1188 808 1215 et
824 1183 855 1214 in
876 1182 1000 1215 Christo
1016 1182 1225 1214 laudabilibus
1242 1182 1444 1216 PAULINO
1468 1187 1501 1214 et

218 1239 479 1279 THERAslAE,
496 1240 692 1272 ALYPIUS
709 1245 741 1273 et
760 1240 1050 1273 AUGUSTINUS
1067 1239 1099 1270 in
1117 1239 1249 1271 Domino
1265 1239 1410 1272 salutem.

128 1364 424 1426 Augustinus
438 1364 665 1424 Paulino,
678 1382 855 1430 rogans
872 1375 922 1410 ut
935 1363 1122 1410 demum
1144 1362 1376 1409 rescribat
1391 1374 1499 1423 post

190 1434 631 1494 biennia·silentium,
647 1440 898 1498 mittatque
919 1436 1137 1498 sibiopus
1158 1446 1327 1481 contra
1340 1452 1445 1498 pag
1478 1462 1499 1470 -

186 1522 288 1563 nos,
314 1507 444 1565 quod
461 1507 523 1552 ab
543 1510 644 1569 ipso
667 1508 914 1554 elaborari
931 1506 1109 1552 dudum
1129 1506 1323 1553 audivit.

127 1613 337 1673 (Prodit
358 1631 482 1660 nunc·
492 1617 699 1675 primam
717 1633 779 1660 ex
803 1614 1208 1661 Plumarconensz·
1224 1612 1334 1660 MS.
1354 1629 1502 1673 supra

698 1686 951 1745 laudato.)

186 1825 220 1865 I.
242 1823 518 1876 NEQUAQUAM
540 1837 618 1866 nos
641 1823 785 1867 nescio
802 1838 887 1883 qua
915 1832 1054 1867 vestra
1075 1823 1268 1877 cessatio,
1294 1837 1379 1882 qua
1401 1837 1500 1866 ecce

128 1908 203 1953 per
232 1901 371 1937 totum
408 1893 652 1948 biennium,
676 1908 727 1937 ex
774 1909 863 1954 quo
884 1893 1036 1947 nobis,
1062 1893 1295 1938 dulcissimi
1325 1893 1494 1948 fratres,

126 1968 348 2010 Romanus
374 1974 416 2009 et
437 1965 571 2024 Agilis
599 1964 653 2009 ad
685 1981 759 2009 vos
791 1974 1104 2019 remeaverunt,
1144 1964 1284 2009 nullas
1325 1981 1346 2008 a
1379 1964 1500 2009 vobis

126 2035 288 2080 litteras
311 2035 585 2094 sumpsimus,
606 2035 748 2093 pigros
766 2035 820 2079 ad
834 2034 1111 2079 scribendum
1128 2030 1245 2079 feeit.
1264 2037 1374 2081 Nam
1396 2049 1496 2079 cum

128 2107 173 2149 in
207 2104 298 2149 aliis
334 2105 463 2149 rebus
489 2115 655 2165 quanto
693 2106 876 2165 quisque
909 2105 1092 2164 amplius
1129 2105 1344 2164 diligitur,
1378 2114 1500 2149 tanto

127 2175 295 2235 dignior
316 2176 553 2220 imitatione
569 2175 784 2231 videatur,
798 2178 843 2219 in
858 2177 993 2220 haere
1004 2185 1154 2220 contra
1176 2186 1252 2219 est.
1272 2178 1369 2228 Quo
1384 2177 1498 2219 enim

126 2260 202 2293 vos
227 2263 418 2293 amamus
438 2247 672 2304 ardentius,
698 2264 749 2292 eo
765 2249 906 2292 minus
925 2247 1100 2291 ferimus
1117 2246 1236 2307 quod
1259 2248 1383 2291 nobis
1409 2262 1496 2290 non

127 2319 312 2363 scribitis
330 2339 341 2377 3
358 2334 437 2363 nec
459 2333 533 2363 vos
549 2319 594 2362 in
613 2334 663 2363 eo
684 2319 884 2364 volumus
906 2318 1077 2362 imitari.
1096 2321 1208 2362 Ecce
1225 2318 1356 2375 igitur
1379 2317 1496 2361 salu-

126 2399 266 2434 tamus
280 2406 370 2445 vos,
385 2392 417 2434 si
438 2405 526 2434 non
543 2390 847 2450 respondentes
862 2389 1048 2448 epistolis
1058 2391 1222 2439 vestris,
1245 2405 1343 2449 quae
1365 2388 1497 2433 nullae

129 2461 182 2504 ad
205 2476 282 2505 nos
304 2462 500 2514 veniunt,
525 2461 672 2505 saltem
699 2460 1031 2520 expostulantes,
1058 2469 1100 2503 et
1121 2476 1208 2504 non
1236 2460 1385 2504 dolore
1406 2475 1499 2503 me-

129 2532 279 2587 diocri,
315 2532 509 2592 quamvis
547 2532 723 2576 fortasse
760 2533 889 2576 etiam
923 2532 1104 2576 charitas
1131 2542 1267 2575 vestra
1306 2530 1498 2574 siiniiiter

178 2637 185 2652 ¹
207 2632 280 2667 Quae
293 2636 398 2662 autem
413 2641 472 2662 xnv
487 2634 567 2670 erat¹
584 2641 665 2662 nunc
682 2641 797 2662 cxsvn.
812 2648 849 2653 -ψ
865 2630 988 2671 Scripta
1007 2629 1092 2661 circa
1112 2630 1272 2660 ineuntem
1291 2639 1404 2660 :annum
1422 2628 1483 2670 398
