1790 3187
284 200 335 226 DE
368 198 555 226 Dtvssnsis
588 198 744 234 Qt·AEs'r.
783 199 932 225 ocroc..
968 199 1132 225 Tnfflts.
1350 187 1399 222 61

20 276 63 312 et
81 266 347 325 triumphans
364 265 492 308 casin
510 263 755 322 semetipso.
781 266 932 323 ltaque
956 263 1049 322 ipso
1066 261 1178 306 duce
1198 262 1252 305 ab
1270 275 1409 306 oneri-

19 337 101 381 bus
121 345 163 380 et
189 334 412 379 laboribus
446 334 577 393 hujus
610 333 972 392 peregrinationis
1007 340 1162 376 nostrae
1200 341 1407 390 tanquam

19 408 74 451 ab
106 409 295 465 AEgypto
329 404 588 459 liberamur,
615 413 659 448 et
693 404 998 463 persequentia
1033 418 1110 447 nos
1142 411 1318 461 peccata
1340 417 1409 446 sa-

18 484 237 521 cramento
280 473 548 534 baptismatis
578 474 704 518 nobis
744 472 1031 518 evadentibus
1059 472 1309 517 obruuntur
1335 491 1342 516 :
1369 481 1411 516 et

20 547 216 608 quandiu
233 546 278 590 in
298 560 372 606 spe
401 560 548 590 sumus
587 545 678 604 ejus
706 545 1021 604 promissionis,
1053 558 1183 604 quam
1213 543 1409 588 nondum

18 617 238 672 videmus,
264 625 472 676 tanquam
495 630 572 675 per
594 613 762 659 deserta
795 614 1022 669 ducimur,
1060 613 1310 658 consolante
1333 628 1411 657 nos

19 690 63 734 in
83 688 239 735 sanctis
264 688 499 748 Scripturis
515 686 650 732 verbo
668 686 763 741 Dei,
785 687 896 731 sicut
915 686 1011 731 illos
1026 701 1186 730 manna
1201 684 1255 729 de
1273 683 1408 730 coelo:

21 769 64 805 et
92 761 246 806 eodem
271 760 364 820 ipso
389 758 501 804 duce
530 758 574 802 in
597 758 837 803 Jerusalem
872 757 1096 802 coelestem
1131 765 1341 816 tanquam
1370 754 1413 798 in

21 839 178 876 terram
207 829 501 890 promissionis
522 827 741 873 introduci
769 843 847 873 nos
876 843 999 887 posse
1028 827 1346 887 praesumimus,
1372 834 1415 869 et

18 900 63 944 in
91 911 305 946 aeternum
337 901 397 944 ibi
431 908 607 958 regente
637 900 730 959 ipso
763 908 806 942 et
839 899 1114 943 custodiente
1142 897 1318 942 servari.
1349 899 1415 940 lta

20 970 230 1015 Dominus
253 979 397 1015 noster
415 972 439 1013 J
443 985 537 1013 esus
552 969 749 1014 Christus
763 967 1008 1013 ostenditur
1030 983 1103 1012 rex
1123 977 1285 1012 noster.
1315 970 1413 1026 Ipse

20 1049 83 1085 est
103 1042 232 1085 etiam
254 1039 451 1085 sacerdos
472 1048 617 1084 noster
639 1040 684 1083 in
708 1048 919 1084 aeternum
945 1037 1188 1083 secundum
1213 1037 1414 1082 ordinem

19 1111 382 1166 Melchisedech¹‚
404 1110 479 1170 qui
493 1125 536 1154 se
551 1110 691 1169 ipsum
711 1109 874 1154 obtulit
896 1110 1200 1154 holocaustum
1225 1124 1304 1167 pro
1317 1123 1416 1167 pec-

18 1184 124 1229 catis
147 1183 324 1237 nostris,
351 1191 393 1226 et
420 1183 511 1241 ejus
529 1182 724 1227 sacrificii
753 1180 1082 1236 similitudinem
1108 1179 1413 1224 celebrandam

20 1253 66 1297 in
89 1268 178 1297 suae
202 1252 409 1313 passionis
431 1253 683 1297 memoriam
707 1251 1053 1305 commendavit,
1080 1259 1130 1294 ut
1161 1249 1273 1294 illud
1295 1249 1414 1310 quod

19 1323 341 1369 Melchisedech
356 1322 518 1368 obtulit
534 1325 639 1377 Deo,
659 1323 838 1382 jamper
860 1330 1001 1365 totum
1025 1321 1177 1365 orbem
1198 1329 1412 1363 terrarum

18 1394 64 1438 in
86 1395 247 1440 Christi
269 1393 463 1438 Ecclesia
494 1393 718 1438 videamus
740 1392 932 1437 offerri2.
959 1394 1076 1450 Ergo
1101 1390 1307 1450 quoniam
1342 1405 1414 1433 rex

18 1474 166 1510 noster
186 1474 363 1525 peccata
385 1473 533 1509 nostra
556 1464 765 1523 suscepit,
791 1472 841 1507 ut
860 1462 984 1507 nobis
1012 1461 1236 1521 pugnandi
1259 1470 1301 1505 et
1317 1461 1414 1505 vin-

19 1535 146 1580 cendi
172 1534 489 1581 demonstraret
522 1534 795 1594 exemplum,
840 1531 1095 1578 eorumdem
1134 1541 1412 1591 peccatorum

20 1607 337 1666 susceptionem
367 1606 619 1666 regiamque
641 1620 870 1665 personam
889 1603 1124 1649 Matthaeus
1151 1602 1413 1661 evangelista

21 1678 279 1737 significans,
306 1678 629 1737 generationem
659 1678 749 1736 ejus
772 1691 872 1736 quae
892 1683 955 1719 est
977 1673 1218 1718 secundum
1239 1688 1413 1717 carnem

20 1748 76 1793 ab
93 1749 313 1794 Abraham
333 1749 613 1808 suscipiensss,
650 1748 725 1807 qui
756 1756 879 1806 pater
911 1757 974 1791 est
1002 1745 1155 1806 populi
1182 1743 1337 1800 fidelis,
1371 1753 1414 1788 et

19 1820 332 1864 successionem
346 1818 479 1878 prolis
492 1818 696 1862 deorsum
709 1832 858 1862 versus
875 1831 1134 1861 enumerans
1148 1814 1344 1874 pervenit
1359 1813 1413 1858 ad

20 1890 174 1946 David,
196 1891 240 1935 in
258 1906 347 1951 quo
363 1890 483 1949 regni
499 1890 843 1934 stabilimentum
862 1887 1262 1933 manifestissimum
1277 1902 1411 1945 appa-

21 1973 108 2021 ret,
134 1972 264 2023 atque
286 1963 390 2006 inde
410 1977 487 2021 per
512 1960 803 2016 Salomonem,
822 1969 975 2005 natum
991 1960 1045 2004 de
1063 1958 1135 2003 illa
1152 1959 1197 2002 in
1222 1975 1308 2019 qua
1332 1974 1411 2018 pa-

21 2042 84 2078 ter
112 2035 201 2094 ejus
225 2041 491 2093 peccaverat,
527 2032 705 2092 stirpem
728 2033 885 2090 regiam
909 2039 1164 2091 prosecutus
1189 2045 1327 2090 usque
1357 2028 1409 2073 ad

22 2106 342 2163 generationem
364 2103 539 2149 Domini
568 2103 783 2162 perducit.
806 2106 944 2148 Lucas
966 2118 1069 2147 vero
1093 2101 1200 2146 alius
1223 2091 1410 2159 evange-

20 2173 158 2231 lista4,
185 2175 390 2236 quoniam
411 2174 560 2234 etipse
579 2174 903 2233 generationem
925 2174 1113 2228 Domini,
1136 2188 1235 2233 quae
1255 2186 1411 2215 secun-

22 2246 127 2290 dum
150 2262 325 2291 carnem
343 2254 422 2301 est,
447 2244 521 2289 sed
544 2246 590 2289 in
616 2244 870 2289 sacerdotali
899 2259 1081 2304 persona
1107 2242 1410 2301 explicandam

21 2317 229 2376 suscepit,
255 2316 308 2360 ad
329 2331 459 2376 quam
486 2331 713 2375 personam
738 2316 926 2375 pertinet
948 2314 1176 2358 mundatio
1200 2322 1243 2356 et
1272 2311 1411 2356 aboli-

22 2387 81 2432 tio
99 2397 392 2448 peccatorum,
414 2403 502 2432 non
520 2404 542 2431 a
564 2388 777 2447 principio
796 2387 914 2441 libri,
941 2387 1051 2430 sicut
1068 2386 1319 2441 Matthaeus,
1336 2382 1410 2427 sed

25 2458 177 2504 abillo
209 2458 305 2505 loco
343 2459 421 2503 ubi
463 2459 703 2518 baptizatus
733 2467 795 2502 est
829 2460 981 2511 Jesus,
1023 2456 1099 2500 ubi
1132 2464 1408 2514 peccatorum

73 2550 81 2566 ¹
103 2542 181 2576 rsat.
206 2555 267 2585 cix,
291 2543 404 2585 4.—-²
425 2546 594 2584 Gemxiv,
618 2541 896 2576 18.-33121t111.
923 2553 946 2578 1,
973 2554 997 2574 1.
1018 2540 1084 2569 -lt
1109 2544 1186 2573 Luc.
1209 2553 1255 2578 ιιι,
1276 2541 1316 2572 ‘23
