<?xml version="1.0" encoding="UTF-8"?>
<!DOCTYPE html PUBLIC "-//W3C//DTD XHTML 1.0 Transitional//EN"
    "http://www.w3.org/TR/xhtml1/DTD/xhtml1-transitional.dtd">
<html xmlns="http://www.w3.org/1999/xhtml" xml:lang="en" lang="en">
 <head>
  <title>
</title>
<meta http-equiv="Content-Type" content="text/html;charset=utf-8" />
  <meta name='ocr-system' content='tesseract 3.04.00' />
  <meta name='ocr-capabilities' content='ocr_page ocr_carea ocr_par ocr_line ocrx_word'/>
</head>
<body>
  <div class='ocr_page' id='page_1' title='image "./operaomniaaccura38auguuoft_0502.png"; bbox 0 0 1790 3187; ppageno 0'>
   <div class='ocr_carea' id='block_1_1' title="bbox 356 271 1287 313">
    <p class='ocr_par' dir='ltr' id='par_1_1' title="bbox 356 271 1287 313">
     <span class='ocr_line' id='line_1_1' title="bbox 356 271 1287 313; baseline 0.001 -3"><span class='ocrx_word' id='word_1_1' title='bbox 356 271 438 311; x_wconf 75' lang='lat'>492</span> <span class='ocrx_word' id='word_1_2' title='bbox 785 289 816 311; x_wconf 78' lang='lat' dir='ltr'>s.</span> <span class='ocrx_word' id='word_1_3' title='bbox 853 286 1081 313; x_wconf 66' lang='lat' dir='ltr'>Auousoeim</span> <span class='ocrx_word' id='word_1_4' title='bbox 1113 284 1287 312; x_wconf 70' lang='lat' dir='ltr'>tmscom</span> 
     </span>
    </p>
   </div>
   <div class='ocr_carea' id='block_1_2' title="bbox 351 348 1729 2598">
    <p class='ocr_par' dir='ltr' id='par_1_2' title="bbox 353 348 1723 976">
     <span class='ocr_line' id='line_1_2' title="bbox 354 348 1714 409; baseline -0.001 -15"><span class='ocrx_word' id='word_1_5' title='bbox 354 352 424 394; x_wconf 84' lang='lat' dir='ltr'>ris.</span> <span class='ocrx_word' id='word_1_6' title='bbox 439 352 586 394; x_wconf 84' lang='lat' dir='ltr'>Restat</span> <span class='ocrx_word' id='word_1_7' title='bbox 602 351 731 408; x_wconf 86' lang='lat' dir='ltr'>igitur</span> <span class='ocrx_word' id='word_1_8' title='bbox 745 361 793 394; x_wconf 91' lang='lat' dir='ltr'>ut</span> <span class='ocrx_word' id='word_1_9' title='bbox 808 352 861 394; x_wconf 93' lang='lat' dir='ltr'>de</span> <span class='ocrx_word' id='word_1_10' title='bbox 873 350 1318 409; x_wconf 83' lang='lat' dir='ltr'>illotertiogeneresit‚</span> <span class='ocrx_word' id='word_1_11' title='bbox 1330 348 1444 408; x_wconf 87' lang='lat' dir='ltr'>quod</span> <span class='ocrx_word' id='word_1_12' title='bbox 1456 348 1627 408; x_wconf 84' lang='lat' dir='ltr'>perloca</span> <span class='ocrx_word' id='word_1_13' title='bbox 1646 365 1714 392; x_wconf 84' lang='lat' dir='ltr'>re-</span> 
     </span>
     <span class='ocr_line' id='line_1_3' title="bbox 355 419 1715 482; baseline -0.002 -18"><span class='ocrx_word' id='word_1_14' title='bbox 355 419 1715 482; x_wconf 79' lang='lat' dir='ltr'>gioncsquevariatur.Faciatergoquisquequodineaecciesiain</span> 
     </span>
     <span class='ocr_line' id='line_1_4' title="bbox 353 489 1719 552; baseline -0.002 -17"><span class='ocrx_word' id='word_1_15' title='bbox 353 507 482 552; x_wconf 83' lang='lat' dir='ltr'>quam</span> <span class='ocrx_word' id='word_1_16' title='bbox 495 492 627 545; x_wconf 73' lang='lat' dir='ltr'>venit,</span> <span class='ocrx_word' id='word_1_17' title='bbox 639 492 863 536; x_wconf 84' lang='lat' dir='ltr'>invenerit.</span> <span class='ocrx_word' id='word_1_18' title='bbox 876 495 969 536; x_wconf 93' lang='lat' dir='ltr'>Non</span> <span class='ocrx_word' id='word_1_19' title='bbox 983 493 1092 535; x_wconf 85' lang='lat' dir='ltr'>enim</span> <span class='ocrx_word' id='word_1_20' title='bbox 1105 492 1338 552; x_wconf 79' lang='lat' dir='ltr'>quidquam</span> <span class='ocrx_word' id='word_1_21' title='bbox 1355 506 1499 534; x_wconf 92' lang='lat' dir='ltr'>eorum</span> <span class='ocrx_word' id='word_1_22' title='bbox 1514 499 1659 534; x_wconf 87' lang='lat' dir='ltr'>contra</span> <span class='ocrx_word' id='word_1_23' title='bbox 1675 489 1719 532; x_wconf 82' lang='lat' dir='ltr'>ft-</span> 
     </span>
     <span class='ocr_line' id='line_1_5' title="bbox 354 561 1721 618; baseline -0.002 -12"><span class='ocrx_word' id='word_1_24' title='bbox 354 562 450 606; x_wconf 87' lang='lat' dir='ltr'>dem</span> <span class='ocrx_word' id='word_1_25' title='bbox 465 563 528 617; x_wconf 72' lang='lat' dir='ltr'>fit,</span> <span class='ocrx_word' id='word_1_26' title='bbox 550 573 622 606; x_wconf 86' lang='lat' dir='ltr'>aut</span> <span class='ocrx_word' id='word_1_27' title='bbox 639 573 786 607; x_wconf 85' lang='lat' dir='ltr'>contra</span> <span class='ocrx_word' id='word_1_28' title='bbox 806 578 957 618; x_wconf 78' lang='lat' dir='ltr'>mores,</span> <span class='ocrx_word' id='word_1_29' title='bbox 976 564 1075 607; x_wconf 87' lang='lat' dir='ltr'>hinc</span> <span class='ocrx_word' id='word_1_30' title='bbox 1093 563 1159 606; x_wconf 89' lang='lat' dir='ltr'>vel</span> <span class='ocrx_word' id='word_1_31' title='bbox 1174 563 1272 606; x_wconf 89' lang='lat' dir='ltr'>inde</span> <span class='ocrx_word' id='word_1_32' title='bbox 1291 562 1498 605; x_wconf 83' lang='lat' dir='ltr'>meliores.</span> <span class='ocrx_word' id='word_1_33' title='bbox 1522 561 1595 604; x_wconf 86' lang='lat' dir='ltr'>His</span> <span class='ocrx_word' id='word_1_34' title='bbox 1607 561 1721 604; x_wconf 86' lang='lat' dir='ltr'>enim</span> 
     </span>
     <span class='ocr_line' id='line_1_6' title="bbox 353 629 1723 694; baseline -0.002 -18"><span class='ocrx_word' id='word_1_35' title='bbox 353 634 510 687; x_wconf 84' lang='lat' dir='ltr'>causis,</span> <span class='ocrx_word' id='word_1_36' title='bbox 534 634 577 676; x_wconf 88' lang='lat' dir='ltr'>id</span> <span class='ocrx_word' id='word_1_37' title='bbox 604 643 685 687; x_wconf 87' lang='lat' dir='ltr'>est,</span> <span class='ocrx_word' id='word_1_38' title='bbox 711 644 785 677; x_wconf 87' lang='lat' dir='ltr'>aut</span> <span class='ocrx_word' id='word_1_39' title='bbox 809 645 982 694; x_wconf 85' lang='lat' dir='ltr'>propter</span> <span class='ocrx_word' id='word_1_40' title='bbox 1003 633 1146 686; x_wconf 86' lang='lat' dir='ltr'>fidem,</span> <span class='ocrx_word' id='word_1_41' title='bbox 1175 643 1247 677; x_wconf 90' lang='lat' dir='ltr'>aut</span> <span class='ocrx_word' id='word_1_42' title='bbox 1272 643 1448 692; x_wconf 75' lang='lat' dir='ltr'>propter</span> <span class='ocrx_word' id='word_1_43' title='bbox 1472 647 1624 686; x_wconf 84' lang='lat' dir='ltr'>mores,</span> <span class='ocrx_word' id='word_1_44' title='bbox 1654 629 1723 674; x_wconf 86' lang='lat' dir='ltr'>vel</span> 
     </span>
     <span class='ocr_line' id='line_1_7' title="bbox 353 701 1722 766; baseline -0.002 -18"><span class='ocrx_word' id='word_1_45' title='bbox 353 705 571 749; x_wconf 88' lang='lat' dir='ltr'>emendari</span> <span class='ocrx_word' id='word_1_46' title='bbox 588 715 756 764; x_wconf 80' lang='lat' dir='ltr'>oportet</span> <span class='ocrx_word' id='word_1_47' title='bbox 774 707 890 766; x_wconf 87' lang='lat' dir='ltr'>quod</span> <span class='ocrx_word' id='word_1_48' title='bbox 919 721 1137 765; x_wconf 79' lang='lat' dir='ltr'>perperam</span> <span class='ocrx_word' id='word_1_49' title='bbox 1161 706 1304 759; x_wconf 77' lang='lat' dir='ltr'>fiebat,</span> <span class='ocrx_word' id='word_1_50' title='bbox 1330 704 1396 747; x_wconf 89' lang='lat' dir='ltr'>vcl</span> <span class='ocrx_word' id='word_1_51' title='bbox 1417 704 1585 748; x_wconf 86' lang='lat' dir='ltr'>institui</span> <span class='ocrx_word' id='word_1_52' title='bbox 1604 701 1722 762; x_wconf 83' lang='lat' dir='ltr'>quod</span> 
     </span>
     <span class='ocr_line' id='line_1_8' title="bbox 353 775 1722 835; baseline -0.002 -17"><span class='ocrx_word' id='word_1_53' title='bbox 353 791 439 819; x_wconf 89' lang='lat' dir='ltr'>non</span> <span class='ocrx_word' id='word_1_54' title='bbox 465 776 608 819; x_wconf 84' lang='lat' dir='ltr'>fiebat.</span> <span class='ocrx_word' id='word_1_55' title='bbox 635 778 902 835; x_wconf 76' lang='lat' dir='ltr'>Ipsaquippe</span> <span class='ocrx_word' id='word_1_56' title='bbox 920 777 1098 820; x_wconf 82' lang='lat' dir='ltr'>mutatio</span> <span class='ocrx_word' id='word_1_57' title='bbox 1117 775 1455 825; x_wconf 73' lang='lat' dir='ltr'>consuetudinis,</span> <span class='ocrx_word' id='word_1_58' title='bbox 1481 775 1605 817; x_wconf 85' lang='lat' dir='ltr'>etiam</span> <span class='ocrx_word' id='word_1_59' title='bbox 1624 787 1722 832; x_wconf 83' lang='lat' dir='ltr'>quae</span> 
     </span>
     <span class='ocr_line' id='line_1_9' title="bbox 353 842 1722 906; baseline -0.002 -17"><span class='ocrx_word' id='word_1_60' title='bbox 353 845 527 905; x_wconf 89' lang='lat' dir='ltr'>adjuvat</span> <span class='ocrx_word' id='word_1_61' title='bbox 545 847 745 900; x_wconf 81' lang='lat' dir='ltr'>utilitate,</span> <span class='ocrx_word' id='word_1_62' title='bbox 759 848 947 891; x_wconf 85' lang='lat' dir='ltr'>novitate</span> <span class='ocrx_word' id='word_1_63' title='bbox 959 846 1194 906; x_wconf 84' lang='lat' dir='ltr'>perturbat.</span> <span class='ocrx_word' id='word_1_64' title='bbox 1208 849 1478 905; x_wconf 79' lang='lat' dir='ltr'>Quapropter</span> <span class='ocrx_word' id='word_1_65' title='bbox 1491 860 1588 905; x_wconf 83' lang='lat' dir='ltr'>quae</span> <span class='ocrx_word' id='word_1_66' title='bbox 1608 842 1722 887; x_wconf 87' lang='lat' dir='ltr'>utilis</span> 
     </span>
     <span class='ocr_line' id='line_1_10' title="bbox 353 909 1720 976; baseline -0.002 -17"><span class='ocrx_word' id='word_1_67' title='bbox 353 931 439 960; x_wconf 90' lang='lat' dir='ltr'>non</span> <span class='ocrx_word' id='word_1_68' title='bbox 458 926 535 969; x_wconf 83' lang='lat' dir='ltr'>est,</span> <span class='ocrx_word' id='word_1_69' title='bbox 557 918 880 975; x_wconf 66' lang='lat' dir='ltr'>perturbatione</span> <span class='ocrx_word' id='word_1_70' title='bbox 893 917 1159 961; x_wconf 82' lang='lat' dir='ltr'>infructuosa</span> <span class='ocrx_word' id='word_1_71' title='bbox 1175 925 1488 976; x_wconf 81' lang='lat' dir='ltr'>consequenter</span> <span class='ocrx_word' id='word_1_72' title='bbox 1507 909 1720 958; x_wconf 77' lang='lat' dir='ltr'>noxia&#39;est.</span> 
     </span>
    </p>

    <p class='ocr_par' dir='ltr' id='par_1_3' title="bbox 351 978 1729 2175">
     <span class='ocr_line' id='line_1_11' title="bbox 411 978 1720 1046; baseline -0.002 -16"><span class='ocrx_word' id='word_1_73' title='bbox 411 989 509 1030; x_wconf 81' lang='lat' dir='ltr'>Vn.</span> <span class='ocrx_word' id='word_1_74' title='bbox 537 990 623 1031; x_wconf 89' lang='lat' dir='ltr'>Nec</span> <span class='ocrx_word' id='word_1_75' title='bbox 644 987 740 1031; x_wconf 85' lang='lat' dir='ltr'>ideo</span> <span class='ocrx_word' id='word_1_76' title='bbox 764 988 903 1046; x_wconf 85' lang='lat' dir='ltr'>putari</span> <span class='ocrx_word' id='word_1_77' title='bbox 922 988 1051 1031; x_wconf 87' lang='lat' dir='ltr'>debet</span> <span class='ocrx_word' id='word_1_78' title='bbox 1067 978 1311 1030; x_wconf 81' lang='lat' dir='ltr'>institutum</span> <span class='ocrx_word' id='word_1_79' title='bbox 1332 1002 1420 1030; x_wconf 84' lang='lat' dir='ltr'>esse</span> <span class='ocrx_word' id='word_1_80' title='bbox 1439 985 1583 1029; x_wconf 82' lang='lat' dir='ltr'>multis</span> <span class='ocrx_word' id='word_1_81' title='bbox 1601 983 1720 1039; x_wconf 87' lang='lat' dir='ltr'>locis,</span> 
     </span>
     <span class='ocr_line' id='line_1_12' title="bbox 353 1056 1721 1116; baseline -0.001 -17"><span class='ocrx_word' id='word_1_82' title='bbox 353 1065 401 1099; x_wconf 87' lang='lat' dir='ltr'>ut</span> <span class='ocrx_word' id='word_1_83' title='bbox 425 1056 497 1100; x_wconf 86' lang='lat' dir='ltr'>illo</span> <span class='ocrx_word' id='word_1_84' title='bbox 515 1058 584 1100; x_wconf 88' lang='lat' dir='ltr'>die</span> <span class='ocrx_word' id='word_1_85' title='bbox 608 1068 703 1116; x_wconf 88' lang='lat' dir='ltr'>post</span> <span class='ocrx_word' id='word_1_86' title='bbox 724 1058 1000 1101; x_wconf 81' lang='lat' dir='ltr'>refectionem</span> <span class='ocrx_word' id='word_1_87' title='bbox 1025 1057 1247 1110; x_wconf 81' lang='lat' dir='ltr'>offeratur,</span> <span class='ocrx_word' id='word_1_88' title='bbox 1273 1058 1372 1116; x_wconf 80' lang='lat' dir='ltr'>quia</span> <span class='ocrx_word' id='word_1_89' title='bbox 1401 1057 1605 1115; x_wconf 85' lang='lat' dir='ltr'>scriptum</span> <span class='ocrx_word' id='word_1_90' title='bbox 1629 1064 1692 1098; x_wconf 88' lang='lat' dir='ltr'>est</span> <span class='ocrx_word' id='word_1_91' title='bbox 1712 1074 1721 1098; x_wconf 86' lang='lat'><strong>:</strong></span> 
     </span>
     <span class='ocr_line' id='line_1_13' title="bbox 357 1127 1725 1186; baseline 0 -18"><span class='ocrx_word' id='word_1_92' title='bbox 357 1127 639 1170; x_wconf 90' lang='lat' dir='ltr'>«Identidem</span> <span class='ocrx_word' id='word_1_93' title='bbox 663 1138 705 1171; x_wconf 93' lang='lat' dir='ltr'>et</span> <span class='ocrx_word' id='word_1_94' title='bbox 727 1128 900 1171; x_wconf 84' lang='lat' dir='ltr'>calicem</span> <span class='ocrx_word' id='word_1_95' title='bbox 926 1138 1021 1186; x_wconf 90' lang='lat' dir='ltr'>post</span> <span class='ocrx_word' id='word_1_96' title='bbox 1048 1143 1216 1171; x_wconf 80' lang='lat' dir='ltr'>coenam</span> <span class='ocrx_word' id='word_1_97' title='bbox 1239 1127 1407 1181; x_wconf 72' lang='lat' dir='ltr'>dicens,</span> <span class='ocrx_word' id='word_1_98' title='bbox 1434 1149 1450 1167; x_wconf 84' lang='lat'>»</span> <span class='ocrx_word' id='word_1_99' title='bbox 1477 1137 1559 1170; x_wconf 88' lang='lat' dir='ltr'>etc.</span> <span class='ocrx_word' id='word_1_100' title='bbox 1586 1129 1725 1184; x_wconf 85' lang='lat' dir='ltr'>Ipsam</span> 
     </span>
     <span class='ocr_line' id='line_1_14' title="bbox 352 1186 1724 1258; baseline -0.001 -18"><span class='ocrx_word' id='word_1_101' title='bbox 352 1197 466 1240; x_wconf 90' lang='lat' dir='ltr'>enim</span> <span class='ocrx_word' id='word_1_102' title='bbox 487 1199 626 1256; x_wconf 84' lang='lat' dir='ltr'>potuit</span> <span class='ocrx_word' id='word_1_103' title='bbox 641 1197 857 1257; x_wconf 84' lang='lat' dir='ltr'>appellare</span> <span class='ocrx_word' id='word_1_104' title='bbox 871 1186 1039 1242; x_wconf 82' lang='lat' dir='ltr'>coenam</span> <span class='ocrx_word' id='word_1_105' title='bbox 1055 1233 1065 1252; x_wconf 86' lang='lat'><em>‚</em></span> <span class='ocrx_word' id='word_1_106' title='bbox 1083 1214 1168 1258; x_wconf 87' lang='lat' dir='ltr'>qua</span> <span class='ocrx_word' id='word_1_107' title='bbox 1183 1200 1269 1257; x_wconf 87' lang='lat' dir='ltr'>jam</span> <span class='ocrx_word' id='word_1_108' title='bbox 1288 1213 1442 1256; x_wconf 89' lang='lat' dir='ltr'>corpus</span> <span class='ocrx_word' id='word_1_109' title='bbox 1456 1205 1724 1255; x_wconf 77' lang='lat' dir='ltr'>acceperant,</span> 
     </span>
     <span class='ocr_line' id='line_1_15' title="bbox 352 1266 1723 1328; baseline 0 -18"><span class='ocrx_word' id='word_1_110' title='bbox 352 1267 750 1313; x_wconf 85' lang='lat' dir='ltr'>utdeindecalicem</span> <span class='ocrx_word' id='word_1_111' title='bbox 763 1270 1018 1328; x_wconf 86' lang='lat' dir='ltr'>acciperent.</span> <span class='ocrx_word' id='word_1_112' title='bbox 1038 1269 1267 1328; x_wconf 80' lang='lat' dir='ltr'>Apostolus</span> <span class='ocrx_word' id='word_1_113' title='bbox 1280 1283 1467 1328; x_wconf 85' lang='lat' dir='ltr'>namque</span> <span class='ocrx_word' id='word_1_114' title='bbox 1481 1267 1581 1311; x_wconf 85' lang='lat' dir='ltr'>alibi</span> <span class='ocrx_word' id='word_1_115' title='bbox 1597 1266 1723 1310; x_wconf 86' lang='lat' dir='ltr'>dicit:</span> 
     </span>
     <span class='ocr_line' id='line_1_16' title="bbox 356 1339 1725 1399; baseline 0 -18"><span class='ocrx_word' id='word_1_116' title='bbox 356 1358 375 1381; x_wconf 85' lang='lat'>«</span> <span class='ocrx_word' id='word_1_117' title='bbox 393 1339 761 1384; x_wconf 85' lang='lat' dir='ltr'>Convenientibus</span> <span class='ocrx_word' id='word_1_118' title='bbox 779 1356 880 1399; x_wconf 77' lang='lat' dir='ltr'>ergo</span> <span class='ocrx_word' id='word_1_119' title='bbox 898 1341 1019 1385; x_wconf 86' lang='lat' dir='ltr'>vobis</span> <span class='ocrx_word' id='word_1_120' title='bbox 1033 1341 1076 1384; x_wconf 88' lang='lat' dir='ltr'>in</span> <span class='ocrx_word' id='word_1_121' title='bbox 1094 1357 1229 1384; x_wconf 89' lang='lat' dir='ltr'>unum</span> <span class='ocrx_word' id='word_1_122' title='bbox 1246 1377 1257 1395; x_wconf 84' lang='lat'>‚</span> <span class='ocrx_word' id='word_1_123' title='bbox 1279 1356 1365 1384; x_wconf 87' lang='lat' dir='ltr'>non</span> <span class='ocrx_word' id='word_1_124' title='bbox 1380 1350 1443 1384; x_wconf 85' lang='lat' dir='ltr'>est</span> <span class='ocrx_word' id='word_1_125' title='bbox 1461 1339 1725 1383; x_wconf 87' lang='lat' dir='ltr'>Dominicam</span> 
     </span>
     <span class='ocr_line' id='line_1_17' title="bbox 357 1411 1727 1471; baseline -0.001 -17"><span class='ocrx_word' id='word_1_126' title='bbox 357 1429 375 1450; x_wconf 78' lang='grc' dir='ltr'><strong>υ</strong></span> <span class='ocrx_word' id='word_1_127' title='bbox 397 1425 566 1454; x_wconf 85' lang='lat' dir='ltr'>coenam</span> <span class='ocrx_word' id='word_1_128' title='bbox 591 1413 894 1466; x_wconf 80' lang='lat' dir='ltr'>manducare1,</span> <span class='ocrx_word' id='word_1_129' title='bbox 923 1432 941 1453; x_wconf 90' lang='lat'>»</span> <span class='ocrx_word' id='word_1_130' title='bbox 965 1413 1076 1456; x_wconf 87' lang='lat' dir='ltr'>hanc</span> <span class='ocrx_word' id='word_1_131' title='bbox 1093 1413 1226 1471; x_wconf 86' lang='lat' dir='ltr'>ipsam</span> <span class='ocrx_word' id='word_1_132' title='bbox 1244 1413 1535 1471; x_wconf 85' lang='lat' dir='ltr'>acceptionem</span> <span class='ocrx_word' id='word_1_133' title='bbox 1555 1411 1727 1454; x_wconf 89' lang='lat' dir='ltr'>Eucha—</span> 
     </span>
     <span class='ocr_line' id='line_1_18' title="bbox 351 1482 1728 1542; baseline 0.001 -18"><span class='ocrx_word' id='word_1_134' title='bbox 351 1482 480 1525; x_wconf 82' lang='lat' dir='ltr'>ristiae</span> <span class='ocrx_word' id='word_1_135' title='bbox 502 1483 768 1527; x_wconf 87' lang='lat' dir='ltr'>Dominicam</span> <span class='ocrx_word' id='word_1_136' title='bbox 788 1499 958 1527; x_wconf 88' lang='lat' dir='ltr'>coenam</span> <span class='ocrx_word' id='word_1_137' title='bbox 976 1499 1146 1528; x_wconf 85' lang='lat' dir='ltr'>vocans.</span> <span class='ocrx_word' id='word_1_138' title='bbox 1170 1484 1285 1528; x_wconf 85' lang='lat' dir='ltr'>Illud</span> <span class='ocrx_word' id='word_1_139' title='bbox 1306 1484 1439 1542; x_wconf 80' lang='lat' dir='ltr'>magis</span> <span class='ocrx_word' id='word_1_140' title='bbox 1461 1497 1631 1527; x_wconf 90' lang='lat' dir='ltr'>movere</span> <span class='ocrx_word' id='word_1_141' title='bbox 1650 1497 1728 1540; x_wconf 93' lang='lat' dir='ltr'>po-</span> 
     </span>
     <span class='ocr_line' id='line_1_19' title="bbox 352 1552 1729 1613; baseline -0.001 -17"><span class='ocrx_word' id='word_1_142' title='bbox 352 1554 436 1596; x_wconf 84' lang='lat' dir='ltr'>tuit</span> <span class='ocrx_word' id='word_1_143' title='bbox 453 1553 645 1597; x_wconf 87' lang='lat' dir='ltr'>homines</span> <span class='ocrx_word' id='word_1_144' title='bbox 661 1589 671 1608; x_wconf 78' lang='grc'>,</span> <span class='ocrx_word' id='word_1_145' title='bbox 697 1564 842 1598; x_wconf 88' lang='lat' dir='ltr'>utrum</span> <span class='ocrx_word' id='word_1_146' title='bbox 861 1555 951 1613; x_wconf 82' lang='lat' dir='ltr'>jam</span> <span class='ocrx_word' id='word_1_147' title='bbox 973 1553 1121 1599; x_wconf 82' lang='lat' dir='ltr'>refecti</span> <span class='ocrx_word' id='word_1_148' title='bbox 1140 1554 1209 1598; x_wconf 86' lang='lat' dir='ltr'>die</span> <span class='ocrx_word' id='word_1_149' title='bbox 1236 1555 1308 1598; x_wconf 76' lang='lat' dir='ltr'>illa</span> <span class='ocrx_word' id='word_1_150' title='bbox 1333 1554 1401 1598; x_wconf 89' lang='lat' dir='ltr'>vel</span> <span class='ocrx_word' id='word_1_151' title='bbox 1432 1554 1638 1598; x_wconf 82' lang='lat' dir='ltr'>offerrent</span> <span class='ocrx_word' id='word_1_152' title='bbox 1659 1552 1729 1596; x_wconf 85' lang='lat' dir='ltr'>vel</span> 
     </span>
     <span class='ocr_line' id='line_1_20' title="bbox 351 1625 1724 1685; baseline -0.001 -19"><span class='ocrx_word' id='word_1_153' title='bbox 351 1634 569 1667; x_wconf 84' lang='lat' dir='ltr'>sumerent</span> <span class='ocrx_word' id='word_1_154' title='bbox 586 1625 896 1668; x_wconf 81' lang='lat' dir='ltr'>Eucharistiam</span> <span class='ocrx_word' id='word_1_155' title='bbox 909 1661 919 1678; x_wconf 82' lang='grc'>,</span> <span class='ocrx_word' id='word_1_156' title='bbox 940 1625 1059 1685; x_wconf 88' lang='lat' dir='ltr'>quod</span> <span class='ocrx_word' id='word_1_157' title='bbox 1074 1626 1117 1668; x_wconf 91' lang='lat' dir='ltr'>in</span> <span class='ocrx_word' id='word_1_158' title='bbox 1134 1625 1359 1683; x_wconf 79' lang='lat' dir='ltr'>Evangilio</span> <span class='ocrx_word' id='word_1_159' title='bbox 1374 1625 1531 1668; x_wconf 86' lang='lat' dir='ltr'>dicitur</span> <span class='ocrx_word' id='word_1_160' title='bbox 1551 1644 1559 1668; x_wconf 88' lang='lat'><strong>:</strong></span> <span class='ocrx_word' id='word_1_161' title='bbox 1580 1625 1724 1668; x_wconf 87' lang='lat' dir='ltr'>«Cum</span> 
     </span>
     <span class='ocr_line' id='line_1_21' title="bbox 355 1693 1727 1754; baseline 0 -19"><span class='ocrx_word' id='word_1_162' title='bbox 355 1712 374 1734; x_wconf 89' lang='lat'>»</span> <span class='ocrx_word' id='word_1_163' title='bbox 399 1702 544 1737; x_wconf 87' lang='lat' dir='ltr'>autem</span> <span class='ocrx_word' id='word_1_164' title='bbox 569 1693 631 1737; x_wconf 89' lang='lat' dir='ltr'>illi</span> <span class='ocrx_word' id='word_1_165' title='bbox 655 1693 989 1748; x_wconf 84' lang='lat' dir='ltr'>manducarent,</span> <span class='ocrx_word' id='word_1_166' title='bbox 1017 1696 1180 1754; x_wconf 85' lang='lat' dir='ltr'>accepit</span> <span class='ocrx_word' id='word_1_167' title='bbox 1201 1698 1323 1739; x_wconf 82' lang='lat' dir='ltr'>Jesus</span> <span class='ocrx_word' id='word_1_168' title='bbox 1351 1710 1506 1753; x_wconf 85' lang='lat' dir='ltr'>panem</span> <span class='ocrx_word' id='word_1_169' title='bbox 1529 1704 1572 1737; x_wconf 90' lang='lat' dir='ltr'>et</span> <span class='ocrx_word' id='word_1_170' title='bbox 1594 1694 1727 1737; x_wconf 85' lang='lat' dir='ltr'>bene-</span> 
     </span>
     <span class='ocr_line' id='line_1_22' title="bbox 355 1763 1727 1823; baseline 0.001 -19"><span class='ocrx_word' id='word_1_171' title='bbox 355 1782 375 1805; x_wconf 88' lang='lat'>»</span> <span class='ocrx_word' id='word_1_172' title='bbox 400 1763 533 1821; x_wconf 77' lang='lat' dir='ltr'>dixit3</span> <span class='ocrx_word' id='word_1_173' title='bbox 560 1783 578 1805; x_wconf 89' lang='lat'>»</span> <span class='ocrx_word' id='word_1_174' title='bbox 604 1779 703 1808; x_wconf 88' lang='lat' dir='ltr'>cum</span> <span class='ocrx_word' id='word_1_175' title='bbox 721 1765 847 1807; x_wconf 85' lang='lat' dir='ltr'>etiam</span> <span class='ocrx_word' id='word_1_176' title='bbox 867 1765 1063 1823; x_wconf 87' lang='lat' dir='ltr'>superius</span> <span class='ocrx_word' id='word_1_177' title='bbox 1082 1765 1282 1821; x_wconf 80' lang='lat' dir='ltr'>dixisset3</span> <span class='ocrx_word' id='word_1_178' title='bbox 1306 1786 1323 1806; x_wconf 91' lang='lat'>«</span> <span class='ocrx_word' id='word_1_179' title='bbox 1346 1767 1456 1810; x_wconf 89' lang='lat' dir='ltr'>Cum</span> <span class='ocrx_word' id='word_1_180' title='bbox 1474 1779 1567 1807; x_wconf 87' lang='lat' dir='ltr'>sero</span> <span class='ocrx_word' id='word_1_181' title='bbox 1585 1773 1727 1806; x_wconf 87' lang='lat' dir='ltr'>autem</span> 
     </span>
     <span class='ocr_line' id='line_1_23' title="bbox 354 1832 1728 1891; baseline 0 -16"><span class='ocrx_word' id='word_1_182' title='bbox 354 1852 373 1874; x_wconf 85' lang='lat'>»</span> <span class='ocrx_word' id='word_1_183' title='bbox 400 1832 563 1878; x_wconf 76' lang='lat' dir='ltr'>factum</span> <span class='ocrx_word' id='word_1_184' title='bbox 578 1845 711 1887; x_wconf 85' lang='lat' dir='ltr'>esset,</span> <span class='ocrx_word' id='word_1_185' title='bbox 733 1836 1015 1879; x_wconf 85' lang='lat' dir='ltr'>recumbebat</span> <span class='ocrx_word' id='word_1_186' title='bbox 1028 1851 1126 1879; x_wconf 90' lang='lat' dir='ltr'>cum</span> <span class='ocrx_word' id='word_1_187' title='bbox 1142 1835 1370 1879; x_wconf 86' lang='lat' dir='ltr'>duodecim</span> <span class='ocrx_word' id='word_1_188' title='bbox 1385 1871 1395 1891; x_wconf 82' lang='lat'>,</span> <span class='ocrx_word' id='word_1_189' title='bbox 1413 1844 1455 1878; x_wconf 88' lang='lat' dir='ltr'>et</span> <span class='ocrx_word' id='word_1_190' title='bbox 1469 1833 1728 1878; x_wconf 88' lang='lat' dir='ltr'>manducan-</span> 
     </span>
     <span class='ocr_line' id='line_1_24' title="bbox 355 1904 1724 1957; baseline 0 -11"><span class='ocrx_word' id='word_1_191' title='bbox 355 1922 375 1945; x_wconf 83' lang='lat'>»</span> <span class='ocrx_word' id='word_1_192' title='bbox 400 1904 516 1948; x_wconf 87' lang='lat' dir='ltr'>tibus</span> <span class='ocrx_word' id='word_1_193' title='bbox 547 1905 605 1948; x_wconf 88' lang='lat' dir='ltr'>eis</span> <span class='ocrx_word' id='word_1_194' title='bbox 635 1905 762 1955; x_wconf 79' lang='lat' dir='ltr'>dixit,</span> <span class='ocrx_word' id='word_1_195' title='bbox 789 1906 1004 1957; x_wconf 88' lang='lat' dir='ltr'>Quoniam</span> <span class='ocrx_word' id='word_1_196' title='bbox 1033 1922 1145 1949; x_wconf 89' lang='lat' dir='ltr'>unus</span> <span class='ocrx_word' id='word_1_197' title='bbox 1167 1921 1217 1949; x_wconf 82' lang='lat' dir='ltr'>ex</span> <span class='ocrx_word' id='word_1_198' title='bbox 1247 1906 1368 1949; x_wconf 81' lang='lat' dir='ltr'>vobis</span> <span class='ocrx_word' id='word_1_199' title='bbox 1391 1905 1532 1949; x_wconf 85' lang='lat' dir='ltr'>tradet</span> <span class='ocrx_word' id='word_1_200' title='bbox 1564 1919 1631 1947; x_wconf 89' lang='lat' dir='ltr'>me</span> <span class='ocrx_word' id='word_1_201' title='bbox 1644 1906 1676 1946; x_wconf 75' lang='lat'>².</span> <span class='ocrx_word' id='word_1_202' title='bbox 1706 1922 1724 1942; x_wconf 70' lang='lat'>›—</span> 
     </span>
     <span class='ocr_line' id='line_1_25' title="bbox 354 1975 1724 2034; baseline -0.001 -17"><span class='ocrx_word' id='word_1_203' title='bbox 354 1977 503 2017; x_wconf 78' lang='lat' dir='ltr'>Postea</span> <span class='ocrx_word' id='word_1_204' title='bbox 535 1975 650 2017; x_wconf 90' lang='lat' dir='ltr'>enim</span> <span class='ocrx_word' id='word_1_205' title='bbox 684 1975 861 2018; x_wconf 86' lang='lat' dir='ltr'>tradidit</span> <span class='ocrx_word' id='word_1_206' title='bbox 890 1986 1221 2019; x_wconf 75' lang='lat' dir='ltr'>sacramentum.</span> <span class='ocrx_word' id='word_1_207' title='bbox 1254 1979 1310 2019; x_wconf 90' lang='lat' dir='ltr'>Et</span> <span class='ocrx_word' id='word_1_208' title='bbox 1336 1975 1502 2034; x_wconf 85' lang='lat' dir='ltr'>liquido</span> <span class='ocrx_word' id='word_1_209' title='bbox 1525 1981 1724 2032; x_wconf 77' lang='lat' dir='ltr'>apparet,</span> 
     </span>
     <span class='ocr_line' id='line_1_26' title="bbox 351 2044 1727 2104; baseline -0.001 -17"><span class='ocrx_word' id='word_1_210' title='bbox 351 2045 528 2102; x_wconf 88' lang='lat' dir='ltr'>quando</span> <span class='ocrx_word' id='word_1_211' title='bbox 544 2044 729 2102; x_wconf 84' lang='lat' dir='ltr'>primum</span> <span class='ocrx_word' id='word_1_212' title='bbox 745 2056 1001 2103; x_wconf 83' lang='lat' dir='ltr'>acceperunt</span> <span class='ocrx_word' id='word_1_213' title='bbox 1021 2045 1220 2103; x_wconf 84' lang='lat' dir='ltr'>discipuli</span> <span class='ocrx_word' id='word_1_214' title='bbox 1237 2061 1392 2104; x_wconf 84' lang='lat' dir='ltr'>corpus</span> <span class='ocrx_word' id='word_1_215' title='bbox 1409 2054 1452 2087; x_wconf 90' lang='lat' dir='ltr'>et</span> <span class='ocrx_word' id='word_1_216' title='bbox 1473 2044 1727 2101; x_wconf 82' lang='lat' dir='ltr'>sanguinem</span> 
     </span>
     <span class='ocr_line' id='line_1_27' title="bbox 352 2115 1183 2175; baseline 0 -17"><span class='ocrx_word' id='word_1_217' title='bbox 352 2115 549 2169; x_wconf 83' lang='lat' dir='ltr'>Domini,</span> <span class='ocrx_word' id='word_1_218' title='bbox 571 2131 659 2159; x_wconf 92' lang='lat' dir='ltr'>non</span> <span class='ocrx_word' id='word_1_219' title='bbox 680 2131 750 2159; x_wconf 92' lang='lat' dir='ltr'>eos</span> <span class='ocrx_word' id='word_1_220' title='bbox 774 2116 984 2174; x_wconf 81' lang='lat' dir='ltr'>accepisse</span> <span class='ocrx_word' id='word_1_221' title='bbox 998 2117 1183 2175; x_wconf 85' lang='lat' dir='ltr'>jejunos.</span> 
     </span>
    </p>

    <p class='ocr_par' dir='ltr' id='par_1_4' title="bbox 352 2184 1728 2598">
     <span class='ocr_line' id='line_1_28' title="bbox 417 2184 1727 2244; baseline -0.002 -16"><span class='ocrx_word' id='word_1_222' title='bbox 417 2187 533 2229; x_wconf 83' lang='lat' dir='ltr'><strong>VIII.</strong></span> <span class='ocrx_word' id='word_1_223' title='bbox 574 2185 796 2244; x_wconf 82' lang='lat' dir='ltr'>Numquid</span> <span class='ocrx_word' id='word_1_224' title='bbox 833 2195 975 2229; x_wconf 70' lang='lat' dir='ltr'>tannen</span> <span class='ocrx_word' id='word_1_225' title='bbox 1014 2196 1240 2244; x_wconf 84' lang='lat' dir='ltr'>propterea</span> <span class='ocrx_word' id='word_1_226' title='bbox 1284 2184 1638 2229; x_wconf 86' lang='lat' dir='ltr'>calumniandum</span> <span class='ocrx_word' id='word_1_227' title='bbox 1665 2192 1727 2226; x_wconf 86' lang='lat' dir='ltr'>est.</span> 
     </span>
     <span class='ocr_line' id='line_1_29' title="bbox 354 2255 1728 2316; baseline -0.002 -16"><span class='ocrx_word' id='word_1_228' title='bbox 354 2257 562 2300; x_wconf 80' lang='lat' dir='ltr'>universae</span> <span class='ocrx_word' id='word_1_229' title='bbox 595 2256 798 2300; x_wconf 78' lang='lat' dir='ltr'>Ecclesiae</span> <span class='ocrx_word' id='word_1_230' title='bbox 820 2257 936 2316; x_wconf 78' lang='lat' dir='ltr'>quod</span> <span class='ocrx_word' id='word_1_231' title='bbox 961 2257 1159 2316; x_wconf 82' lang='lat' dir='ltr'>ajejuuis</span> <span class='ocrx_word' id='word_1_232' title='bbox 1191 2272 1359 2315; x_wconf 76' lang='lat' dir='ltr'>semper</span> <span class='ocrx_word' id='word_1_233' title='bbox 1394 2255 1630 2314; x_wconf 80' lang='lat' dir='ltr'>accipitur?</span> <span class='ocrx_word' id='word_1_234' title='bbox 1665 2256 1728 2298; x_wconf 89' lang='lat' dir='ltr'>Ex</span> 
     </span>
     <span class='ocr_line' id='line_1_30' title="bbox 352 2325 1728 2386; baseline -0.001 -16"><span class='ocrx_word' id='word_1_235' title='bbox 352 2328 435 2371; x_wconf 91' lang='lat' dir='ltr'>hoc</span> <span class='ocrx_word' id='word_1_236' title='bbox 457 2327 570 2370; x_wconf 89' lang='lat' dir='ltr'>enim</span> <span class='ocrx_word' id='word_1_237' title='bbox 596 2326 759 2386; x_wconf 57' lang='lat' dir='ltr'>&#39;placuit</span> <span class='ocrx_word' id='word_1_238' title='bbox 784 2328 959 2386; x_wconf 87' lang='lat' dir='ltr'>Spiritui</span> <span class='ocrx_word' id='word_1_239' title='bbox 975 2338 1145 2381; x_wconf 77' lang='lat' dir='ltr'>sancto,</span> <span class='ocrx_word' id='word_1_240' title='bbox 1166 2338 1211 2372; x_wconf 90' lang='lat' dir='ltr'>ut</span> <span class='ocrx_word' id='word_1_241' title='bbox 1234 2329 1278 2370; x_wconf 90' lang='lat' dir='ltr'>in</span> <span class='ocrx_word' id='word_1_242' title='bbox 1296 2328 1505 2371; x_wconf 87' lang='lat' dir='ltr'>honorem</span> <span class='ocrx_word' id='word_1_243' title='bbox 1532 2325 1637 2370; x_wconf 86' lang='lat' dir='ltr'>tanti</span> <span class='ocrx_word' id='word_1_244' title='bbox 1659 2341 1728 2368; x_wconf 88' lang='lat' dir='ltr'>sa·-</span> 
     </span>
     <span class='ocr_line' id='line_1_31' title="bbox 353 2396 1726 2457; baseline -0.001 -17"><span class='ocrx_word' id='word_1_245' title='bbox 353 2398 561 2440; x_wconf 86' lang='lat' dir='ltr'>cramenti</span> <span class='ocrx_word' id='word_1_246' title='bbox 583 2398 627 2440; x_wconf 89' lang='lat' dir='ltr'>in</span> <span class='ocrx_word' id='word_1_247' title='bbox 650 2413 695 2441; x_wconf 85' lang='lat' dir='ltr'>os</span> <span class='ocrx_word' id='word_1_248' title='bbox 717 2398 947 2442; x_wconf 81' lang='lat' dir='ltr'>Christiani</span> <span class='ocrx_word' id='word_1_249' title='bbox 970 2399 1085 2457; x_wconf 86' lang='lat' dir='ltr'>prius</span> <span class='ocrx_word' id='word_1_250' title='bbox 1115 2397 1386 2442; x_wconf 86' lang='lat' dir='ltr'>Dominicum</span> <span class='ocrx_word' id='word_1_251' title='bbox 1409 2412 1566 2455; x_wconf 87' lang='lat' dir='ltr'>corpus</span> <span class='ocrx_word' id='word_1_252' title='bbox 1590 2396 1726 2438; x_wconf 86' lang='lat' dir='ltr'>intra-</span> 
     </span>
     <span class='ocr_line' id='line_1_32' title="bbox 355 2468 1727 2528; baseline -0.001 -18"><span class='ocrx_word' id='word_1_253' title='bbox 355 2478 440 2521; x_wconf 87' lang='lat' dir='ltr'>ret,</span> <span class='ocrx_word' id='word_1_254' title='bbox 460 2484 589 2527; x_wconf 83' lang='lat' dir='ltr'>quam</span> <span class='ocrx_word' id='word_1_255' title='bbox 605 2468 747 2512; x_wconf 87' lang='lat' dir='ltr'>caeteri</span> <span class='ocrx_word' id='word_1_256' title='bbox 762 2469 845 2511; x_wconf 82' lang='lat' dir='ltr'>eibi</span> <span class='ocrx_word' id='word_1_257' title='bbox 866 2485 987 2513; x_wconf 89' lang='lat' dir='ltr'>:nam</span> <span class='ocrx_word' id='word_1_258' title='bbox 1005 2469 1102 2513; x_wconf 87' lang='lat' dir='ltr'>ideo</span> <span class='ocrx_word' id='word_1_259' title='bbox 1120 2485 1196 2528; x_wconf 82' lang='lat' dir='ltr'>per</span> <span class='ocrx_word' id='word_1_260' title='bbox 1212 2469 1457 2512; x_wconf 85' lang='lat' dir='ltr'>universum</span> <span class='ocrx_word' id='word_1_261' title='bbox 1475 2468 1622 2511; x_wconf 89' lang='lat' dir='ltr'>orbem</span> <span class='ocrx_word' id='word_1_262' title='bbox 1637 2481 1727 2510; x_wconf 90' lang='lat' dir='ltr'>mos</span> 
     </span>
     <span class='ocr_line' id='line_1_33' title="bbox 354 2537 1722 2598; baseline -0.001 -18"><span class='ocrx_word' id='word_1_263' title='bbox 354 2538 431 2581; x_wconf 86' lang='lat' dir='ltr'>istc</span> <span class='ocrx_word' id='word_1_264' title='bbox 453 2547 660 2582; x_wconf 80' lang='lat' dir='ltr'>servatur.</span> <span class='ocrx_word' id='word_1_265' title='bbox 683 2541 831 2598; x_wconf 85' lang='lat' dir='ltr'>Neque</span> <span class='ocrx_word' id='word_1_266' title='bbox 847 2540 959 2582; x_wconf 87' lang='lat' dir='ltr'>enim</span> <span class='ocrx_word' id='word_1_267' title='bbox 975 2539 1074 2598; x_wconf 79' lang='lat' dir='ltr'>quia</span> <span class='ocrx_word' id='word_1_268' title='bbox 1095 2550 1191 2598; x_wconf 85' lang='lat' dir='ltr'>post</span> <span class='ocrx_word' id='word_1_269' title='bbox 1214 2540 1332 2583; x_wconf 87' lang='lat' dir='ltr'>cibos</span> <span class='ocrx_word' id='word_1_270' title='bbox 1352 2538 1472 2582; x_wconf 84' lang='lat' dir='ltr'>dedit</span> <span class='ocrx_word' id='word_1_271' title='bbox 1495 2537 1722 2590; x_wconf 77' lang='lat' dir='ltr'>Dominus,</span> 
     </span>
    </p>
   </div>
   <div class='ocr_carea' id='block_1_3' title="bbox 394 2618 1720 2665">
    <p class='ocr_par' dir='ltr' id='par_1_5' title="bbox 394 2618 1720 2665">
     <span class='ocr_line' id='line_1_34' title="bbox 394 2618 1720 2665; baseline -0.002 -12"><span class='ocrx_word' id='word_1_272' title='bbox 394 2627 399 2641; x_wconf 86' lang='lat'>&#39;</span> <span class='ocrx_word' id='word_1_273' title='bbox 418 2633 427 2653; x_wconf 84' lang='grc' dir='ltr'>ι</span> <span class='ocrx_word' id='word_1_274' title='bbox 447 2624 520 2654; x_wconf 83' lang='lat' dir='ltr'>Cor.</span> <span class='ocrx_word' id='word_1_275' title='bbox 532 2634 576 2663; x_wconf 80' lang='lat' dir='ltr'>xl,</span> <span class='ocrx_word' id='word_1_276' title='bbox 587 2635 640 2657; x_wconf 85' lang='lat'>20.</span> <span class='ocrx_word' id='word_1_277' title='bbox 652 2627 685 2654; x_wconf 89' lang='lat' dir='ltr'>et</span> <span class='ocrx_word' id='word_1_278' title='bbox 694 2624 778 2656; x_wconf 79' lang='lat' dir='ltr'>Beda</span> <span class='ocrx_word' id='word_1_279' title='bbox 787 2622 927 2664; x_wconf 77' lang='lat' dir='ltr'>vulgatus</span> <span class='ocrx_word' id='word_1_280' title='bbox 936 2623 965 2655; x_wconf 91' lang='lat' dir='ltr'>in</span> <span class='ocrx_word' id='word_1_281' title='bbox 978 2625 1122 2657; x_wconf 81' lang='lat' dir='ltr'>eamdem</span> <span class='ocrx_word' id='word_1_282' title='bbox 1131 2623 1294 2665; x_wconf 80' lang='lat' dir='ltr'>epistolam</span> <span class='ocrx_word' id='word_1_283' title='bbox 1304 2640 1341 2647; x_wconf 56' lang='lat' dir='ltr'><em>m</em></span> <span class='ocrx_word' id='word_1_284' title='bbox 1357 2630 1369 2644; x_wconf 84' lang='lat'>²</span> <span class='ocrx_word' id='word_1_285' title='bbox 1379 2622 1496 2654; x_wconf 82' lang='lat' dir='ltr'>Matth.</span> <span class='ocrx_word' id='word_1_286' title='bbox 1511 2632 1562 2661; x_wconf 84' lang='lat' dir='ltr'>xx,</span> <span class='ocrx_word' id='word_1_287' title='bbox 1575 2630 1616 2652; x_wconf 67' lang='lat'>&#39;20</span> <span class='ocrx_word' id='word_1_288' title='bbox 1629 2618 1720 2651; x_wconf 74' lang='lat' dir='ltr'>et26.</span> 
     </span>
    </p>
   </div>
  </div>
 </body>
</html>
