1790 3187
330 173 382 200 DE
415 172 603 200 Divnnsis
633 172 793 214 Qisss‘r.
830 173 979 200 ocroo.
1015 173 1177 199 minvs.
1392 162 1448 199 79

69 258 88 280 »
113 238 221 282 facie
232 235 287 281 ad
300 236 472 280 faeiem.
496 255 512 277 »
533 239 589 280 Et
610 236 718 279 dixit
736 238 859 280 Jesus
879 255 887 280 ;
905 235 1102 281 «Solvite
1116 250 1234 289 eum,
1256 244 1300 279 et
1322 236 1449 280 sinite

68 327 89 350 »
113 310 195 353 ire²
213 327 223 352 :
251 325 270 349 ι)
295 308 378 352 hoc
391 316 470 362 est,
487 306 608 366 quod
630 315 728 366 post
747 308 859 351 hanc
882 308 1014 352 vitam
1028 305 1281 351 auferentur
1302 307 1449 352 omnia

64 379 318 433 velamenta,
343 387 394 422 ut
415 377 522 422 facie
540 378 594 422 ad
615 377 769 423 faciem
792 378 1030 423 videamus.
1056 380 1279 431 Quantum
1303 387 1449 421 autem

62 448 229 493 intersit
249 449 362 493 inter
382 448 605 492 hominem
633 463 765 508 quem
789 449 865 492 Dei
892 449 1107 508 Sapientia
1130 448 1350 505 gestabat,
1374 463 1450 507 per

62 533 192 579 quem
216 518 384 563 liberati
413 534 582 572 sumus,
613 527 656 562 et
677 528 854 563 caeteros
876 520 1089 573 homines,
1115 519 1218 562 hinc
1241 517 1451 577 intelligi-

63 598 150 643 tur,
180 590 300 648 quod
330 593 514 634 Lazarus
543 589 623 633 nisi
647 590 790 633 exiens
812 589 867 633 de
893 597 1179 634 monumento
1208 604 1297 633 non
1319 588 1451 633 solvi-

63 667 160 714 tur,
186 659 231 703 id
253 669 338 714 est,
364 661 494 704 etiam
524 668 671 703 renata
693 660 835 704 anima
861 660 942 703 nisi
972 658 1233 704 resolutione
1260 659 1452 718 eorporis

62 729 196 775 libera
229 731 284 775 ab
317 733 436 776 omni
469 739 648 790 peccato
685 740 727 775 et
759 732 999 789 ignorantia
1037 746 1126 775 esse
1163 746 1252 774 non
1291 740 1448 790 potest,

62 800 257 857 quandiu
278 816 356 860 per
383 800 609 860 speculum
633 810 674 844 et
704 801 748 844 in
776 802 1007 860 aenigmate
1035 802 1154 845 videt
1184 801 1447 844 Dominum:

62 868 176 914 illius
204 879 349 914 autem
376 870 628 914 linteamina
656 879 700 914 et
735 870 975 925 sudarium,
1001 870 1078 930 qui
1106 879 1333 929 peccatum
1362 885 1452 914 non

62 937 181 991 feeit,
210 949 254 984 et
287 939 395 983 nihil
426 939 665 998 ignoravit,
701 941 747 984 in
768 950 1057 985 monumento
1090 940 1266 985 inventa
1306 943 1448 983 sunt2.

63 1011 160 1068 Ipse
176 1009 292 1053 enim
316 1009 431 1054 solus
460 1010 505 1054 in
525 1006 654 1054 earne
671 1025 761 1054 non
781 1020 950 1055 tantum
967 1020 1255 1055 monumento
1279 1026 1367 1054 non
1389 1020 1452 1055 est

62 1095 306 1139 oppressus,
334 1091 382 1125 ut
410 1080 587 1141 aliquod
613 1091 841 1141 peceatum
870 1084 915 1126 in
947 1098 999 1127 eo
1028 1083 1340 1136 inveniretur3,
1378 1081 1455 1126 sed

62 1165 141 1195 nee
163 1149 304 1194 linteis
324 1150 571 1210 implicatus
586 1186 597 1207 ,
623 1161 673 1196 ut
692 1167 795 1196 eum
817 1152 983 1212 aliquid
1004 1151 1180 1207 lateret,
1207 1161 1282 1196 aut
1304 1152 1358 1196 ab
1381 1152 1453 1195 iti-

61 1235 164 1264 nere
181 1221 434 1265 retardaret.

121 1293 319 1343 szsno
344 1293 502 1335 LXVI.
529 1318 582 1323 —
606 1291 840 1350 Apostolus
874 1293 918 1336 in
953 1293 1034 1336 hac
1062 1291 1372 1344 similitudine,
1408 1291 1454 1334 in

60 1375 147 1419 qua
169 1361 224 1404 de
248 1361 339 1405 viro
361 1370 403 1404 et
427 1360 607 1404 muliere
629 1360 847 1422 loquitur,
869 1363 1077 1421 quoniam
1108 1361 1264 1405 mulier
1280 1370 1454 1405 tenetur

59 1428 154 1488 lege
177 1431 280 1485 viri,
304 1432 385 1475 tria
405 1431 609 1490 quaedam
632 1432 946 1476 consideranda
967 1432 1272 1487 commendat,
1293 1430 1453 1475 mulie-

62 1515 175 1555 rem,
210 1501 377 1555 virum,
413 1511 456 1545 et
486 1503 629 1560 legem
670 1521 679 1546 :
712 1502 938 1547 mulierem
974 1503 1137 1547 scilicet
1174 1503 1452 1562 subjugatam

0 1587 1 1590 ¹
61 1571 152 1616 viro
171 1587 247 1630 per
261 1572 487 1617 vinculum
509 1572 616 1631 legis
630 1607 640 1627 ,
664 1589 752 1632 quo
774 1573 949 1618 vinculo
968 1583 1108 1618 morte
1125 1573 1205 1618 viri
1221 1573 1450 1627 liberatur,

62 1650 110 1686 ut
126 1642 197 1687 cui
215 1642 310 1687 vult
331 1642 486 1687 nubat.
509 1643 578 1687 Sic
597 1644 711 1686 enim
730 1642 836 1688 dicit
862 1663 871 1688 ε
900 1662 920 1686 «
943 1643 1101 1689 Mulier
1117 1644 1233 1688 enim
1255 1645 1337 1688 sub
1360 1645 1453 1689 viro

65 1730 85 1755 n
105 1713 204 1758 vivo
231 1715 550 1774 maritojuncta
570 1723 633 1758 est
656 1714 740 1773 legi
761 1733 769 1759 :
791 1715 825 1759 si
848 1724 993 1759 autem
1020 1725 1217 1760 mortuus
1240 1714 1372 1760 fuerit
1389 1716 1454 1760 vir

65 1801 86 1824 »
112 1785 219 1842 ejus,
250 1794 456 1829 evacuata
478 1793 541 1829 est
570 1801 593 1829 a
616 1784 711 1843 lege
732 1785 828 1829 viri.
857 1786 995 1844 Igitur
1016 1787 1189 1832 vivente
1211 1787 1305 1831 viro
1319 1802 1451 1831 voca-

65 1871 86 1894 »
112 1854 231 1898 bitur
253 1854 472 1910 adultera,
498 1856 531 1899 si
551 1854 685 1899 fuerit
713 1870 811 1898 cum
837 1855 921 1899 aiio
943 1856 1037 1900 viro
1062 1874 1071 1900 z
1099 1856 1133 1899 si
1153 1865 1299 1900 autem
1332 1871 1451 1900 mor-

65 1941 86 1964 »
112 1933 210 1969 tuus
231 1925 363 1970 fuerit
385 1926 450 1971 vir
471 1927 581 1985 ejus,
605 1923 789 1969 liberata
810 1935 874 1970 est
895 1942 918 1970 a
940 1925 1052 1985 lege,
1081 1935 1130 1970 ut
1151 1942 1240 1971 non
1258 1927 1312 1971 sit
1327 1926 1453 1970 adul-

64 2012 84 2036 »
110 2004 221 2051 tera,
246 1997 430 2041 sisuerit
451 2012 552 2041 cum
581 1996 666 2041 alio
695 1997 787 2041 viro
801 1999 832 2040 4.
872 2015 892 2039 »
922 2000 1019 2042 Huc
1040 2014 1180 2058 usque
1214 1997 1451 2043 similitudo

61 2075 138 2111 est.
172 2067 338 2112 Deinde
370 2068 521 2127 incipit
556 2083 648 2112 rem
682 2068 827 2128 loqui,
868 2069 938 2113 cui
960 2069 1245 2128 explanandae
1275 2085 1323 2114 ac
1346 2085 1447 2129 pro-

61 2136 218 2182 bandae
239 2138 569 2183 similitudinem
590 2139 777 2184 induxit.
803 2142 855 2183 In
876 2156 964 2199 qua
981 2140 1110 2184 etiam
1134 2156 1179 2184 re
1202 2141 1283 2184 tria
1306 2140 1450 2185 simili-

60 2215 125 2252 ter
146 2208 411 2255 attendenda
432 2219 550 2264 sunt,
585 2210 732 2265 homo,
759 2220 1005 2269 peccatum,
1026 2211 1109 2255 lex.
1140 2211 1310 2255 Tandiu
1332 2211 1447 2255 enim

59 2276 165 2323 dicit
207 2280 289 2324 sub
318 2278 413 2338 lege
445 2295 535 2325 esse
566 2280 814 2335 hominem,
855 2281 1054 2340 quandiu
1099 2281 1205 2326 vivit
1235 2291 1447 2341 peccat03

59 2347 429 2407 quemadmodum
457 2348 612 2395 tandiu
634 2349 791 2394 mulier
819 2350 901 2395 sub
921 2349 1016 2409 lege
1039 2351 1120 2395 viri
1141 2360 1226 2407 est,
1251 2350 1450 2412 quandiu

108 2456 117 2474 ¹
149 2453 239 2486 Joan.
272 2462 317 2492 xi,
350 2450 398 2494 54.
415 2467 457 2476 -
473 2459 486 2476 ²
512 2452 556 2484 ld.
579 2463 635 2490 xx,
656 2462 688 2495 7.
707 2450 773 2476 ——3
797 2453 867 2485 lsai.
901 2463 954 2484 ιιιι
972 2478 979 2491 ,
999 2465 1030 2495 9.
1052 2452 1119 2482 --4
1148 2457 1235 2485 Rom.
1260 2465 1313 2486 vm
1332 2480 1340 2495 ‚
1376 2466 1384 2485 1
1417 2459 1448 2486 et

82 2517 152 2548 qu.
