1790 3187
303 254 388 295 486
732 264 765 292 s.
800 265 1026 292 Aueusnm
1058 264 1237 292 zmscom

307 332 381 376 sed
396 326 454 375 ‘ad
483 330 788 375 correctionem
809 329 1047 373 dilectionis
1068 327 1209 372 valere
1231 337 1474 386 cognoseat.
1495 328 1671 374 Incolu-

308 403 386 446 mis
405 402 520 448 vivas
542 402 586 445 in
603 401 773 447 Christo
797 400 1066 444 dilectissime
1086 409 1129 444 et
1151 397 1414 444 honorabilis
1434 400 1581 444 frater.

306 546 1284 568 mmmmwvuwmmmwuwmwwwwwwmmuwm
1288 545 1676 564 MMMMMMWW

473 661 586 729 DE
632 657 991 730 DUABUS
1035 603 1504 728 EPISTOLIS

735 817 934 848 PROXIME
958 815 1254 857 SEQUENTIBUS.

548 937 724 979 LIBRI
754 937 799 977 ΙΙ
829 934 1447 990 RETRACTATIONUM,

879 1076 1009 1104 CAPUT
1035 1076 1106 1103 XX.

375 1194 499 1236 Lnnu
534 1190 647 1246 duo,
685 1204 870 1250 quorum
911 1198 975 1233 est
1008 1187 1187 1242 titulus,
1226 1186 1313 1233 Ad
1345 1187 1685 1246 Inqztz'sitz'ones

306 1262 565 1318 Januarz'i,
604 1260 740 1306 multa
778 1261 832 1305 de
867 1261 1141 1305 sacramentis
1177 1261 1401 1305 continent
1444 1260 1682 1320 disputata,

307 1337 394 1381 sive
422 1352 519 1395 quae
542 1333 853 1388 universaliter,
882 1335 970 1378 sive
1007 1349 1106 1394 quae
1140 1331 1366 1393 partiliter,
1399 1332 1444 1377 id
1476 1342 1556 1388 est,
1596 1348 1686 1377 non

304 1422 508 1468 peraeque
530 1407 574 1450 in
598 1406 797 1450 omnibus
836 1405 939 1449 locis
962 1406 1162 1449 observat
1197 1403 1403 1459 Ecclesia,
1429 1418 1509 1448 nec
1540 1413 1686 1448 tamen

308 1478 636 1524 commemorari
656 1477 797 1521 omnia
816 1486 1067 1536 potuerunt,
1089 1476 1162 1521 sed
1182 1478 1279 1521 satis
1297 1477 1352 1521 ad
1374 1477 1577 1538 inquisita
1599 1491 1688 1520 res-

305 1565 492 1610 ponsum
524 1558 586 1592 est
609 1567 616 1593 :
643 1563 828 1608 quorum
852 1549 1060 1592 librorum
1094 1548 1226 1607 prior,
1252 1548 1430 1607 epistola
1454 1557 1532 1604 est,
1558 1548 1689 1592 habet

307 1621 469 1682 quippe
488 1621 530 1663 in
546 1620 685 1679 capite
698 1620 793 1679 quis
807 1620 859 1663 ad
878 1636 1006 1680 quem
1026 1620 1199 1674 scribat,
1214 1619 1288 1663 sed
1311 1619 1408 1664 ideo
1424 1620 1536 1663 inter
1555 1619 1689 1664 libros

307 1702 619 1736 annumeratur
652 1692 734 1735 hoe
774 1707 905 1750 opus,
936 1691 1142 1750 quoniam
1185 1706 1368 1751 sequens
1406 1691 1481 1750 qui
1512 1690 1689 1734 nomina

310 1773 453 1807 nostra
473 1779 562 1807 non
584 1763 732 1815 habet,
750 1761 888 1807 multo
912 1773 974 1806 est
989 1762 1212 1822 prolixior,
1229 1773 1271 1806 et
1289 1764 1333 1806 in
1348 1778 1398 1806 eo
1409 1761 1547 1805 multo
1568 1760 1691 1820 plura

309 1843 566 1879 tractantur.
614 1837 665 1877 In
703 1834 842 1893 primo
879 1834 1008 1891 igitur
1045 1834 1164 1893 quod
1199 1833 1252 1877 de
1282 1849 1439 1877 manna
1462 1832 1548 1877 dixi
1578 1831 1693 1890 quia

311 1906 563 1964 unicuiqae
584 1903 840 1950 secundum
852 1905 1104 1964 propriam
1122 1902 1416 1949 voluntatem
1439 1905 1487 1948 in
1510 1919 1590 1948 ore
1610 1891 1696 1948 ‹sa-⁸

307 1975 491 2037 plebat,
517 1993 604 2020 non
639 1977 745 2019 mihi
780 1978 967 2020 occurrit
995 1978 1112 2020 uude
1135 1979 1268 2036 possit
1300 1976 1488 2036 probari,
1528 1974 1608 2018 nisi
1643 1989 1692 2017 ex

310 2046 424 2090 libro
450 2047 861 2107 Sapientiae¹,quem
886 2048 1027 2091 Judaei
1051 2064 1136 2091 non
1158 2048 1370 2107 recipiunt
1394 2049 1437 2091 in
1461 2045 1694 2090 auctorita·-

311 2126 398 2161 tem
423 2119 692 2172 canonicam,
718 2119 836 2178 quod
872 2128 1015 2162 tamen
1047 2118 1246 2162 fidelibus
1275 2119 1418 2178 potuit
1447 2117 1691 2179 provenire,

314 2203 404 2231 non
439 2187 521 2231 illis
551 2187 752 2233 adversus
779 2191 915 2232 Deum
945 2190 1352 2245 murmuratoribus,
1387 2189 1462 2250 qui
1500 2187 1695 2250 profecto

315 2258 417 2303 alias
450 2274 564 2303 escas
599 2276 687 2304 non
719 2260 1033 2315 desiderarent,
1058 2261 1090 2306 si
1124 2262 1206 2305 hoc
1243 2262 1302 2306 eis
1337 2271 1504 2322 saperet
1538 2274 1696 2305 manna
1781 2299 1784 2307 .

314 2331 431 2390 quod
450 2331 627 2377 vellent.
654 2334 746 2378 Hoc
769 2348 878 2393 opus
903 2334 961 2378 sic
981 2333 1132 2393 incipit
1153 2353 1162 2379 ε
1187 2331 1273 2380 Ad
1299 2349 1358 2379 ea
1390 2349 1496 2392 quse
1523 2348 1599 2379 me
1621 2332 1695 2376 z'n-

316 2411 585 2464 tetv'ogczstl.

356 2503 369 2524 ¹
387 2501 463 2544 Sap.
481 2512 546 2544 xvi,
568 2512 616 2535 10.
