<?xml version="1.0" encoding="UTF-8"?>
<!DOCTYPE html PUBLIC "-//W3C//DTD XHTML 1.0 Transitional//EN"
    "http://www.w3.org/TR/xhtml1/DTD/xhtml1-transitional.dtd">
<html xmlns="http://www.w3.org/1999/xhtml" xml:lang="en" lang="en">
 <head>
  <title>
</title>
<meta http-equiv="Content-Type" content="text/html;charset=utf-8" />
  <meta name='ocr-system' content='tesseract 3.04.00' />
  <meta name='ocr-capabilities' content='ocr_page ocr_carea ocr_par ocr_line ocrx_word'/>
</head>
<body>
  <div class='ocr_page' id='page_1' title='image "./operaomniaaccura38auguuoft_0442.png"; bbox 0 0 1790 3187; ppageno 0'>
   <div class='ocr_carea' id='block_1_1' title="bbox 300 203 1251 247">
    <p class='ocr_par' dir='ltr' id='par_1_1' title="bbox 300 203 1251 247">
     <span class='ocr_line' id='line_1_1' title="bbox 300 203 1251 247; baseline 0 -3"><span class='ocrx_word' id='word_1_1' title='bbox 300 203 383 244; x_wconf 77' lang='lat'>432</span> <span class='ocrx_word' id='word_1_2' title='bbox 739 215 771 244; x_wconf 92' lang='lat' dir='ltr'>s.</span> <span class='ocrx_word' id='word_1_3' title='bbox 808 215 1039 247; x_wconf 68' lang='lat' dir='ltr'>Aueusrml</span> <span class='ocrx_word' id='word_1_4' title='bbox 1074 217 1251 245; x_wconf 74' lang='lat' dir='ltr'>zmscom</span> 
     </span>
    </p>
   </div>
   <div class='ocr_carea' id='block_1_2' title="bbox 287 279 1682 1679">
    <p class='ocr_par' dir='ltr' id='par_1_2' title="bbox 293 279 1681 838">
     <span class='ocr_line' id='line_1_2' title="bbox 298 279 1680 342; baseline 0.001 -19"><span class='ocrx_word' id='word_1_5' title='bbox 298 288 419 324; x_wconf 88' lang='lat' dir='ltr'>tanta</span> <span class='ocrx_word' id='word_1_6' title='bbox 443 279 667 340; x_wconf 81' lang='lat' dir='ltr'>diligentia</span> <span class='ocrx_word' id='word_1_7' title='bbox 690 280 759 326; x_wconf 89' lang='lat' dir='ltr'>vel</span> <span class='ocrx_word' id='word_1_8' title='bbox 780 280 1005 325; x_wconf 87' lang='lat' dir='ltr'>severitate</span> <span class='ocrx_word' id='word_1_9' title='bbox 1027 290 1311 341; x_wconf 73' lang='lat' dir='ltr'>quaereretur,</span> <span class='ocrx_word' id='word_1_10' title='bbox 1341 296 1441 325; x_wconf 90' lang='lat' dir='ltr'>cum</span> <span class='ocrx_word' id='word_1_11' title='bbox 1463 282 1554 342; x_wconf 85' lang='lat' dir='ltr'>ejus</span> <span class='ocrx_word' id='word_1_12' title='bbox 1574 297 1680 326; x_wconf 87' lang='lat' dir='ltr'>cau·</span> 
     </span>
     <span class='ocr_line' id='line_1_3' title="bbox 296 351 1681 411; baseline 0.001 -17"><span class='ocrx_word' id='word_1_13' title='bbox 296 366 384 394; x_wconf 84' lang='lat' dir='ltr'>sam</span> <span class='ocrx_word' id='word_1_14' title='bbox 409 351 713 395; x_wconf 87' lang='lat' dir='ltr'>inveniendam</span> <span class='ocrx_word' id='word_1_15' title='bbox 731 352 929 410; x_wconf 77' lang='lat' dir='ltr'>cognitor</span> <span class='ocrx_word' id='word_1_16' title='bbox 949 352 1160 411; x_wconf 79' lang='lat' dir='ltr'>agitaret?</span> <span class='ocrx_word' id='word_1_17' title='bbox 1176 351 1291 405; x_wconf 90' lang='lat' dir='ltr'>Quid</span> <span class='ocrx_word' id='word_1_18' title='bbox 1314 352 1427 395; x_wconf 90' lang='lat' dir='ltr'>enim</span> <span class='ocrx_word' id='word_1_19' title='bbox 1451 362 1542 396; x_wconf 86' lang='lat' dir='ltr'>erat</span> <span class='ocrx_word' id='word_1_20' title='bbox 1562 351 1681 396; x_wconf 90' lang='lat' dir='ltr'>aliud</span> 
     </span>
     <span class='ocr_line' id='line_1_4' title="bbox 296 420 1681 482; baseline 0.001 -17"><span class='ocrx_word' id='word_1_21' title='bbox 296 420 413 466; x_wconf 89' lang='lat' dir='ltr'>nolle</span> <span class='ocrx_word' id='word_1_22' title='bbox 435 423 494 466; x_wconf 84' lang='lat' dir='ltr'>sie</span> <span class='ocrx_word' id='word_1_23' title='bbox 514 423 666 481; x_wconf 82' lang='lat' dir='ltr'>quaeri,</span> <span class='ocrx_word' id='word_1_24' title='bbox 686 438 817 482; x_wconf 86' lang='lat' dir='ltr'>quarn</span> <span class='ocrx_word' id='word_1_25' title='bbox 840 422 894 467; x_wconf 90' lang='lat' dir='ltr'>de</span> <span class='ocrx_word' id='word_1_26' title='bbox 917 424 1098 468; x_wconf 88' lang='lat' dir='ltr'>crimine</span> <span class='ocrx_word' id='word_1_27' title='bbox 1118 423 1350 468; x_wconf 73' lang='lat' dir='ltr'>confiteri?</span> <span class='ocrx_word' id='word_1_28' title='bbox 1372 425 1427 467; x_wconf 90' lang='lat' dir='ltr'>Et</span> <span class='ocrx_word' id='word_1_29' title='bbox 1445 431 1591 466; x_wconf 86' lang='lat' dir='ltr'>tamen</span> <span class='ocrx_word' id='word_1_30' title='bbox 1608 422 1681 466; x_wconf 75' lang='lat' dir='ltr'>ille</span> 
     </span>
     <span class='ocr_line' id='line_1_5' title="bbox 294 491 1678 552; baseline 0.001 -17"><span class='ocrx_word' id='word_1_31' title='bbox 294 491 385 551; x_wconf 90' lang='lat' dir='ltr'>ipse</span> <span class='ocrx_word' id='word_1_32' title='bbox 413 492 645 552; x_wconf 86' lang='lat' dir='ltr'>proconsul</span> <span class='ocrx_word' id='word_1_33' title='bbox 668 493 780 537; x_wconf 85' lang='lat' dir='ltr'>inter</span> <span class='ocrx_word' id='word_1_34' title='bbox 803 509 1054 552; x_wconf 83' lang='lat' dir='ltr'>praeconum</span> <span class='ocrx_word' id='word_1_35' title='bbox 1077 494 1289 538; x_wconf 84' lang='lat' dir='ltr'>terribiles</span> <span class='ocrx_word' id='word_1_36' title='bbox 1310 509 1436 538; x_wconf 89' lang='lat' dir='ltr'>voees</span> <span class='ocrx_word' id='word_1_37' title='bbox 1457 502 1500 537; x_wconf 90' lang='lat' dir='ltr'>et</span> <span class='ocrx_word' id='word_1_38' title='bbox 1521 508 1678 537; x_wconf 88' lang='lat' dir='ltr'>cruen-</span> 
     </span>
     <span class='ocr_line' id='line_1_6' title="bbox 295 564 1679 626; baseline 0 -19"><span class='ocrx_word' id='word_1_39' title='bbox 295 571 359 607; x_wconf 87' lang='lat' dir='ltr'>tas</span> <span class='ocrx_word' id='word_1_40' title='bbox 375 564 625 608; x_wconf 82' lang='lat' dir='ltr'>carnificum</span> <span class='ocrx_word' id='word_1_41' title='bbox 642 579 795 609; x_wconf 87' lang='lat' dir='ltr'>manus</span> <span class='ocrx_word' id='word_1_42' title='bbox 809 581 1031 626; x_wconf 83' lang='lat' dir='ltr'>nunquam</span> <span class='ocrx_word' id='word_1_43' title='bbox 1050 565 1259 625; x_wconf 85' lang='lat' dir='ltr'>collegam</span> <span class='ocrx_word' id='word_1_44' title='bbox 1274 565 1500 609; x_wconf 85' lang='lat' dir='ltr'>damnaret</span> <span class='ocrx_word' id='word_1_45' title='bbox 1522 565 1679 609; x_wconf 87' lang='lat' dir='ltr'>absen-</span> 
     </span>
     <span class='ocr_line' id='line_1_7' title="bbox 297 634 1679 695; baseline 0.001 -19"><span class='ocrx_word' id='word_1_46' title='bbox 297 640 400 685; x_wconf 87' lang='lat' dir='ltr'>tem,</span> <span class='ocrx_word' id='word_1_47' title='bbox 421 635 493 692; x_wconf 90' lang='lat' dir='ltr'>qui</span> <span class='ocrx_word' id='word_1_48' title='bbox 507 635 673 694; x_wconf 77' lang='lat' dir='ltr'>judicio</span> <span class='ocrx_word' id='word_1_49' title='bbox 691 636 783 695; x_wconf 89' lang='lat' dir='ltr'>ejus</span> <span class='ocrx_word' id='word_1_50' title='bbox 802 650 846 679; x_wconf 89' lang='lat' dir='ltr'>se</span> <span class='ocrx_word' id='word_1_51' title='bbox 864 645 1122 695; x_wconf 74' lang='lat' dir='ltr'>praesentare</span> <span class='ocrx_word' id='word_1_52' title='bbox 1140 635 1362 690; x_wconf 85' lang='lat' dir='ltr'>noluisset,</span> <span class='ocrx_word' id='word_1_53' title='bbox 1380 650 1480 679; x_wconf 90' lang='lat' dir='ltr'>cum</span> <span class='ocrx_word' id='word_1_54' title='bbox 1498 635 1550 677; x_wconf 87' lang='lat' dir='ltr'>ha</span> <span class='ocrx_word' id='word_1_55' title='bbox 1560 634 1679 678; x_wconf 85' lang='lat' dir='ltr'>beret</span> 
     </span>
     <span class='ocr_line' id='line_1_8' title="bbox 295 703 1677 765; baseline 0.001 -20"><span class='ocrx_word' id='word_1_56' title='bbox 295 703 429 759; x_wconf 87' lang='lat' dir='ltr'>aliud,</span> <span class='ocrx_word' id='word_1_57' title='bbox 462 707 581 764; x_wconf 78' lang='lat' dir='ltr'>quod</span> <span class='ocrx_word' id='word_1_58' title='bbox 612 716 753 765; x_wconf 88' lang='lat' dir='ltr'>posset</span> <span class='ocrx_word' id='word_1_59' title='bbox 780 706 934 751; x_wconf 86' lang='lat' dir='ltr'>audiri.</span> <span class='ocrx_word' id='word_1_60' title='bbox 958 711 1046 751; x_wconf 81' lang='lat' dir='ltr'>Aut</span> <span class='ocrx_word' id='word_1_61' title='bbox 1067 709 1100 750; x_wconf 91' lang='lat' dir='ltr'>si</span> <span class='ocrx_word' id='word_1_62' title='bbox 1132 707 1381 760; x_wconf 85' lang='lat' dir='ltr'>damnaret,</span> <span class='ocrx_word' id='word_1_63' title='bbox 1408 715 1524 750; x_wconf 87' lang='lat' dir='ltr'>certe</span> <span class='ocrx_word' id='word_1_64' title='bbox 1547 706 1677 748; x_wconf 87' lang='lat' dir='ltr'>etiam</span> 
     </span>
     <span class='ocr_line' id='line_1_9' title="bbox 293 773 1676 838; baseline 0.002 -22"><span class='ocrx_word' id='word_1_65' title='bbox 293 773 394 833; x_wconf 89' lang='lat' dir='ltr'>ipsis</span> <span class='ocrx_word' id='word_1_66' title='bbox 415 776 693 821; x_wconf 63' lang='lat' dir='ltr'>saecularibus</span> <span class='ocrx_word' id='word_1_67' title='bbox 715 776 883 836; x_wconf 81' lang='lat' dir='ltr'>legibus</span> <span class='ocrx_word' id='word_1_68' title='bbox 919 794 1070 837; x_wconf 82' lang='lat' dir='ltr'>poenas</span> <span class='ocrx_word' id='word_1_69' title='bbox 1091 778 1228 838; x_wconf 77' lang='lat' dir='ltr'>justas</span> <span class='ocrx_word' id='word_1_70' title='bbox 1259 787 1301 821; x_wconf 88' lang='lat' dir='ltr'>et</span> <span class='ocrx_word' id='word_1_71' title='bbox 1328 777 1493 821; x_wconf 89' lang='lat' dir='ltr'>debitas</span> <span class='ocrx_word' id='word_1_72' title='bbox 1521 776 1676 820; x_wconf 87' lang='lat' dir='ltr'>lueret.</span> 
     </span>
    </p>

    <p class='ocr_par' dir='ltr' id='par_1_3' title="bbox 287 846 1682 1679">
     <span class='ocr_line' id='line_1_10' title="bbox 351 846 1681 906; baseline 0 -17"><span class='ocrx_word' id='word_1_73' title='bbox 351 848 471 889; x_wconf 79' lang='lat' dir='ltr'>xlv.</span> <span class='ocrx_word' id='word_1_74' title='bbox 499 848 622 900; x_wconf 83' lang='lat' dir='ltr'>Quod</span> <span class='ocrx_word' id='word_1_75' title='bbox 639 848 672 891; x_wconf 86' lang='lat' dir='ltr'>si</span> <span class='ocrx_word' id='word_1_76' title='bbox 690 849 817 892; x_wconf 89' lang='lat' dir='ltr'>Gesta</span> <span class='ocrx_word' id='word_1_77' title='bbox 841 847 1163 906; x_wconf 83' lang='lat' dir='ltr'>proconsularia</span> <span class='ocrx_word' id='word_1_78' title='bbox 1182 847 1441 906; x_wconf 86' lang='lat' dir='ltr'>displicent,</span> <span class='ocrx_word' id='word_1_79' title='bbox 1463 846 1681 891; x_wconf 87' lang='lat' dir='ltr'>ecclesias-</span> 
     </span>
     <span class='ocr_line' id='line_1_11' title="bbox 294 915 1682 962; baseline 0.001 -4"><span class='ocrx_word' id='word_1_80' title='bbox 294 915 386 959; x_wconf 88' lang='lat' dir='ltr'>ticis</span> <span class='ocrx_word' id='word_1_81' title='bbox 409 916 563 959; x_wconf 79' lang='lat' dir='ltr'>cedite.</span> <span class='ocrx_word' id='word_1_82' title='bbox 600 918 756 962; x_wconf 82' lang='lat' dir='ltr'>Omnia</span> <span class='ocrx_word' id='word_1_83' title='bbox 785 919 906 962; x_wconf 87' lang='lat' dir='ltr'>vobis</span> <span class='ocrx_word' id='word_1_84' title='bbox 940 918 1091 962; x_wconf 86' lang='lat' dir='ltr'>ordine</span> <span class='ocrx_word' id='word_1_85' title='bbox 1116 919 1290 962; x_wconf 87' lang='lat' dir='ltr'>recitata</span> <span class='ocrx_word' id='word_1_86' title='bbox 1319 927 1434 962; x_wconf 92' lang='lat' dir='ltr'>sunt.</span> <span class='ocrx_word' id='word_1_87' title='bbox 1467 921 1534 962; x_wconf 88' lang='lat' dir='ltr'>An</span> <span class='ocrx_word' id='word_1_88' title='bbox 1569 916 1682 960; x_wconf 85' lang='lat' dir='ltr'>forte</span> 
     </span>
     <span class='ocr_line' id='line_1_12' title="bbox 293 985 1680 1046; baseline 0.001 -18"><span class='ocrx_word' id='word_1_89' title='bbox 293 1000 382 1028; x_wconf 89' lang='lat' dir='ltr'>non</span> <span class='ocrx_word' id='word_1_90' title='bbox 405 985 558 1029; x_wconf 87' lang='lat' dir='ltr'>debuit</span> <span class='ocrx_word' id='word_1_91' title='bbox 581 990 789 1032; x_wconf 84' lang='lat' dir='ltr'>Romanae</span> <span class='ocrx_word' id='word_1_92' title='bbox 811 987 1001 1032; x_wconf 77' lang='lat' dir='ltr'>eeclesiae</span> <span class='ocrx_word' id='word_1_93' title='bbox 1035 988 1296 1033; x_wconf 82' lang='lat' dir='ltr'>Melchiades</span> <span class='ocrx_word' id='word_1_94' title='bbox 1321 988 1547 1046; x_wconf 89' lang='lat' dir='ltr'>episcopus</span> <span class='ocrx_word' id='word_1_95' title='bbox 1579 1001 1680 1030; x_wconf 90' lang='lat' dir='ltr'>cum</span> 
     </span>
     <span class='ocr_line' id='line_1_13' title="bbox 292 1055 1680 1117; baseline 0.002 -20"><span class='ocrx_word' id='word_1_96' title='bbox 292 1055 468 1113; x_wconf 85' lang='lat' dir='ltr'>collegis</span> <span class='ocrx_word' id='word_1_97' title='bbox 491 1059 784 1101; x_wconf 82' lang='lat' dir='ltr'>transmarinis</span> <span class='ocrx_word' id='word_1_98' title='bbox 813 1059 1022 1117; x_wconf 89' lang='lat' dir='ltr'>episcopis</span> <span class='ocrx_word' id='word_1_99' title='bbox 1052 1058 1162 1102; x_wconf 85' lang='lat' dir='ltr'>illud</span> <span class='ocrx_word' id='word_1_100' title='bbox 1201 1059 1282 1102; x_wconf 81' lang='lat' dir='ltr'>sibi</span> <span class='ocrx_word' id='word_1_101' title='bbox 1323 1073 1530 1116; x_wconf 87' lang='lat' dir='ltr'>usurpare</span> <span class='ocrx_word' id='word_1_102' title='bbox 1560 1057 1680 1117; x_wconf 87' lang='lat' dir='ltr'>judi-</span> 
     </span>
     <span class='ocr_line' id='line_1_14' title="bbox 293 1125 1681 1187; baseline 0.001 -19"><span class='ocrx_word' id='word_1_103' title='bbox 293 1125 405 1169; x_wconf 90' lang='lat' dir='ltr'>cium</span> <span class='ocrx_word' id='word_1_104' title='bbox 423 1160 433 1178; x_wconf 95' lang='lat'>,</span> <span class='ocrx_word' id='word_1_105' title='bbox 458 1126 578 1185; x_wconf 80' lang='lat' dir='ltr'>quod</span> <span class='ocrx_word' id='word_1_106' title='bbox 600 1127 653 1170; x_wconf 84' lang='lat' dir='ltr'>ab</span> <span class='ocrx_word' id='word_1_107' title='bbox 678 1126 790 1171; x_wconf 73' lang='lat' dir='ltr'>Afris</span> <span class='ocrx_word' id='word_1_108' title='bbox 811 1128 1084 1187; x_wconf 79' lang='lat' dir='ltr'>septuaginta</span> <span class='ocrx_word' id='word_1_109' title='bbox 1102 1163 1112 1181; x_wconf 93' lang='lat'>,</span> <span class='ocrx_word' id='word_1_110' title='bbox 1137 1128 1213 1171; x_wconf 91' lang='lat' dir='ltr'>ubi</span> <span class='ocrx_word' id='word_1_111' title='bbox 1237 1128 1396 1186; x_wconf 80' lang='lat' dir='ltr'>primas</span> <span class='ocrx_word' id='word_1_112' title='bbox 1421 1127 1681 1186; x_wconf 76' lang='lat' dir='ltr'>Tigisitanus</span> 
     </span>
     <span class='ocr_line' id='line_1_15' title="bbox 293 1195 1682 1256; baseline 0.001 -19"><span class='ocrx_word' id='word_1_113' title='bbox 293 1195 523 1252; x_wconf 84' lang='lat' dir='ltr'>praesedit,</span> <span class='ocrx_word' id='word_1_114' title='bbox 548 1196 690 1241; x_wconf 85' lang='lat' dir='ltr'>fuerat</span> <span class='ocrx_word' id='word_1_115' title='bbox 716 1198 1028 1241; x_wconf 79' lang='lat' dir='ltr'>terminatum?</span> <span class='ocrx_word' id='word_1_116' title='bbox 1050 1198 1161 1251; x_wconf 88' lang='lat' dir='ltr'>Quid</span> <span class='ocrx_word' id='word_1_117' title='bbox 1190 1197 1309 1256; x_wconf 85' lang='lat' dir='ltr'>quod</span> <span class='ocrx_word' id='word_1_118' title='bbox 1332 1213 1413 1241; x_wconf 90' lang='lat' dir='ltr'>nec</span> <span class='ocrx_word' id='word_1_119' title='bbox 1437 1198 1526 1255; x_wconf 88' lang='lat' dir='ltr'>ipse</span> <span class='ocrx_word' id='word_1_120' title='bbox 1555 1212 1682 1240; x_wconf 89' lang='lat' dir='ltr'>usur-</span> 
     </span>
     <span class='ocr_line' id='line_1_16' title="bbox 292 1266 1682 1328; baseline 0.001 -20"><span class='ocrx_word' id='word_1_121' title='bbox 292 1266 436 1324; x_wconf 80' lang='lat' dir='ltr'>pavit?</span> <span class='ocrx_word' id='word_1_122' title='bbox 459 1270 654 1325; x_wconf 81' lang='lat' dir='ltr'>Rogatus</span> <span class='ocrx_word' id='word_1_123' title='bbox 677 1268 840 1327; x_wconf 85' lang='lat' dir='ltr'>quippe</span> <span class='ocrx_word' id='word_1_124' title='bbox 871 1271 1138 1328; x_wconf 81' lang='lat' dir='ltr'>Imperator,</span> <span class='ocrx_word' id='word_1_125' title='bbox 1165 1268 1333 1328; x_wconf 81' lang='lat' dir='ltr'>judices</span> <span class='ocrx_word' id='word_1_126' title='bbox 1368 1267 1484 1311; x_wconf 85' lang='lat' dir='ltr'>misit</span> <span class='ocrx_word' id='word_1_127' title='bbox 1516 1267 1682 1326; x_wconf 87' lang='lat' dir='ltr'>episco-</span> 
     </span>
     <span class='ocr_line' id='line_1_17' title="bbox 291 1335 1680 1397; baseline 0 -17"><span class='ocrx_word' id='word_1_128' title='bbox 291 1351 396 1395; x_wconf 84' lang='lat' dir='ltr'>pos,</span> <span class='ocrx_word' id='word_1_129' title='bbox 429 1338 504 1396; x_wconf 84' lang='lat' dir='ltr'>qui</span> <span class='ocrx_word' id='word_1_130' title='bbox 542 1354 641 1381; x_wconf 90' lang='lat' dir='ltr'>cum</span> <span class='ocrx_word' id='word_1_131' title='bbox 672 1354 723 1381; x_wconf 92' lang='lat' dir='ltr'>eo</span> <span class='ocrx_word' id='word_1_132' title='bbox 755 1338 986 1393; x_wconf 85' lang='lat' dir='ltr'>sederent,</span> <span class='ocrx_word' id='word_1_133' title='bbox 1024 1349 1067 1382; x_wconf 89' lang='lat' dir='ltr'>et</span> <span class='ocrx_word' id='word_1_134' title='bbox 1094 1339 1148 1382; x_wconf 85' lang='lat' dir='ltr'>de</span> <span class='ocrx_word' id='word_1_135' title='bbox 1178 1347 1268 1382; x_wconf 79' lang='lat' dir='ltr'>tota</span> <span class='ocrx_word' id='word_1_136' title='bbox 1301 1337 1372 1382; x_wconf 87' lang='lat' dir='ltr'>illa</span> <span class='ocrx_word' id='word_1_137' title='bbox 1403 1353 1530 1382; x_wconf 83' lang='lat' dir='ltr'>causa</span> <span class='ocrx_word' id='word_1_138' title='bbox 1559 1335 1680 1397; x_wconf 88' lang='lat' dir='ltr'>quod</span> 
     </span>
     <span class='ocr_line' id='line_1_18' title="bbox 287 1407 1679 1469; baseline 0 -19"><span class='ocrx_word' id='word_1_139' title='bbox 287 1407 454 1466; x_wconf 88' lang='lat' dir='ltr'>justum</span> <span class='ocrx_word' id='word_1_140' title='bbox 475 1407 695 1452; x_wconf 89' lang='lat' dir='ltr'>videretur</span> <span class='ocrx_word' id='word_1_141' title='bbox 715 1419 968 1453; x_wconf 84' lang='lat' dir='ltr'>statuerent.</span> <span class='ocrx_word' id='word_1_142' title='bbox 997 1413 1090 1454; x_wconf 90' lang='lat' dir='ltr'>Hoc</span> <span class='ocrx_word' id='word_1_143' title='bbox 1113 1410 1346 1469; x_wconf 82' lang='lat' dir='ltr'>probamus</span> <span class='ocrx_word' id='word_1_144' title='bbox 1368 1418 1411 1453; x_wconf 92' lang='lat' dir='ltr'>et</span> <span class='ocrx_word' id='word_1_145' title='bbox 1437 1408 1679 1452; x_wconf 84' lang='lat' dir='ltr'>Donatista-</span> 
     </span>
     <span class='ocr_line' id='line_1_19' title="bbox 291 1478 1679 1539; baseline 0.001 -20"><span class='ocrx_word' id='word_1_146' title='bbox 291 1491 387 1520; x_wconf 85' lang='lat' dir='ltr'>rum</span> <span class='ocrx_word' id='word_1_147' title='bbox 409 1478 608 1536; x_wconf 82' lang='lat' dir='ltr'>precibus</span> <span class='ocrx_word' id='word_1_148' title='bbox 624 1514 634 1533; x_wconf 77' lang='lat'>,</span> <span class='ocrx_word' id='word_1_149' title='bbox 655 1492 698 1523; x_wconf 92' lang='lat' dir='ltr'>et</span> <span class='ocrx_word' id='word_1_150' title='bbox 720 1480 861 1523; x_wconf 89' lang='lat' dir='ltr'>verbis</span> <span class='ocrx_word' id='word_1_151' title='bbox 878 1480 1007 1539; x_wconf 88' lang='lat' dir='ltr'>ipsius</span> <span class='ocrx_word' id='word_1_152' title='bbox 1027 1481 1302 1539; x_wconf 84' lang='lat' dir='ltr'>Imperatoris</span> <span class='ocrx_word' id='word_1_153' title='bbox 1325 1499 1333 1524; x_wconf 92' lang='lat'>:</span> <span class='ocrx_word' id='word_1_154' title='bbox 1358 1490 1542 1537; x_wconf 85' lang='lat' dir='ltr'>utraque</span> <span class='ocrx_word' id='word_1_155' title='bbox 1562 1478 1679 1522; x_wconf 88' lang='lat' dir='ltr'>enim</span> 
     </span>
     <span class='ocr_line' id='line_1_20' title="bbox 290 1548 1679 1609; baseline 0 -17"><span class='ocrx_word' id='word_1_156' title='bbox 290 1548 414 1592; x_wconf 90' lang='lat' dir='ltr'>vobis</span> <span class='ocrx_word' id='word_1_157' title='bbox 436 1548 546 1593; x_wconf 86' lang='lat' dir='ltr'>lecta</span> <span class='ocrx_word' id='word_1_158' title='bbox 570 1551 821 1593; x_wconf 82' lang='lat' dir='ltr'>meministis</span> <span class='ocrx_word' id='word_1_159' title='bbox 838 1561 880 1594; x_wconf 87' lang='lat' dir='ltr'>et</span> <span class='ocrx_word' id='word_1_160' title='bbox 901 1551 1156 1609; x_wconf 86' lang='lat' dir='ltr'>inspiciendi</span> <span class='ocrx_word' id='word_1_161' title='bbox 1180 1567 1228 1595; x_wconf 87' lang='lat' dir='ltr'>ac</span> <span class='ocrx_word' id='word_1_162' title='bbox 1251 1550 1521 1594; x_wconf 85' lang='lat' dir='ltr'>describendi</span> <span class='ocrx_word' id='word_1_163' title='bbox 1545 1549 1679 1593; x_wconf 89' lang='lat' dir='ltr'>licen-</span> 
     </span>
     <span class='ocr_line' id='line_1_21' title="bbox 290 1618 1678 1679; baseline 0.001 -19"><span class='ocrx_word' id='word_1_164' title='bbox 290 1618 395 1661; x_wconf 82' lang='lat' dir='ltr'>tiam</span> <span class='ocrx_word' id='word_1_165' title='bbox 423 1634 541 1662; x_wconf 84' lang='lat' dir='ltr'>nunc</span> <span class='ocrx_word' id='word_1_166' title='bbox 574 1620 755 1664; x_wconf 88' lang='lat' dir='ltr'>habetis.</span> <span class='ocrx_word' id='word_1_167' title='bbox 792 1621 941 1679; x_wconf 81' lang='lat' dir='ltr'>Legite</span> <span class='ocrx_word' id='word_1_168' title='bbox 961 1631 1002 1664; x_wconf 91' lang='lat' dir='ltr'>et</span> <span class='ocrx_word' id='word_1_169' title='bbox 1033 1621 1303 1665; x_wconf 84' lang='lat' dir='ltr'>considerate</span> <span class='ocrx_word' id='word_1_170' title='bbox 1328 1621 1484 1664; x_wconf 84' lang='lat' dir='ltr'>omnia.</span> <span class='ocrx_word' id='word_1_171' title='bbox 1523 1619 1678 1663; x_wconf 81' lang='lat' dir='ltr'>Videte</span> 
     </span>
    </p>
   </div>
   <div class='ocr_carea' id='block_1_3' title="bbox 288 1690 1735 1748">
    <p class='ocr_par' dir='ltr' id='par_1_4' title="bbox 288 1690 1735 1748">
     <span class='ocr_line' id='line_1_22' title="bbox 288 1690 1735 1748; baseline 0.001 -17"><span class='ocrx_word' id='word_1_172' title='bbox 288 1699 453 1748; x_wconf 83' lang='lat' dir='ltr'>quanta</span> <span class='ocrx_word' id='word_1_173' title='bbox 480 1705 583 1733; x_wconf 84' lang='lat' dir='ltr'>cura</span> <span class='ocrx_word' id='word_1_174' title='bbox 613 1691 728 1748; x_wconf 83' lang='lat' dir='ltr'>pacis</span> <span class='ocrx_word' id='word_1_175' title='bbox 750 1700 881 1748; x_wconf 82' lang='lat' dir='ltr'>atque</span> <span class='ocrx_word' id='word_1_176' title='bbox 909 1692 1084 1734; x_wconf 86' lang='lat' dir='ltr'>unitatis</span> <span class='ocrx_word' id='word_1_177' title='bbox 1116 1690 1422 1735; x_wconf 75' lang='lat' dir='ltr'>conservandae</span> <span class='ocrx_word' id='word_1_178' title='bbox 1454 1690 1522 1734; x_wconf 87' lang='lat' dir='ltr'>vel</span> <span class='ocrx_word' id='word_1_179' title='bbox 1555 1691 1678 1733; x_wconf 85' lang='lat' dir='ltr'>resti·</span> <span class='ocrx_word' id='word_1_180' title='bbox 1732 1729 1735 1741; x_wconf 83' lang='lat'><strong><em>‚</em></strong></span> 
     </span>
    </p>
   </div>
   <div class='ocr_carea' id='block_1_4' title="bbox 287 1760 1675 2169">
    <p class='ocr_par' dir='ltr' id='par_1_5' title="bbox 287 1760 1675 2169">
     <span class='ocr_line' id='line_1_23' title="bbox 289 1760 1674 1822; baseline -0.001 -18"><span class='ocrx_word' id='word_1_181' title='bbox 289 1760 466 1804; x_wconf 83' lang='lat' dir='ltr'>tuendae</span> <span class='ocrx_word' id='word_1_182' title='bbox 480 1770 635 1805; x_wconf 87' lang='lat' dir='ltr'>cuncta</span> <span class='ocrx_word' id='word_1_183' title='bbox 654 1760 841 1805; x_wconf 89' lang='lat' dir='ltr'>discussa</span> <span class='ocrx_word' id='word_1_184' title='bbox 857 1761 964 1818; x_wconf 76' lang='lat' dir='ltr'>sint3</span> <span class='ocrx_word' id='word_1_185' title='bbox 985 1763 1355 1822; x_wconf 84' lang='lat' dir='ltr'>quemadmodum</span> <span class='ocrx_word' id='word_1_186' title='bbox 1376 1770 1674 1806; x_wconf 81' lang='lat' dir='ltr'>accusatorum</span> 
     </span>
     <span class='ocr_line' id='line_1_24' title="bbox 290 1829 1675 1891; baseline 0 -18"><span class='ocrx_word' id='word_1_187' title='bbox 290 1845 471 1888; x_wconf 88' lang='lat' dir='ltr'>persona</span> <span class='ocrx_word' id='word_1_188' title='bbox 505 1840 708 1884; x_wconf 84' lang='lat' dir='ltr'>tractata,</span> <span class='ocrx_word' id='word_1_189' title='bbox 740 1840 783 1874; x_wconf 91' lang='lat' dir='ltr'>et</span> <span class='ocrx_word' id='word_1_190' title='bbox 811 1832 1103 1890; x_wconf 90' lang='lat' dir='ltr'>quorumdam</span> <span class='ocrx_word' id='word_1_191' title='bbox 1131 1848 1280 1875; x_wconf 85' lang='lat' dir='ltr'>eorum</span> <span class='ocrx_word' id='word_1_192' title='bbox 1311 1832 1469 1891; x_wconf 79' lang='lat' dir='ltr'>quibus</span> <span class='ocrx_word' id='word_1_193' title='bbox 1499 1829 1675 1874; x_wconf 86' lang='lat' dir='ltr'>maculis</span> 
     </span>
     <span class='ocr_line' id='line_1_25' title="bbox 289 1900 1669 1961; baseline 0.001 -19"><span class='ocrx_word' id='word_1_194' title='bbox 289 1900 530 1958; x_wconf 83' lang='lat' dir='ltr'>improbata</span> <span class='ocrx_word' id='word_1_195' title='bbox 549 1902 602 1945; x_wconf 90' lang='lat' dir='ltr'>sit</span> <span class='ocrx_word' id='word_1_196' title='bbox 617 1936 627 1956; x_wconf 94' lang='lat'>,</span> <span class='ocrx_word' id='word_1_197' title='bbox 649 1903 1015 1961; x_wconf 79' lang='lat' dir='ltr'>praesentiumque</span> <span class='ocrx_word' id='word_1_198' title='bbox 1033 1903 1211 1946; x_wconf 89' lang='lat' dir='ltr'>vocibus</span> <span class='ocrx_word' id='word_1_199' title='bbox 1229 1902 1396 1961; x_wconf 86' lang='lat' dir='ltr'>liquido</span> <span class='ocrx_word' id='word_1_200' title='bbox 1413 1900 1669 1954; x_wconf 88' lang='lat' dir='ltr'>constiterit,</span> 
     </span>
     <span class='ocr_line' id='line_1_26' title="bbox 290 1970 1669 2030; baseline 0 -18"><span class='ocrx_word' id='word_1_201' title='bbox 290 1970 397 2013; x_wconf 87' lang='lat' dir='ltr'>nihil</span> <span class='ocrx_word' id='word_1_202' title='bbox 415 1986 486 2014; x_wconf 89' lang='lat' dir='ltr'>eos</span> <span class='ocrx_word' id='word_1_203' title='bbox 504 1972 702 2014; x_wconf 84' lang='lat' dir='ltr'>habuisse</span> <span class='ocrx_word' id='word_1_204' title='bbox 720 1973 837 2030; x_wconf 85' lang='lat' dir='ltr'>quod</span> <span class='ocrx_word' id='word_1_205' title='bbox 855 1974 898 2014; x_wconf 90' lang='lat' dir='ltr'>in</span> <span class='ocrx_word' id='word_1_206' title='bbox 916 1972 1195 2016; x_wconf 83' lang='lat' dir='ltr'>Caecilianum</span> <span class='ocrx_word' id='word_1_207' title='bbox 1214 1972 1429 2024; x_wconf 77' lang='lat' dir='ltr'>dicerent,</span> <span class='ocrx_word' id='word_1_208' title='bbox 1445 1971 1517 2014; x_wconf 90' lang='lat' dir='ltr'>sed</span> <span class='ocrx_word' id='word_1_209' title='bbox 1539 1979 1669 2013; x_wconf 90' lang='lat' dir='ltr'>totam</span> 
     </span>
     <span class='ocr_line' id='line_1_27' title="bbox 288 2039 1668 2099; baseline 0 -17"><span class='ocrx_word' id='word_1_210' title='bbox 288 2054 457 2083; x_wconf 80' lang='lat' dir='ltr'>causam</span> <span class='ocrx_word' id='word_1_211' title='bbox 483 2040 528 2082; x_wconf 89' lang='lat' dir='ltr'>in</span> <span class='ocrx_word' id='word_1_212' title='bbox 561 2039 732 2098; x_wconf 86' lang='lat' dir='ltr'>plebem</span> <span class='ocrx_word' id='word_1_213' title='bbox 759 2040 813 2084; x_wconf 89' lang='lat' dir='ltr'>de</span> <span class='ocrx_word' id='word_1_214' title='bbox 841 2050 961 2099; x_wconf 82' lang='lat' dir='ltr'>parte</span> <span class='ocrx_word' id='word_1_215' title='bbox 989 2041 1209 2099; x_wconf 81' lang='lat' dir='ltr'>Majorini,</span> <span class='ocrx_word' id='word_1_216' title='bbox 1239 2042 1319 2084; x_wconf 85' lang='lat' dir='ltr'>hoc</span> <span class='ocrx_word' id='word_1_217' title='bbox 1341 2050 1403 2084; x_wconf 89' lang='lat' dir='ltr'>est</span> <span class='ocrx_word' id='word_1_218' title='bbox 1426 2041 1668 2083; x_wconf 83' lang='lat' dir='ltr'>seditiosam</span> 
     </span>
     <span class='ocr_line' id='line_1_28' title="bbox 287 2109 1670 2169; baseline -0.001 -15"><span class='ocrx_word' id='word_1_219' title='bbox 287 2119 330 2154; x_wconf 89' lang='lat' dir='ltr'>et</span> <span class='ocrx_word' id='word_1_220' title='bbox 365 2111 420 2153; x_wconf 85' lang='lat' dir='ltr'>ab</span> <span class='ocrx_word' id='word_1_221' title='bbox 454 2109 658 2154; x_wconf 77' lang='lat' dir='ltr'>Ecclesiae</span> <span class='ocrx_word' id='word_1_222' title='bbox 688 2125 792 2169; x_wconf 86' lang='lat' dir='ltr'>pace</span> <span class='ocrx_word' id='word_1_223' title='bbox 824 2110 1050 2153; x_wconf 81' lang='lat' dir='ltr'>alienatam</span> <span class='ocrx_word' id='word_1_224' title='bbox 1084 2111 1410 2154; x_wconf 88' lang='lat' dir='ltr'>multitudinem</span> <span class='ocrx_word' id='word_1_225' title='bbox 1440 2110 1670 2153; x_wconf 83' lang='lat' dir='ltr'>transferre</span> 
     </span>
    </p>
   </div>
   <div class='ocr_carea' id='block_1_5' title="bbox 287 2178 1722 2236">
    <p class='ocr_par' dir='ltr' id='par_1_6' title="bbox 287 2178 1722 2236">
     <span class='ocr_line' id='line_1_29' title="bbox 287 2178 1722 2236; baseline -0.001 -11"><span class='ocrx_word' id='word_1_226' title='bbox 287 2180 471 2225; x_wconf 89' lang='lat' dir='ltr'>voluisse</span> <span class='ocrx_word' id='word_1_227' title='bbox 487 2215 498 2235; x_wconf 91' lang='lat'>,</span> <span class='ocrx_word' id='word_1_228' title='bbox 521 2189 569 2225; x_wconf 92' lang='lat' dir='ltr'>ut</span> <span class='ocrx_word' id='word_1_229' title='bbox 586 2182 641 2225; x_wconf 86' lang='lat' dir='ltr'>ab</span> <span class='ocrx_word' id='word_1_230' title='bbox 663 2196 711 2225; x_wconf 88' lang='lat' dir='ltr'>ea</span> <span class='ocrx_word' id='word_1_231' title='bbox 729 2180 930 2225; x_wconf 86' lang='lat' dir='ltr'>videlicet</span> <span class='ocrx_word' id='word_1_232' title='bbox 950 2182 1077 2225; x_wconf 87' lang='lat' dir='ltr'>turba</span> <span class='ocrx_word' id='word_1_233' title='bbox 1099 2180 1354 2226; x_wconf 71' lang='lat' dir='ltr'>Caecilianus</span> <span class='ocrx_word' id='word_1_234' title='bbox 1377 2189 1666 2236; x_wconf 84' lang='lat' dir='ltr'>accusaretur,</span> <span class='ocrx_word' id='word_1_235' title='bbox 1720 2178 1722 2183; x_wconf 71' lang='grc'>’</span> 
     </span>
    </p>
   </div>
   <div class='ocr_carea' id='block_1_6' title="bbox 286 2250 1668 2311">
    <p class='ocr_par' dir='ltr' id='par_1_7' title="bbox 286 2250 1668 2311">
     <span class='ocr_line' id='line_1_30' title="bbox 286 2250 1668 2311; baseline 0 -18"><span class='ocrx_word' id='word_1_236' title='bbox 286 2266 418 2311; x_wconf 86' lang='lat' dir='ltr'>quam</span> <span class='ocrx_word' id='word_1_237' title='bbox 440 2250 538 2294; x_wconf 89' lang='lat' dir='ltr'>solis</span> <span class='ocrx_word' id='word_1_238' title='bbox 558 2250 834 2295; x_wconf 90' lang='lat' dir='ltr'>tumultuosis</span> <span class='ocrx_word' id='word_1_239' title='bbox 853 2250 1136 2305; x_wconf 85' lang='lat' dir='ltr'>elamoribus,</span> <span class='ocrx_word' id='word_1_240' title='bbox 1162 2251 1281 2295; x_wconf 88' lang='lat' dir='ltr'>nulla</span> <span class='ocrx_word' id='word_1_241' title='bbox 1304 2251 1668 2295; x_wconf 87' lang='lat' dir='ltr'>documentorum</span> 
     </span>
    </p>
   </div>
   <div class='ocr_carea' id='block_1_7' title="bbox 289 2319 1723 2376">
    <p class='ocr_par' dir='ltr' id='par_1_8' title="bbox 289 2319 1723 2376">
     <span class='ocr_line' id='line_1_31' title="bbox 289 2319 1723 2376; baseline -0.001 -12"><span class='ocrx_word' id='word_1_242' title='bbox 289 2321 585 2374; x_wconf 84' lang='lat' dir='ltr'>attestatione,</span> <span class='ocrx_word' id='word_1_243' title='bbox 611 2321 734 2365; x_wconf 89' lang='lat' dir='ltr'>nullo</span> <span class='ocrx_word' id='word_1_244' title='bbox 767 2322 955 2366; x_wconf 85' lang='lat' dir='ltr'>veritatis</span> <span class='ocrx_word' id='word_1_245' title='bbox 979 2322 1172 2365; x_wconf 78' lang='lat' dir='ltr'>examine</span> <span class='ocrx_word' id='word_1_246' title='bbox 1190 2356 1201 2376; x_wconf 89' lang='lat'>,</span> <span class='ocrx_word' id='word_1_247' title='bbox 1230 2321 1284 2365; x_wconf 87' lang='lat' dir='ltr'>ad</span> <span class='ocrx_word' id='word_1_248' title='bbox 1312 2337 1432 2366; x_wconf 84' lang='lat' dir='ltr'>suam</span> <span class='ocrx_word' id='word_1_249' title='bbox 1467 2320 1668 2365; x_wconf 86' lang='lat' dir='ltr'>volunta-</span> <span class='ocrx_word' id='word_1_250' title='bbox 1715 2319 1723 2363; x_wconf 66' lang='lat' dir='ltr'><strong><em>J</em></strong></span> 
     </span>
    </p>
   </div>
   <div class='ocr_carea' id='block_1_8' title="bbox 287 2391 1666 2523">
    <p class='ocr_par' dir='ltr' id='par_1_9' title="bbox 287 2391 1666 2523">
     <span class='ocr_line' id='line_1_32' title="bbox 288 2391 1666 2451; baseline -0.001 -17"><span class='ocrx_word' id='word_1_251' title='bbox 288 2401 375 2434; x_wconf 85' lang='lat' dir='ltr'>tem</span> <span class='ocrx_word' id='word_1_252' title='bbox 394 2392 557 2435; x_wconf 86' lang='lat' dir='ltr'>animos</span> <span class='ocrx_word' id='word_1_253' title='bbox 575 2391 772 2450; x_wconf 80' lang='lat' dir='ltr'>judicum</span> <span class='ocrx_word' id='word_1_254' title='bbox 796 2393 1054 2451; x_wconf 79' lang='lat' dir='ltr'>detorquere</span> <span class='ocrx_word' id='word_1_255' title='bbox 1074 2408 1194 2451; x_wconf 88' lang='lat' dir='ltr'>posse</span> <span class='ocrx_word' id='word_1_256' title='bbox 1217 2393 1562 2448; x_wconf 66' lang='lat' dir='ltr'>arbitrabantur,</span> <span class='ocrx_word' id='word_1_257' title='bbox 1588 2391 1666 2434; x_wconf 87' lang='lat' dir='ltr'>nisi</span> 
     </span>
     <span class='ocr_line' id='line_1_33' title="bbox 287 2460 1665 2523; baseline 0.001 -18"><span class='ocrx_word' id='word_1_258' title='bbox 287 2460 400 2506; x_wconf 84' lang='lat' dir='ltr'>forte</span> <span class='ocrx_word' id='word_1_259' title='bbox 430 2461 591 2506; x_wconf 83' lang='lat' dir='ltr'>furiosa</span> <span class='ocrx_word' id='word_1_260' title='bbox 619 2472 661 2506; x_wconf 85' lang='lat' dir='ltr'>et</span> <span class='ocrx_word' id='word_1_261' title='bbox 693 2463 850 2520; x_wconf 88' lang='lat' dir='ltr'>poculo</span> <span class='ocrx_word' id='word_1_262' title='bbox 877 2465 1030 2506; x_wconf 86' lang='lat' dir='ltr'>erroris</span> <span class='ocrx_word' id='word_1_263' title='bbox 1061 2474 1191 2523; x_wconf 77' lang='lat' dir='ltr'>atque</span> <span class='ocrx_word' id='word_1_264' title='bbox 1226 2464 1512 2522; x_wconf 80' lang='lat' dir='ltr'>corruptionis</span> <span class='ocrx_word' id='word_1_265' title='bbox 1549 2463 1665 2506; x_wconf 83' lang='lat' dir='ltr'>ebria</span> 
     </span>
    </p>
   </div>
   <div class='ocr_carea' id='block_1_9' title="bbox 289 2527 1713 2591">
    <p class='ocr_par' dir='ltr' id='par_1_10' title="bbox 289 2527 1713 2591">
     <span class='ocr_line' id='line_1_34' title="bbox 289 2527 1713 2591; baseline 0.001 -16"><span class='ocrx_word' id='word_1_266' title='bbox 289 2531 526 2577; x_wconf 84' lang='lat' dir='ltr'>multitudo</span> <span class='ocrx_word' id='word_1_267' title='bbox 554 2547 651 2577; x_wconf 84' lang='lat' dir='ltr'>vera</span> <span class='ocrx_word' id='word_1_268' title='bbox 673 2534 717 2578; x_wconf 86' lang='lat' dir='ltr'>iu</span> <span class='ocrx_word' id='word_1_269' title='bbox 739 2533 1019 2580; x_wconf 79' lang='lat' dir='ltr'>Caecilianum</span> <span class='ocrx_word' id='word_1_270' title='bbox 1041 2535 1219 2579; x_wconf 87' lang='lat' dir='ltr'>crimina</span> <span class='ocrx_word' id='word_1_271' title='bbox 1243 2534 1429 2589; x_wconf 86' lang='lat' dir='ltr'>diceret,</span> <span class='ocrx_word' id='word_1_272' title='bbox 1462 2534 1538 2578; x_wconf 91' lang='lat' dir='ltr'>ubi</span> <span class='ocrx_word' id='word_1_273' title='bbox 1570 2549 1665 2591; x_wconf 87' lang='lat' dir='ltr'>sep·</span> <span class='ocrx_word' id='word_1_274' title='bbox 1711 2527 1713 2551; x_wconf 64' lang='lat'><em>³</em></span> 
     </span>
    </p>
   </div>
   <div class='ocr_carea' id='block_1_10' title="bbox 1750 0 1787 852">
    <p class='ocr_par' dir='ltr' id='par_1_11' title="bbox 1750 0 1787 852">
     <span class='ocr_line' id='line_1_35' title="bbox 1750 0 1787 852; baseline 0 0"><span class='ocrx_word' id='word_1_275' title='bbox 1750 0 1787 852; x_wconf 95' lang='lat' dir='ltr'> </span> 
     </span>
    </p>
   </div>
   <div class='ocr_carea' id='block_1_11' title="bbox 1781 993 1790 1091">
    <p class='ocr_par' dir='ltr' id='par_1_12' title="bbox 1781 993 1790 1091">
     <span class='ocr_line' id='line_1_36' title="bbox 1783 993 1790 1036; baseline 0 0"><span class='ocrx_word' id='word_1_276' title='bbox 1783 993 1790 1036; x_wconf 81' lang='lat' dir='ltr'>l</span> 
     </span>
     <span class='ocr_line' id='line_1_37' title="bbox 1781 1064 1790 1091; baseline 0 0"><span class='ocrx_word' id='word_1_277' title='bbox 1781 1064 1790 1091; x_wconf 77' lang='lat' dir='ltr'>a</span> 
     </span>
    </p>
   </div>
   <div class='ocr_carea' id='block_1_12' title="bbox 1749 1133 1790 1303">
    <p class='ocr_par' dir='ltr' id='par_1_13' title="bbox 1749 1133 1790 1303">
     <span class='ocr_line' id='line_1_38' title="bbox 1781 1133 1789 1161; baseline 0 0"><span class='ocrx_word' id='word_1_278' title='bbox 1781 1133 1789 1161; x_wconf 81' lang='lat' dir='ltr'>s</span> 
     </span>
     <span class='ocr_line' id='line_1_39' title="bbox 1749 1189 1789 1246; baseline 0 -14"><span class='ocrx_word' id='word_1_279' title='bbox 1749 1189 1753 1246; x_wconf 53' lang='lat' dir='ltr'>J</span> <span class='ocrx_word' id='word_1_280' title='bbox 1779 1205 1789 1232; x_wconf 87' lang='lat' dir='ltr'>s</span> 
     </span>
     <span class='ocr_line' id='line_1_40' title="bbox 1776 1276 1790 1303; baseline -0.071 0"><span class='ocrx_word' id='word_1_281' title='bbox 1776 1276 1790 1303; x_wconf 73' lang='lat' dir='ltr'>a</span> 
     </span>
    </p>
   </div>
   <div class='ocr_carea' id='block_1_13' title="bbox 1772 1335 1790 1447">
    <p class='ocr_par' dir='ltr' id='par_1_14' title="bbox 1772 1335 1790 1447">
     <span class='ocr_line' id='line_1_41' title="bbox 1774 1335 1790 1375; baseline 0 0"><span class='ocrx_word' id='word_1_282' title='bbox 1774 1335 1790 1375; x_wconf 88' lang='lat' dir='ltr'>D</span> 
     </span>
     <span class='ocr_line' id='line_1_42' title="bbox 1772 1419 1790 1447; baseline 0 0"><span class='ocrx_word' id='word_1_283' title='bbox 1772 1419 1790 1447; x_wconf 70' lang='lat' dir='ltr'>s(</span> 
     </span>
    </p>
   </div>
   <div class='ocr_carea' id='block_1_14' title="bbox 1710 1944 1730 2592">
    <p class='ocr_par' dir='ltr' id='par_1_15' title="bbox 1710 1944 1730 2592">
     <span class='ocr_line' id='line_1_43' title="bbox 1710 1944 1730 2592; baseline 0 0"><span class='ocrx_word' id='word_1_284' title='bbox 1710 1944 1730 2592; x_wconf 95' lang='lat' dir='ltr'> </span> 
     </span>
    </p>
   </div>
   <div class='ocr_carea' id='block_1_15' title="bbox 1703 1661 1737 2877">
    <p class='ocr_par' dir='ltr' id='par_1_16' title="bbox 1703 1661 1737 2877">
     <span class='ocr_line' id='line_1_44' title="bbox 1703 1661 1737 2877; baseline 0 0"><span class='ocrx_word' id='word_1_285' title='bbox 1703 1661 1737 2877; x_wconf 95' lang='lat' dir='ltr'> </span> 
     </span>
    </p>
   </div>
  </div>
 </body>
</html>
