1790 3187
702 261 900 290 EPISTOLA
934 263 992 290 ιι.
1469 251 1523 291 47
1530 254 1554 292 5

162 345 284 376 num.
310 331 463 388 Neque
494 329 608 372 enim
629 362 640 383 ,
667 328 779 372 sicut
807 327 1107 385 ignorantibus
1128 327 1290 382 dicitis,
1316 343 1368 372 ex
1396 343 1447 373 eo
1469 344 1554 373 nu-

161 416 282 446 mero
305 398 484 444 fuerunt
507 398 598 453 isti,
624 397 786 457 quibus
803 407 994 442 vestrum
1019 397 1251 442 concilium
1275 397 1388 441 diem
1410 414 1556 458 proro-

159 480 332 532 gaverat
351 480 394 514 et
408 470 652 530 praefixerat
671 504 682 524 ‚
703 469 816 513 intra
835 485 967 529 quem
986 470 1064 513 nisi
1083 469 1135 514 ad
1155 478 1339 514 vestram
1358 485 1557 515 commu-

157 545 336 588 nionem
364 542 696 595 remeavissent,
732 540 884 584 eadem
920 541 1131 585 sententia
1159 550 1412 585 tenerentur
1441 560 1450 585 ε
1480 543 1556 586 sed

158 614 213 659 de
248 613 324 658 illo
355 627 539 657 numero
569 612 638 655 isti
673 610 877 667 fuerunt,
909 627 1019 671 quos
1050 627 1101 656 eo
1124 612 1194 655 die
1225 612 1315 656 sine
1347 610 1556 657 dilatione

158 684 410 739 damnastis,
442 699 531 744 quo
564 681 648 726 illis
671 682 925 726 dilationem
951 682 1144 727 dedistis.
1170 683 1394 738 Probabo⁷
1420 683 1454 727 si
1478 698 1553 727 ne-

158 756 338 816 gaveris.
356 755 601 800 Concilium
621 764 812 799 vestrum
838 754 1035 814 loquitur
1057 774 1064 799 :
1086 755 1410 814 proconsularia
1427 756 1556 800 Gesta

156 827 372 871 habemus
405 826 450 869 in
486 826 711 881 manibus,
751 826 912 887 quibus
947 825 991 869 id
1031 841 1120 870 non
1156 826 1287 870 semel
1322 825 1551 885 allegastis.

155 897 297 942 Aliam
327 913 430 956 ergo
454 896 752 942 defensionem
787 913 888 956 para
908 932 919 951 ‚
952 897 985 940 si
1014 906 1162 956 potes,
1204 912 1259 940 nc
1288 897 1392 940 dum
1426 912 1556 954 negas

155 969 276 1030 quod
309 969 596 1022 convincam,
639 983 782 1011 moras
817 967 1039 1024 faciamus.
1073 968 1318 1011 Felicianus
1347 968 1478 1026 igitur
1514 977 1557 1013 et

156 1043 443 1084 Praetextatus
466 1039 499 1082 si
522 1039 776 1082 innocentes
798 1047 921 1081 erant
938 1072 948 1091 ‚
975 1053 1110 1097 quare
1132 1037 1191 1082 sic
1215 1037 1405 1082 damnati
1427 1042 1554 1084 sunt?

159 1112 200 1156 Si
223 1109 450 1165 scelerati,
476 1125 611 1170 quare
634 1110 692 1153 sic
725 1109 888 1169 recepti
916 1112 1048 1153 sunt?
1084 1109 1126 1152 Si
1157 1109 1406 1169 probaveris
1429 1111 1560 1155 inno-

156 1191 302 1226 eentes
318 1217 328 1234 ‚
349 1197 427 1225 cur
451 1196 538 1224 non
564 1179 793 1224 credamus
817 1196 839 1224 a
859 1180 1000 1223 multo
1022 1179 1302 1240 paucioribus
1325 1182 1560 1240 majoribus

155 1253 307 1297 vestris
332 1251 440 1296 falso
458 1252 639 1295 crimine
664 1251 911 1295 traditionis
941 1252 1195 1295 innocentes
1218 1253 1410 1311 potuisse
1432 1253 1559 1296 dam-

157 1325 266 1378 nari,
286 1325 318 1367 si
337 1339 358 1366 a
381 1324 584 1367 trecentis
599 1322 751 1367 decem
767 1324 1086 1367 successoribus
1108 1339 1275 1376 eorum,
1298 1324 1374 1367 ubi
1395 1324 1526 1367 etiam
1545 1361 1555 1379 ,

155 1410 235 1454 pro
253 1410 412 1453 magno
431 1395 641 1452 scriptum
666 1403 749 1447 est,
782 1413 800 1435 «
819 1394 1000 1453 plenarii
1019 1394 1190 1439 concilii
1206 1410 1280 1439 ore
1297 1395 1511 1450 veridico,
1538 1416 1554 1437 »

158 1466 202 1509 in
223 1465 331 1510 falso
355 1465 535 1509 crimine
553 1465 794 1509 schismatis
809 1465 1062 1510 innocentes
1081 1467 1278 1510 damnari
1301 1468 1560 1525 potuerunt?

163 1538 205 1582 Si
239 1546 383 1581 autem
420 1538 669 1596 probaveris
698 1546 814 1581 recte
854 1536 984 1581 fuisse
1011 1538 1259 1593 damnatos,
1293 1554 1396 1598 quae
1429 1547 1562 1582 restat

161 1608 380 1663 defensio,
412 1609 556 1652 curin
591 1607 746 1652 eodem
777 1609 1028 1667 episcopatu
1058 1610 1220 1669 recepti
1254 1609 1361 1664 sint,
1396 1609 1476 1653 nisi
1510 1618 1560 1653 ut

159 1694 422 1738 exaggerans
464 1678 700 1723 utilitatem
734 1678 1121 1739 salubritatemque
1164 1681 1279 1738 pacis
1297 1715 1307 1734 ‚
1356 1681 1560 1724 ostendas

160 1750 290 1793 etiam
321 1750 401 1793 ista
425 1765 506 1807 pro
537 1749 715 1793 unitatis
748 1749 926 1793 vinculo
962 1750 1211 1793 toleranda?
1233 1749 1362 1803 Quod
1391 1750 1560 1794 utinam

162 1835 251 1864 non
274 1820 358 1863 oris
376 1854 386 1873 ‚
407 1820 483 1863 sed
505 1819 647 1863 cordis
669 1820 832 1864 viribus
856 1835 1003 1879 ageres
1019 1855 1029 1874 ‚
1052 1820 1249 1880 profecto
1269 1821 1531 1880 perspiceres
1548 1856 1559 1875 ,

161 1905 294 1950 quam
319 1889 450 1933 nullis
472 1890 702 1934 calumniis
722 1905 797 1949 per
814 1891 965 1934 orbem
990 1900 1203 1934 terrarum
1227 1901 1336 1935 esset
1358 1890 1561 1934 violanda

162 1976 245 2020 pax
267 1961 449 2016 Christi,
478 1960 632 2005 silicet
652 1961 698 2005 in
723 1960 867 2006 Africa
890 1962 1019 2006 etiam
1037 1962 1082 2006 in
1102 1962 1309 2022 sacrilego
1333 1963 1562 2006 schismate

163 2033 414 2088 damnatos,
439 2032 486 2076 in
511 2031 664 2077 eodem
689 2033 783 2092 ipso
805 2033 1056 2092 episcopatu
1089 2033 1222 2093 recipi
1247 2048 1324 2092 pro
1345 2048 1452 2092 pace
1475 2035 1563 2077 Do-

164 2104 270 2146 nati.

224 2175 307 2216 111.
342 2175 452 2217 Item
474 2172 620 2217 soletis
642 2173 768 2217 nobis
790 2173 978 2233 objicere
993 2174 1113 2233 quod
1133 2190 1209 2219 vos
1233 2189 1309 2233 per
1331 2183 1564 2233 potestates

164 2253 356 2289 terrenas
380 2259 713 2304 persequamur.
750 2249 842 2298 Qua
868 2245 912 2288 in
935 2260 980 2289 re
1010 2260 1098 2289 non
1128 2244 1330 2304 disputo,
1363 2245 1431 2290 vel
1456 2244 1564 2305 quid

164 2330 240 2359 vos
261 2331 340 2374 pro
356 2316 626 2360 immanitate
644 2316 755 2360 tanti
781 2315 991 2373 sacrilegii
1021 2317 1294 2370 mereamini,
1329 2317 1396 2360 vel
1420 2332 1563 2376 quan-

165 2396 261 2431 tum
278 2403 354 2431 nos
378 2388 623 2432 Christiana
647 2397 860 2447 temperet
881 2389 1170 2432 mansuetudo
1201 2407 1210 2432 ;
1243 2388 1352 2431 illud
1377 2389 1475 2432 dico
1491 2423 1501 2442 ,
1530 2389 1563 2432 si

165 2459 249 2503 hoc
270 2459 434 2503 crimen
452 2469 514 2502 est
529 2494 540 2513 7
573 2474 651 2503 cur
672 2459 849 2503 eosdem
871 2459 1209 2503 Maximianistas
1227 2459 1485 2519 perjudices
1509 2458 1564 2502 ab

167 2529 225 2572 eis
254 2530 595 2587 Imperatoribus
628 2529 802 2585 missos,
839 2545 948 2589 quos
983 2544 1059 2589 per
1086 2529 1373 2588 Evangelium
1411 2529 1563 2589 genuit

167 2608 313 2643 nostra
334 2600 607 2656 communio,
631 2601 817 2657 graviter
838 2600 1035 2644 insectati
1054 2635 1064 2655 ‚
1088 2599 1143 2644 de
1161 2599 1345 2645 basilicis
1368 2616 1475 2660 quas
1499 2610 1565 2645 te-
