1790 3187
355 181 440 222 266
800 192 832 219 s.
871 193 1100 220 Auens-nm
1134 193 1314 221 nvn-»com

355 258 435 303 bis.
462 260 569 303 Nam
592 271 690 302 cum
708 256 911 301 recordor
925 266 1089 316 patrem
1107 273 1252 302 meum
1272 293 1282 312 ‚
1301 258 1347 302 id
1363 259 1516 318 utique
1532 259 1737 305 recordor
1781 252 1790 297 ἓ

355 329 474 390 quod
500 344 569 373 me
590 327 780 372 deseruit
799 362 810 382 ‚
835 336 877 371 et
901 343 1018 372 nunc
1039 344 1127 373 non
1144 338 1208 372 est
1232 347 1240 373 :
1263 343 1363 372 cum
1383 338 1527 373 autem
1550 331 1735 376 Cartha·
1783 339 1790 383 P

356 401 498 460 ginem
520 435 530 454 ‚
550 399 593 442 id
617 398 736 458 quod
753 407 816 442 est
833 433 843 453 ‚
866 407 909 442 et
927 399 1046 459 quod
1063 400 1152 459 ipse
1174 400 1360 444 deserui.
1387 403 1438 444 In
1461 409 1647 461 utroque
1668 410 1736 447 ta-

355 486 458 514 men
482 484 689 528 generum
714 469 868 512 horum
888 470 1154 529 praeteritum
1183 479 1354 530 tempus
1370 471 1576 516 memoria
1601 480 1735 516 tenet.
1786 481 1790 509 Ξ

356 543 464 587 Nam
487 550 529 584 et
547 538 669 584 illum
685 539 906 584 hominem
923 575 933 595 ‚
954 549 997 585 et
1011 541 1136 585 istam
1153 542 1303 586 urbem
1323 577 1334 597 ,
1350 558 1404 586 ex
1418 557 1469 587 eo
1485 542 1606 603 quod
1625 541 1737 598 vidi,

357 627 446 656 non
465 628 515 655 ex
537 626 588 655 eo
611 611 728 671 quod
749 610 898 666 video,
924 612 1118 655 memini.

417 684 475 725 11.
510 682 590 725 Hic
618 690 666 724 tu
695 680 876 725 fortasse
909 682 1066 741 quaeris
1093 700 1102 726 :
1127 683 1345 734 Quorsum
1371 681 1478 726 ista?
1503 682 1743 741 praesertim
1788 697 1790 721 1

356 768 455 797 cum
478 751 794 796 animadvertas
817 752 1076 797 utrumlibet
1093 753 1249 797 horum
1272 768 1360 797 non
1378 768 1500 812 posse
1515 753 1558 796 in
1576 768 1743 798 memo·
1789 774 1790 781 ¹

356 824 462 867 riam
485 825 632 868 venire
648 858 658 878 ‚
684 824 764 867 nisi
781 825 871 868 viso
890 823 966 868 illo
985 825 1253 883 imaginario.
1281 827 1338 868 At
1355 824 1461 868 mihi
1481 825 1580 868 satis
1601 833 1664 868 est
1685 824 1745 870 sic

356 895 527 938 interim
555 894 792 938 ostendisse
809 931 819 950 ,
847 910 970 955 posse
996 896 1081 939 dici
1109 911 1255 939 earum
1284 896 1414 940 etiam
1441 911 1586 940 rerum
1606 930 1617 950 ,
1644 910 1745 955 quae

357 965 551 1010 nondum
572 966 850 1021 interierunt,
870 967 1138 1010 memoriam.
1162 969 1324 1010 Verum
1342 965 1450 1026 quid
1466 981 1534 1010 me
1548 965 1743 1026 adjuvet,

356 1037 489 1082 facito
518 1037 711 1080 intentus
735 1038 932 1096 accipias.
958 1037 1168 1082 Nonnulli
1195 1038 1519 1082 calumniantur
1542 1038 1747 1081 adversus

359 1108 624 1152 Socraticum
670 1107 781 1151 illud
830 1108 1145 1169 nobilissimum
1192 1110 1421 1152 inventum
1443 1143 1454 1163 ‚
1499 1123 1589 1168 quo
1631 1122 1746 1153 asse-

356 1179 493 1233 ritur,
520 1194 610 1223 non
643 1180 767 1223 nobis
797 1194 845 1222 ea
882 1195 981 1238 quae
1015 1180 1219 1224 discimus
1239 1215 1249 1234 ‚
1284 1180 1420 1224 veluti
1448 1195 1562 1224 nova
1592 1180 1743 1235 inseri,

357 1248 432 1293 sed
454 1250 497 1293 in
521 1250 770 1294 memoriam
793 1249 1092 1295 recordatione
1113 1251 1330 1308 revocari3
1356 1251 1548 1295 dicentes
1576 1266 1747 1295 memo-

358 1320 466 1363 riam
501 1322 819 1379 praeteritarum
843 1336 989 1365 rerum
1025 1336 1137 1376 esse,
1161 1321 1254 1366 haec
1278 1329 1424 1365 autem
1452 1336 1551 1381 quae
1583 1320 1754 1364 intelli-

358 1392 501 1451 gendo
541 1392 746 1437 discimus
766 1428 776 1448 ‚
813 1392 994 1436 Platone
1033 1393 1124 1451 ipso
1171 1401 1346 1437 auctore
1361 1427 1372 1446 ‚
1419 1407 1593 1436 manere
1633 1406 1746 1436 sem·-

355 1477 458 1521 per,
493 1478 573 1507 nec
602 1479 724 1522 posse
745 1463 951 1516 interire,
983 1478 1032 1507 ac
1054 1478 1130 1522 per
1147 1464 1230 1507 hoc
1260 1478 1348 1507 non
1372 1477 1462 1506 esse
1489 1461 1744 1520 praeterita:

356 1532 432 1592 qui
459 1548 546 1576 non
575 1533 808 1577 attendunt
832 1532 950 1577 illam
977 1533 1185 1577 visionem
1214 1548 1304 1577 esse
1333 1533 1635 1591 praeteritam:
1661 1548 1748 1592 qua
1781 1517 1790 1596 1

357 1603 451 1646 haec
467 1601 701 1661 aliquando
720 1602 906 1647 vidimus
929 1612 1097 1660 mente·
1118 1619 1141 1647 a
1163 1602 1323 1663 quibus
1338 1603 1440 1663 quia
1457 1601 1744 1658 defluximus,
1776 1609 1790 1649 ι’

357 1683 400 1718 et
421 1674 544 1717 aliter
572 1673 652 1717 alia
676 1673 822 1718 videre
847 1674 1061 1733 coepimus
1077 1709 1088 1730 ,
1112 1689 1160 1718 ea
1185 1689 1262 1718 nos
1291 1673 1607 1718 reminiscendo
1632 1673 1746 1717 revi-
1780 1675 1790 1715 »l

357 1758 449 1788 sere
465 1779 475 1798 ‚
495 1743 539 1787 id
560 1753 643 1798 est,
665 1759 742 1802 per
763 1745 1032 1788 memoriam.
1055 1745 1346 1797 Quamobrem
1363 1745 1394 1788 si
1413 1779 1423 1799 ,
1448 1753 1498 1788 ut
1515 1743 1597 1788 alia
1620 1744 1747 1788 omit-
1783 1757 1790 1787 ι

357 1823 445 1858 tam
463 1848 473 1867 ‚
498 1814 587 1872 ipsa
606 1816 823 1857 aeternitas
844 1829 1013 1873 semper
1032 1823 1178 1858 manet
1197 1850 1208 1869 ,
1226 1829 1304 1858 nec
1327 1814 1471 1874 aliqua
1493 1813 1746 1871 imaginaria

358 1884 564 1942 figmenta
595 1885 839 1944 conquirit,
871 1885 1031 1944 quibus
1073 1885 1119 1929 in
1157 1894 1348 1928 mentem
1377 1885 1501 1944 quasi
1538 1839 1762 1939 vehiculis}

359 1956 503 1999 veniat
522 1990 533 2009 ,
551 1971 631 1999 nec
649 1965 792 1999 tamen
810 1957 957 2000 venire
975 1965 1143 2015 posset,
1163 1956 1243 1999 nisi
1264 1956 1355 2015 ejus
1376 1954 1744 2010 meminissemus,

360 2035 504 2086 potest
525 2041 615 2070 esse
633 2027 924 2086 quarumdam
947 2042 1094 2071 rerum
1116 2027 1207 2071 sine
1227 2025 1316 2072 ulla
1336 2025 1643 2085 imaginatione
1662 2040 1747 2070 me-

360 2098 511 2141 moria.

419 2170 501 2212 ΙΙΙ.
536 2169 633 2212 Jam
661 2183 764 2212 vero
785 2167 904 2228 quod
926 2168 1007 2212 tibi
1035 2168 1209 2213 videtur
1230 2168 1373 2212 anima
1406 2168 1535 2212 etiam
1559 2182 1649 2212 non
1670 2181 1747 2212 usa

359 2239 559 2283 sensibus
581 2240 773 2298 corporis
794 2237 1033 2299 corporalia
1053 2255 1176 2298 posse
1197 2238 1452 2297 imaginari,
1477 2237 1635 2282 salsum
1656 2252 1747 2282 esse

360 2310 635 2354 convincitur
660 2311 742 2355 isto
761 2310 890 2355 modo
911 2330 919 2356 :
948 2311 989 2356 Si
1012 2311 1153 2354 anima
1176 2310 1429 2370 priusquam
1452 2323 1633 2368 corpore
1655 2318 1746 2354 uta-

360 2388 433 2424 tur
456 2380 510 2423 ad
539 2397 719 2439 corpora
748 2381 996 2435 sentienda,
1027 2382 1177 2425 eadem
1209 2397 1389 2441 corpora
1416 2379 1640 2437 imaginari
1667 2393 1746 2439 po·

362 2460 471 2506 test,
504 2462 546 2495 et
576 2453 727 2496 melius
750 2452 900 2513 (quod
929 2467 1056 2496 nemo
1087 2467 1215 2496 sanus
1241 2451 1451 2511 ambigit)
1473 2451 1627 2495 affecta
1656 2457 1746 2493 erat

362 2532 600 2584 antequam
612 2525 678 2569 his
696 2523 924 2570 fallacibus
941 2524 1136 2571 sensibus
1150 2523 1466 2584 implicaretur,
1490 2521 1643 2567 melius
1657 2519 1745 2567 affi-
