1790 3187
367 200 451 238 276
804 213 836 237 s.
873 210 1104 239 aucus’mm
1136 211 1317 239 Emscom

362 291 440 319 cur
457 274 678 318 interdum
700 283 855 318 etcum
871 274 1108 335 loquimur,
1128 285 1313 320 mortem
1331 290 1420 318 non
1445 273 1744 330 formidamus,

361 359 460 388 curn
480 354 626 388 autem
649 359 738 387 non
760 359 848 387 non
870 343 1091 404 loquimur
1112 346 1241 389 etiam
1264 345 1489 403 cupimus?
1506 344 1602 388 Tibi
1629 344 1745 400 dico,

367 430 458 458 non
481 415 595 458 enim
626 414 710 457 hoc
730 414 913 458 cuilibet
943 414 1129 459 dicerem
1150 450 1160 468 ,
1186 415 1261 458 tibi
1286 415 1463 475 inquam
1486 413 1600 468 dico,
1627 415 1752 474 cujus

365 483 519 528 itinera
538 485 582 526 in
604 499 789 543 superna
811 484 922 528 bene
941 485 1060 535 novi,
1077 494 1204 529 tu·ne
1220 500 1320 529 cum
1341 493 1539 543 expertus
1563 499 1676 542 saepe
1697 484 1752 528 sis

367 570 499 614 quam
526 553 655 598 dulce
676 555 809 609 vivat,
830 570 931 599 cum
956 557 1092 600 amori
1123 570 1332 614 corporeo
1352 555 1521 599 animus
1548 554 1748 609 moritur,

367 627 543 684 negabis
577 626 754 670 tandem
786 635 920 670 totam
951 628 1136 671 hominis
1166 628 1300 671 vitam
1333 618 1456 686 p'osse
1489 626 1703 684 intrepida

366 694 485 749 fieri,
520 704 568 738 ut
599 696 677 739 rite
700 698 867 756 sapiens
895 698 1178 742 nominetur?
1200 706 1273 741 aut
1308 697 1420 740 hanc
1452 696 1750 750 affectionem,

369 780 454 824 qua
476 766 584 810 ratio
603 767 771 822 nititur,
799 769 876 812 tibi
903 768 1105 813 accidisse
1127 782 1338 827 unquam,
1365 767 1444 810 nisi
1469 782 1567 810 cum
1587 767 1629 809 in
1652 765 1750 809 inti-

369 837 448 879 mis
471 836 556 880 tuis
579 838 762 896 angeriS,
791 855 976 883 asserere
991 839 1201 883 audebis?
1221 842 1328 892 Quae
1345 854 1443 883 cum
1466 838 1525 882 ita
1546 838 1648 890 sint,
1674 851 1751 881 res-

369 914 461 950 tare
491 923 629 951 unum
665 909 803 963 vides,
833 920 883 953 ut
912 920 959 953 tu
991 926 1169 970 quoque
1206 913 1249 953 in
1281 924 1515 955 commune
1537 907 1750 962 consulas,

371 992 461 1037 quo
481 979 678 1023 vivamus
700 980 842 1024 simul.
865 981 980 1034 Quid
1002 982 1118 1025 enim
1151 996 1249 1025 cum
1280 990 1415 1025 matre
1438 980 1656 1039 agendum
1688 979 1750 1034 site

371 1062 504 1106 quam
537 1059 653 1092 certe
677 1049 809 1094 frater
835 1052 986 1095 Victor
1015 1067 1103 1095 non
1134 1052 1320 1106 deserit,
1352 1060 1399 1094 tu
1433 1049 1573 1094 multo
1604 1047 1767 1197 meliuib=

371 1116 499 1160 calles
522 1133 654 1177 quam
687 1135 783 1177 ego.
812 1120 906 1165 Alia
928 1121 1115 1166 scribere
1131 1156 1142 1177 ,
1169 1137 1223 1165 ne
1253 1130 1296 1166 te
1318 1121 1373 1165 ab
1395 1120 1473 1165 ista
1497 1118 1749 1178 cogitatione

372 1197 628 1244 averterem,
652 1188 788 1233 nolui.

375 1333 1748 1353 ΜΜΜΜΝΑΜΜΝΛΜΛΛΜΝΚΜΛΛΜἏΜΛΝΜΜΜΜΜΝἏΜΜΜΜΜΜΜΜ
1789 1345 1790 1353 1

1750 1407 1753 1446 l

1749 1450 1752 1475 ι

836 1447 1158 1495 EPISTOLA
1199 1449 1265 1493 xl
1281 1440 1319 1493 ¹.

794 1581 1020 1616 NEBRIDIO
1045 1582 1348 1616 AUGUSTINUS.

387 1698 488 1745 Cur
508 1698 714 1745 hominis
736 1701 971 1758 susceptio
994 1699 1126 1745 Filio
1148 1699 1240 1745 soli
1259 1697 1494 1754 tribuitur,
1519 1713 1628 1743 cum
1650 1695 1743 1744 divi
1771 1710 1772 1713 ’

674 1785 749 1816 nce
766 1786 986 1830 personae
1008 1771 1102 1816 sint
1125 1768 1490 1830 inseparabiles.

447 1909 482 1950 1.
514 1908 618 1950 CUM
654 1921 723 1949 me
746 1907 1026 1950 vehementer
1054 1906 1234 1963 agitaret
1255 1904 1455 1965 quaestio,
1481 1921 1504 1949 a
1537 1913 1580 1948 te
1602 1903 1744 1948 dudur

387 1990 487 2020 cum
513 1974 698 2034 quadam
719 1975 844 2018 etiam
861 1974 1061 2019 familiari
1081 1975 1381 2035 objurgatione
1404 1974 1637 2033 proposita,
1666 1989 1743 2034 qu(

388 2061 488 2090 nam
515 2056 642 2104 pacto
660 2062 745 2089 una
759 2047 903 2090 vivere
928 2062 1165 2105 possemus,
1184 2055 1225 2089 et
1248 2047 1302 2089 de
1316 2046 1398 2090 hoc
1421 2045 1512 2089 solo
1530 2045 1743 2089 statuisset

388 2116 621 2160 rescribere
646 2116 718 2160 tibi
734 2151 745 2171 ,
770 2125 813 2159 et
833 2117 1036 2175 rescripta
1059 2117 1275 2175 flagitare,
1301 2132 1445 2176 neque
1477 2116 1530 2160 ad
1553 2115 1671 2159 aliud
1695 2115 1742 2158 ali

390 2186 497 2247 quid
523 2185 643 2246 quod
668 2186 722 2230 ad
750 2196 896 2230 nostra
918 2186 1059 2230 studia
1082 2187 1285 2245 pertinet,
1311 2186 1472 2244 stylum
1495 2195 1702 2238 avertere,
1724 2201 1742 2229 ι·
1783 2202 1786 2230 2

389 2257 502 2300 inter
520 2272 597 2300 nos
619 2255 735 2300 istud
753 2256 891 2314 ipsum
912 2257 1232 2311 terminaretur,
1252 2257 1338 2301 cito
1356 2272 1426 2300 me
1447 2272 1645 2301 securum
1669 2255 1738 2300 fec
1784 2257 1785 2286 ἶ

390 2327 574 2370 recentis
589 2325 780 2385 epistolae
800 2337 887 2370 tuae
905 2327 1152 2371 brevissima
1176 2337 1216 2371 et
1241 2329 1457 2372 verissima
1481 2328 1588 2370 ratio
1613 2346 1622 2371 ε
1648 2341 1740 2385 prol

390 2404 506 2441 terea
523 2397 686 2441 scilicet
707 2397 807 2442 hinc
825 2413 913 2441 non
935 2412 1024 2441 esse
1042 2397 1345 2457 cogitandum,
1372 2398 1474 2457 quia
1492 2397 1560 2441 vel
1582 2411 1740 2441 noscui
1785 2411 1787 2439 ε

440 2498 448 2514 “
472 2492 557 2525 Alias
569 2502 715 2525 cctxvin.
735 2504 804 2535 quae
823 2497 932 2526 autem
949 2503 979 2525 xi
997 2497 1081 2534 erat,
1099 2504 1182 2526 nunc
1201 2504 1292 2526 Lxxv.
1310 2509 1347 2517 ·-
1363 2494 1485 2535 Scripta
1503 2493 1596 2535 paulo
1614 2496 1685 2535 post
1702 2493 1744 2535 po'

393 2548 544 2581 terion-em
566 2546 663 2585 Epist,
