1790 3187
684 273 881 300 ems-rom
916 274 972 299 ιι.
1425 259 1507 299 473

123 340 334 384 innocens
365 336 529 381 effusus
557 346 620 381 est
644 337 815 394 sanguis
834 339 844 361 ¹
866 372 876 390 ,
908 345 950 379 et
972 336 1005 379 si
1034 335 1130 395 quis
1152 334 1299 394 plures
1321 335 1480 380 occidit
1499 371 1510 391 ‚

124 409 301 454 functus
322 417 385 452 est
407 407 610 452 laudibus
625 442 635 462 ‚
664 408 766 451 etin
793 416 976 451 vestram
1000 407 1163 451 curiam
1187 406 1327 449 tenuit
1349 407 1514 465 princi-

123 491 289 541 patum.
320 483 410 537 Age
436 494 554 522 nune
571 513 581 533 ‚
608 478 894 537 principalem
922 479 1145 522 veniamus
1173 476 1227 521 ad
1251 492 1438 521 causam.
1473 478 1515 522 Si

124 551 356 596 Herculem
388 559 578 594 vestrum
613 549 804 593 dixeritis
826 584 836 604 ‚
874 564 1002 608 porro
1043 548 1275 593 reddemus
1309 567 1318 593 :
1357 547 1517 593 adsunt

122 621 321 677 metalla,
345 637 442 666 saxa
472 636 552 665 nec
574 620 759 675 desunt,
787 620 1002 664 accedunt
1036 634 1300 664 marmorum
1327 633 1483 677 genera
1501 653 1513 674 ,

122 694 315 752 suppetit
340 694 555 738 artificum
582 693 722 752 copia.
749 694 966 738 Caeterum
990 695 1104 737 Deus
1125 700 1265 738 vester
1286 707 1387 736 curn
1410 690 1514 735 dili-

125 765 269 823 gentia
286 764 500 823 sculpitur
515 799 525 819 ,
547 773 747 809 tornatur
768 772 810 808 et
833 773 1028 809 ornatur.
1053 763 1267 808 Addimus
1296 772 1338 807 et
1367 762 1513 806 rubri-

125 849 217 879 cam
249 851 348 896 quae
378 836 519 895 pingit
548 835 776 891 ruborem,
806 852 894 896 quo
918 835 1080 895 possint
1106 844 1206 880 vota
1229 844 1369 879 vestra
1398 849 1517 879 sacra

125 921 292 951 sonare.
321 909 429 951 Nam
455 907 487 951 si
511 916 701 951 vestrum
732 906 962 951 Herculem
986 906 1176 950 dixeritis
1194 941 1205 961 ‚
1231 904 1398 950 collatis
1426 905 1519 948 sin-

126 977 238 1036 gulis
255 979 444 1022 nummis
462 979 517 1021 ab
535 979 698 1023 artifice
716 987 859 1022 vestro
882 978 1005 1022 vobis
1030 978 1214 1021 emimus
1235 977 1383 1021 deum.
1405 975 1518 1020 Red-

125 1047 215 1092 dite
236 1048 369 1106 igitur
393 1048 580 1103 animas,
606 1063 714 1107 quas
733 1063 886 1092 manus
910 1058 1050 1092 vestra
1068 1048 1276 1092 contorsit
1295 1068 1306 1105 3
1327 1056 1370 1091 et
1391 1046 1518 1091 sicuti

127 1133 149 1161 a
173 1118 299 1162 nobis
315 1127 453 1162 vester
472 1118 680 1162 Hercules
702 1117 958 1163 redhibetur
972 1153 982 1173 ‚
1003 1119 1062 1163 sic
1084 1118 1214 1163 etiam
1231 1134 1254 1163 a
1273 1117 1396 1163 vobis
1419 1126 1519 1162 tan-

128 1198 273 1235 torum
291 1191 448 1234 animae
470 1189 724 1234 reddantur.

131 1347 986 1366 mmmmmwwumwwummmwwm
990 1346 1515 1364 MNWWUIWWWWWWWWM

584 1457 907 1506 EPISTOLA
947 1458 1010 1505 Ll
1024 1460 1058 1503 ².

130 1594 430 1653 Augustinus
452 1591 726 1651 Crispinum
748 1590 1088 1636 Calamensem
1104 1589 1404 1635 Donatz'ance
1412 1604 1528 1649 par-

190 1664 249 1706 tis
271 1663 544 1722 episcopam
566 1672 702 1724 urget
719 1662 980 1722 propositis
1012 1660 1215 1706 breviter
1235 1659 1421 1719 aliquot
1443 1675 1526 1703 ar-

189 1734 455 1794 gumentis,
488 1732 559 1777 ad
579 1749 638 1777 ea
661 1734 703 1777 δι’
719 1742 877 1792 potest
901 1730 1191 1792 respondeat
1214 1747 1305 1791 per
1323 1729 1523 1775 litteras.

194 1871 228 1912 I.
255 1871 368 1921 Qum
392 1868 685 1913 humilitatem
706 1877 898 1913 nostram
916 1868 1044 1912 vestri
1061 1866 1412 1926 reprehendunt3
1432 1864 1531 1910 ideo

134 1940 193 1984 sic
211 1939 438 1998 epistolam
458 1940 749 1999 praenotavi23
776 1939 895 1999 quod
920 1939 965 1982 in
989 1948 1107 1982 tuam
1131 1937 1443 1982 contumeliam
1466 1935 1532 1980 fe-

136 2010 242 2054 cisse
263 2009 413 2054 videar
429 2045 439 2064 ‚
461 2010 494 2053 si
512 2010 678 2054 nonita
701 2009 806 2053 mihi
825 2010 900 2053 abs
927 2019 965 2053 te
983 2019 1032 2053 ut
1049 2009 1312 2053 rescribatur
1333 2016 1529 2066 expecto.

137 2084 199 2124 De
228 2081 558 2139 Carthaginensi
588 2080 873 2140 promissione
908 2089 982 2124 tua
1014 2080 1085 2125 vel
1118 2089 1264 2125 nostra
1300 2078 1530 2133 instantia,

139 2150 245 2210 quid
270 2151 406 2194 multa
425 2153 792 2196 commemorem?
815 2151 1158 2204 Quomodolibet
1181 2166 1228 2194 ea
1250 2150 1504 2208 gesserimus
1520 2183 1531 2203 ‚

141 2222 417 2277 transierint,
451 2237 506 2265 ne
538 2222 659 2282 quod
683 2231 814 2267 restat
841 2221 1096 2280 impediant.
1127 2224 1254 2266 Nunc
1284 2219 1502 2264 excusatio
1520 2254 1532 2273 ‚

190 2345 199 2360 ¹
217 2340 336 2371 Horum
354 2340 531 2378 Martyrum
547 2338 730 2371 celebratur
747 2338 901 2371 memoria
918 2338 948 2369 in
971 2337 1182 2379 Martyrolog.
1199 2339 1293 2368 Rom.
1313 2337 1353 2368 ad
1371 2337 1455 2368 diem
1472 2345 1535 2367 xxix

143 2394 286 2435 Augusti,
298 2394 346 2426 his
367 2394 472 2426 verbis
489 2406 496 2426 :
515 2407 531 2421 t<
545 2394 680 2425 Coloniae
695 2394 889 2427 Suffectanae
904 2394 933 2425 in
948 2394 1069 2434 Africa,
1088 2393 1255 2425 beatorum
1270 2394 1465 2434 Martyrum,
1484 2392 1536 2434 qui

147 2460 163 2477 »
184 2448 293 2481 furore
321 2437 488 2492 gentilium
504 2450 575 2482 caesi
594 2438 678 2488 sunt,
706 2462 723 2477 ι)
743 2460 825 2481 anno
843 2449 918 2491 399.
936 2466 977 2471 —
995 2455 1006 2470 ²
1037 2449 1120 2481 Alias
1137 2459 1250 2480 cmxii.
1283 2459 1352 2489 quae
1374 2452 1482 2479 autem
1507 2446 1539 2479 m*

146 2509 228 2546 erat,
248 2516 330 2538 nunc
345 2517 461 2538 cccciv.
487 2524 521 2528 —
540 2506 668 2547 Scripta
687 2517 770 2538 anno
788 2507 852 2548 399
871 2510 923 2537 aut
945 2505 1020 2546 400.
1037 2503 1102 2527 —3
1122 2509 1167 2538 De
1187 2505 1328 2547 Crispino
1342 2504 1485 2547 quaedam
1505 2503 1536 2534 in

147 2561 246 2602 Epist.
261 2573 312 2600 cv,
333 2566 364 2594 et
381 2562 411 2592 in
431 2561 486 2593 lib.
507 2573 537 2592 ιιι
553 2566 666 2593 contra
684 2564 835 2594 Crescon.
856 2572 928 2603 cap.
949 2561 990 2602 46
1007 2566 1039 2593 et
1059 2572 1165 2603 seqq,
1184 2570 1309 2593 necnon
1323 2560 1404 2603 apud
1422 2558 1556 2603 Possid„

82 2661 86 2665 ῃ
148 2626 219 2657 cap.
245 2625 293 2649 12.
