1790 3187
341 195 421 232 110
773 207 805 229 s.
842 200 1073 230 Aneus'rtm
1104 202 1285 230 EPlscom

333 269 580 314 Corinthios
601 282 700 312 eum
720 265 774 310 de
793 267 1000 311 charitate
1017 268 1202 321 diceret,
1223 266 1277 310 de
1295 267 1501 311 membris
1522 269 1711 327 eorporis
1770 305 1771 309 ,

1739 318 1765 423 l

333 338 657 383 similitudinem
689 338 852 382 ducens
881 357 891 382 z
930 357 950 381 «
978 340 1095 384 Sicut
1120 340 1235 382 enim
1268 354 1425 397 corpus
1454 355 1590 383 unum
1621 348 1709 395 est,

336 427 356 450 »
376 410 544 469 inquit,
569 418 612 453 et
635 409 827 452 membra
850 408 979 452 habet
1001 410 1160 463 multa,
1185 409 1329 452 omnia
1351 420 1495 453 autem
1520 409 1713 455 membra

337 498 357 521 »
382 480 572 539 eorporis
594 495 692 524 eum
711 480 795 522 sint
816 479 950 523 multa
967 515 977 533 ‚
998 496 1133 523 unum
1153 489 1215 524 est
1234 496 1389 539 corpus
1406 515 1416 535 ,
1438 480 1495 523 ita
1515 489 1554 522 et
1571 480 1712 525 Chris-

336 562 355 586 »
382 547 496 589 tus1.
532 564 551 586 »
579 547 673 590 Non
697 544 827 597 dixit,
854 544 911 588 ita
934 555 976 589 et
997 546 1183 600 Christi,
1216 545 1289 590 sed
1307 580 1318 601 ,
1344 546 1400 588 ita
1424 554 1465 588 et
1484 545 1709 600 Christus,

332 613 562 658 ostendens
579 614 798 659 Christum
822 623 936 658 recte
958 614 1165 674 appellari
1185 615 1310 659 etiam
1333 615 1579 658 universum
1594 649 1604 668 ,
1629 615 1712 661 hoc
1766 658 1768 661 .

331 693 420 738 est,
441 693 572 742 caput
596 700 694 729 cum
714 700 893 742 corpore
914 700 993 728 suo
1010 719 1020 739 ,
1042 686 1161 743 quod
1180 694 1242 728 est
1263 685 1466 729 Ecclesia.
1494 687 1549 728 Et
1567 683 1713 731 multis

333 755 653 812 Scripturarum
678 754 782 798 locis
808 755 1053 799 invenimus
1080 756 1297 799 Christum
1321 756 1447 799 etiam
1470 755 1553 799 hoc
1583 755 1713 800 modo

331 824 561 883 appellari,
582 833 630 868 ut
647 840 746 869 cum
766 825 970 868 omnibus
988 825 1073 869 suis
1093 826 1294 868 membris
1314 824 1596 881 intelligatur,
1615 825 1715 884 qui-

330 893 413 937 bus
433 894 602 938 dietum
625 903 713 939 est:
738 914 757 936 α
776 897 861 938 Vos
884 896 979 939 estis
997 911 1153 954 corpus
1175 894 1334 940 Christi
1358 904 1399 938 et
1423 894 1616 937 membra
1632 897 1665 937 ².
1687 911 1710 936 2>

331 965 429 1009 Non
450 979 551 1022 ergo
580 965 767 1008 absurde
789 965 848 1009 sie
877 964 1180 1023 intelligimus,
1209 985 1227 1007 «
1256 968 1377 1009 Tunc
1400 974 1442 1008 et
1463 965 1551 1023 ipse
1580 962 1714 1009 Filius

332 1051 352 1075 »
379 1035 598 1094 subjectus
619 1035 701 1078 erit
729 1035 796 1088 ei,
822 1035 893 1094 qui
923 1034 986 1078 illi
1019 1036 1203 1095 subjecit
1236 1035 1404 1092 omnia,
1432 1053 1451 1075 »
1477 1043 1526 1077 ut
1555 1032 1714 1078 Filium

329 1119 418 1147 non
437 1105 575 1148 solum
600 1114 731 1163 caput
754 1105 957 1149 Ecclesiae
976 1140 987 1159 ,
1008 1106 1081 1149 sed
1102 1116 1145 1150 et
1168 1121 1316 1149 omnes
1339 1120 1438 1149 cum
1466 1120 1518 1148 eo
1547 1112 1714 1149 sanctos
1764 1127 1766 1129 ·

328 1172 643 1232 intelligamus,
679 1177 754 1234 qui
783 1185 888 1219 sunt
916 1191 1053 1219 unum
1086 1176 1131 1219 in
1165 1177 1361 1229 Christo,
1399 1190 1535 1219 unum
1569 1189 1714 1225 semen

329 1243 518 1287 Abrahae
544 1263 554 1288 ι
583 1245 826 1304 subjeetum
856 1254 1000 1288 autem
1032 1246 1272 1289 secundum
1304 1244 1714 1304 contemplationem

326 1315 602 1373 sempiternae
620 1315 809 1360 veritatis
822 1350 833 1370 ,
850 1316 903 1359 ad
922 1315 1203 1360 obtinendam
1226 1315 1541 1360 beatitudinem
1558 1350 1569 1369 ,
1591 1313 1713 1358 nullo

327 1393 451 1428 motu
479 1386 632 1440 animi,
665 1386 787 1428 nulla
815 1395 937 1444 parte
962 1386 1152 1444 corporis
1181 1386 1428 1440 resistente,
1463 1395 1535 1440 ut,
1564 1385 1608 1428 in
1639 1383 1712 1428 illa
1762 1383 1763 1386 ¹

326 1454 414 1499 vita
436 1456 610 1500 nemine
630 1466 802 1500 amante
822 1457 1039 1516 propriam
1055 1465 1311 1516 potestatem
1329 1491 1341 1512 ‚
1369 1476 1389 1498 «
1412 1457 1464 1501 sit
1485 1459 1599 1501 Deus
1615 1470 1710 1500 om-

328 1542 349 1567 »
378 1527 447 1570 nia
471 1527 513 1570 in
538 1529 753 1571 omnibus.
784 1545 803 1568 »

385 1600 598 1650 thffisrio.
626 1601 760 1642 LXX.
795 1626 848 1632 —
877 1601 1020 1643 Morte
1042 1599 1271 1657 significari
1295 1598 1480 1642 arbitror
1503 1598 1586 1641 hoc
1612 1596 1707 1642 1000
1746 1586 1750 1609 ¹

325 1668 540 1712 carnalem
562 1670 919 1713 consuetudinem
934 1704 945 1721 ‚
966 1685 1064 1729 quae
1084 1669 1237 1712 resistit
1255 1669 1381 1712 bonae
1399 1667 1613 1712 voluntati
1631 1666 1707 1711 de-

325 1737 558 1782 lectatione
573 1739 875 1798 temporalium
899 1739 1197 1784 fruendorum.
1218 1742 1313 1784 Non
1332 1739 1445 1782 enim
1462 1738 1704 1783 diceretur:

332 1826 353 1850 «
378 1808 459 1853 Ubi
475 1818 553 1863 est,
568 1825 695 1863 mors,
711 1811 934 1853 contentio
948 1812 1066 1854 tuass?
1080 1829 1097 1850 »
1115 1811 1147 1853 si
1161 1826 1247 1853 non
1259 1809 1477 1853 restitisset
1493 1818 1535 1853 et
1551 1823 1707 1867 repug-

325 1889 481 1923 nasset.
500 1881 639 1938 Ipsius
652 1881 873 1924 contentio
888 1881 1015 1924 etiam
1031 1879 1105 1924 illo
1119 1879 1217 1925 loco
1232 1880 1491 1924 describitur
1515 1899 1524 1924 ς
1553 1899 1573 1921 «
1595 1882 1705 1924 Caro

327 1966 347 1990 »
374 1952 641 2010 concupiscit
662 1951 862 1996 adversus
886 1952 1085 2010 spiritum
1107 1987 1117 2006 ,
1143 1961 1186 1995 et
1207 1952 1379 2011 spiritus
1397 1952 1600 1995 adversus
1618 1966 1706 1995 car·
1741 1976 1744 2031 Ι

327 2036 348 2061 »
373 2035 471 2063 nem
487 2022 518 2064 4.
546 2024 647 2065 Haec
665 2023 779 2065 enim
808 2022 990 2065 invicem
1018 2022 1095 2066 sibi
1120 2022 1323 2065 resistunt
1341 2032 1380 2066 et
1404 2018 1700 2077 adversantur,

327 2106 348 2130 »
373 2099 422 2133 ut
442 2106 528 2134 non
551 2107 650 2151 quae
673 2091 804 2136 vultis
828 2091 901 2135 illa
933 2092 1112 2136 faciatis.
1139 2110 1158 2133 »
1184 2093 1253 2136 Fit
1285 2107 1388 2150 ergo
1410 2107 1486 2151 per
1513 2092 1704 2136 sanctifi-

324 2161 536 2204 cationem
562 2161 796 2219 perfectam
815 2197 825 2217 ,
852 2171 901 2205 ut
924 2163 1063 2206 omnis
1090 2162 1271 2206 carnalis
1293 2162 1508 2220 appetitus
1539 2161 1706 2220 spiritui

324 2239 472 2273 nostro
502 2230 745 2275 illuminato
778 2241 820 2276 et
852 2232 1092 2286 vivificato,
1131 2232 1176 2276 id
1211 2241 1299 2286 est,
1331 2232 1457 2276 bonae
1491 2230 1704 2276 voluntati

322 2300 587 2359 subjiciatur.
615 2304 670 2345 Et
700 2301 809 2345 sicut
830 2317 946 2346 nunc
973 2301 1169 2347 videmus
1192 2302 1339 2346 multis
1369 2302 1606 2362 puerilibus
1633 2301 1703 2346 de-

322 2368 627 2415 lectationibus
643 2388 718 2416 nos
735 2388 892 2426 carere,
914 2389 1012 2433 quae
1031 2389 1107 2417 nos
1124 2388 1295 2432 pueros,
1312 2373 1345 2416 si
1357 2372 1674 2431 denegarentur
1686 2405 1698 2426 ,

324 2441 526 2486 acerrime
547 2444 799 2488 cruciabant
828 2463 835 2489 :
865 2443 924 2488 ita
946 2444 1212 2489 credendum
1236 2455 1298 2489 est
1317 2446 1371 2489 de
1399 2446 1518 2488 omni
1540 2441 1698 2489 carnali

373 2531 380 2548 ¹
408 2537 418 2557 ι
448 2528 519 2559 Cor.
542 2537 585 2567 xi,
612 2538 662 2562 12.
679 2544 720 2552 ——-
734 2528 845 2562 ²1bid.
864 2538 916 2571 27.
933 2545 974 2553 ·—
990 2527 1003 2553 ³
1023 2539 1034 2561 ι
1055 2532 1126 2563 Cor.
1149 2539 1203 2570 xv,
1223 2528 1275 2572 54.
1292 2527 1359 2559 -4
1378 2528 1445 2562 Gal.
1467 2540 1499 2568 v,
1518 2537 1569 2572 ¹7·

1763 90 1768 191 Ξ

1747 1541 1750 1584 1
