1790 3187
322 245 405 285 314
763 258 796 284 s.
833 255 1063 284 Avi-‚usum
1094 256 1275 284 nnscom

318 337 408 366 non
432 321 668 365 invenirem
697 320 843 364 locum
866 319 941 364 ubi
960 320 1288 365 circumsionem
1309 330 1573 380 repeterem,
1597 322 1700 383 quia

320 407 458 435 unum
488 401 551 434 est
578 390 689 434 illud
717 390 989 448 membrum3
1017 391 1154 435 multo
1179 391 1318 434 minus
1341 391 1559 435 invenitur
1578 391 1700 438 locus

319 463 363 506 in
386 478 473 506 uno
500 463 630 505 corde
648 496 658 511 ,
685 460 759 504 ubi
784 462 1020 520 baptismus
1049 462 1207 506 Christi
1236 471 1470 520 repetatur.
1497 462 1603 507 Ideo
1623 463 1699 523 qui

319 532 541 591 duplicare
560 531 822 590 baptismum
844 532 971 576 vultis
992 567 1003 587 ‚
1028 548 1200 577 necesse
1221 541 1284 577 est
1302 533 1482 577 omnino
1504 543 1552 578 ut
1568 535 1699 580 corda

319 602 506 661 duplicia
530 602 768 662 requiratis.

376 675 429 716 V.
465 672 614 717 Clama
643 687 746 730 ergo
774 681 889 716 recte
918 681 959 716 te
987 671 1152 726 faeere,
1181 672 1214 715 si
1242 687 1331 715 non
1357 672 1626 732 rebaptizas,
1657 682 1701 720 et
1766 676 1768 718 ᾗ

318 758 407 787 non
429 741 570 787 solum
592 743 684 786 sine
708 741 994 801 trepidatione
1009 776 1020 797 ,
1044 741 1119 785 sed
1141 743 1270 786 etiam
1288 758 1386 786 cum
1412 743 1571 802 gaudio
1593 744 1700 788 mihi

319 814 422 857 inde
459 813 661 857 rescribe.
704 812 833 857 Nulla
865 823 908 857 te
939 822 1114 857 tuorum
1139 813 1343 868 concilia,
1374 811 1531 868 frater,
1559 824 1701 858 exter-

318 894 456 928 reant.
483 884 523 928 Si
547 883 660 927 enim
681 884 764 928 hoc
784 883 842 927 eis
863 882 1156 942 displicuerit,
1185 899 1272 927 non
1295 893 1396 927 sunt
1419 884 1537 943 digni
1562 884 1636 944 qui
1661 892 1702 929 te

319 954 508 998 habeant
540 971 551 997 .·
580 954 613 996 si
648 965 793 997 autem
823 953 1060 1012 placuerit,
1088 953 1303 997 credimus
1328 953 1383 997 de
1411 954 1704 998 misericordia

318 1025 519 1078 Domini,
541 1025 614 1084 qui
639 1025 838 1068 timentes
860 1025 939 1067 sibi
959 1024 1184 1083 displicere
1204 1058 1215 1078 ‚
1241 1034 1283 1068 et
1310 1034 1514 1068 conantes
1536 1024 1703 1083 placere

318 1109 545 1153 nunquam
571 1093 749 1147 deserit,
776 1093 896 1153 quod
918 1094 1119 1137 intervos
1142 1103 1184 1137 et
1203 1110 1278 1137 nos
1300 1094 1385 1137 cito
1412 1110 1493 1152 pax
1513 1095 1594 1138 erit
1617 1113 1626 1138 ;
1649 1108 1704 1138 ne

319 1175 494 1224 propter
517 1164 701 1207 honores
730 1174 921 1216 nostros⁷
946 1163 1000 1206 de
1028 1180 1113 1223 qua
1142 1165 1305 1207 sarcina
1334 1163 1571 1222 periculosa
1596 1163 1704 1208 ratio
1757 1205 1760 1216 ,

317 1233 552 1287 reddetur,
586 1235 750 1277 miserae
780 1234 928 1292 plebes
960 1235 1183 1277 credentes
1205 1234 1250 1277 in
1272 1235 1492 1279 Christum
1516 1235 1705 1279 habeant

317 1307 362 1350 in
399 1305 603 1349 domibus
639 1307 724 1348 suis
758 1321 1011 1349 communes
1047 1306 1194 1360 cibos,
1235 1315 1278 1349 et
1316 1321 1508 1349 mensam
1542 1305 1702 1350 Christi

318 1392 594 1422 communem
612 1378 769 1420 habere
783 1392 870 1420 non
888 1377 1065 1435 possint.
1084 1376 1568 1434 Nonneingemiscimus
1584 1374 1703 1436 quod
1756 1378 1758 1388 ’

315 1448 382 1492 vir
417 1458 460 1491 et
483 1463 614 1501 uxor,
641 1457 689 1490 ut
714 1447 898 1490 fideliter
930 1448 1198 1506 conjungant
1221 1462 1400 1506 corpora
1426 1463 1524 1500 sua,
1557 1449 1705 1506 jurant

318 1518 398 1561 sibi
422 1518 680 1577 plerumque
703 1533 777 1576 per
799 1518 1017 1562 Christum
1035 1553 1044 1571 ‚
1070 1527 1112 1561 et
1137 1518 1266 1576 ipsius
1283 1533 1439 1576 corpus
1462 1517 1620 1561 Christi
1645 1516 1704 1561 di·

317 1603 437 1632 versa
475 1588 783 1631 communione
821 1587 1062 1630 dilaniant?
1092 1590 1184 1630 Hoc
1223 1597 1393 1631 tantum
1421 1587 1702 1640 scandalum,

317 1668 464 1702 tantus
492 1658 649 1702 diaboli
683 1659 961 1717 triumphus,-
985 1667 1102 1702 tanta
1133 1659 1340 1717 pernicies
1368 1659 1634 1711 animarum,
1669 1657 1704 1701 si

317 1745 394 1789 per
415 1740 528 1773 tuam
552 1729 803 1772 modestiam
825 1738 866 1771 et
891 1728 1168 1787 prudentiam
1188 1738 1231 1772 et
1250 1728 1524 1772 dilectionem
1540 1763 1550 1781 ‚
1569 1743 1701 1787 quam
1754 1784 1756 1791 Ι
1783 1717 1790 1732 ’

317 1801 528 1845 debemus
546 1801 583 1843 ei
603 1835 613 1857 ‚
639 1801 712 1858 qui
737 1816 814 1858 pro
832 1801 956 1842 nohis
978 1815 1105 1843 suum
1124 1800 1378 1858 sanguinem
1396 1799 1533 1854 fudit,
1559 1798 1702 1843 ablata

317 1871 372 1915 de
404 1871 548 1915 medio
572 1871 616 1915 in
640 1872 704 1914 his
733 1871 980 1930 regionibus
1008 1871 1166 1927 fuerit3
1197 1871 1292 1930 quis
1325 1869 1508 1928 explicet
1532 1869 1695 1924 verbis,

315 1958 444 2002 quam
469 1943 543 1984 tibi
568 1942 753 2001 palmam
778 1950 988 2000 praeparet
1008 1942 1232 1995 Dominus,
1251 1950 1299 1983 ut
1318 1941 1369 1983 ad
1389 1951 1542 1984 caetera
1561 1955 1699 1983 mem-

316 2013 391 2056 bra
416 2013 629 2065 sananda,
655 2028 755 2071 quae
776 2027 850 2070 per
875 2020 1007 2054 totam
1030 2010 1220 2054 Al'ricam
1245 2010 1452 2054 tabefacta
1476 2010 1699 2053 miserabi-

316 2082 414 2126 liter
439 2083 608 2141 jacent‚
645 2098 667 2125 a
702 2091 743 2125 te
782 2083 1074 2141 proficiscatur
1107 2091 1194 2124 tarn
1232 2080 1440 2124 imitabile
1469 2080 1697 2124 medicinae

315 2153 656 2196 documentum?
680 2155 820 2205 Quam
846 2167 1018 2206 vereor,
1047 2152 1255 2210 quoniam
1276 2165 1350 2194 cor
1374 2165 1518 2194 meum
1551 2150 1697 2194 videre

316 2240 404 2267 non
430 2232 575 2283 potes,
597 2239 650 2267 ne
673 2224 751 2267 tibi
772 2239 868 2267 cum
894 2223 1173 2267 insultatione
1196 2224 1338 2281 potius
1354 2238 1484 2282 quam
1504 2237 1604 2266 cum
1627 2221 1696 2266 di-

315 2295 502 2339 lectione
524 2295 643 2354 loqui
666 2294 827 2339 videar.
860 2294 942 2339 Sed
966 2307 1082 2338 certe
1098 2294 1282 2353 amplius
1300 2295 1405 2354 quid
1435 2294 1586 2338 facim
1611 2308 1697 2338 non

316 2366 490 2409 invenio
507 2401 517 2419 ‚
545 2366 623 2408 nisi
647 2374 695 2408 ut
718 2364 1033 2424 inspiciendum
1055 2380 1296 2409 sermonem
1318 2379 1463 2409 meum
1482 2364 1562 2408 tibi
1586 2363 1698 2408 olse-

318 2451 406 2479 ram
427 2469 438 2489 ‚
465 2436 657 2479 animum
684 2438 786 2479 Deo.

378 2507 450 2549 VI.
490 2505 708 2549 Tollamus
729 2505 782 2548 de
805 2504 948 2548 medio
964 2504 1107 2548 inania
1131 2505 1323 2563 objecta,
1348 2519 1447 2562 quae
1466 2519 1487 2546 a
1506 2503 1700 2563 partibus

316 2576 523 2633 imperitis
556 2576 709 2635 jactari
744 2585 892 2620 contra
920 2574 1102 2618 invicem
1139 2572 1304 2628 solent,
1335 2589 1415 2618 nec
1446 2583 1492 2618 tu
1523 2572 1697 2632 objicias
