1790 3187
206 231 258 259 m:
291 228 480 258 mvfflxffls
513 227 673 263 QUAEs‘r.
710 226 765 255 AD
797 225 1056 254 smrmcniv.
1094 226 1177 253 Lm.
1214 226 1245 252 1.
1341 214 1422 253 153

5 325 7 350 2
41 300 158 353 vult,
179 295 373 358 quamvis
393 309 482 338 non
507 302 592 337 tam
617 290 742 336 facile
763 290 908 347 faciat,
932 307 1065 352 quam
1087 290 1213 335 facile
1234 290 1357 349 vult3
1381 301 1424 336 et

6 359 7 362 ¹
6 374 122 416 hoc
151 367 268 428 quod
288 366 379 410 odit
401 364 528 408 facile
551 363 699 416 habet,
725 364 922 440 quamvis
947 362 992 407 id
1015 361 1161 407 nolit:
1186 363 1297 406 sicut
1317 377 1424 439 prae-

8 442 239 508 cipitatus
260 437 351 481 sine
372 433 630 479 difficultate
652 433 771 477 venit
792 433 836 476 in
854 432 1142 493 profundum,
1160 432 1362 493 quamvis
1378 433 1423 477 id

7 532 9 555 i
40 511 146 557 nolit
168 518 296 568 atque
328 506 480 551 oderit.
517 507 609 549 Hoc
640 504 726 548 dixi
749 514 928 564 propter
961 505 1147 550 verbum
1178 503 1298 565 quod
1335 504 1420 559 ait,

9 632 10 637 ¹
43 602 62 626 «
86 581 313 641 adjacet.»
338 576 689 634 Perhibetigitur
713 575 1007 620 testimonium
1029 575 1130 634 legi,
1155 576 1273 636 quod
1307 575 1421 621 bona

8 667 11 692 ¹
39 654 118 708 sit,
144 652 275 696 homo
311 648 391 693 sub
414 663 463 692 ea
495 648 658 727 positus
687 655 730 691 et
768 647 966 692 nondum
999 648 1134 707 gratia
1179 646 1419 693 liberatus:

9 723 232 786 perhibet
243 721 421 766 omnino
444 735 494 764 eo
510 720 601 779 ipso
615 718 736 780 quod
758 734 801 763 se
817 718 1252 779 reprehenditfacere
1270 729 1422 765 contra

10 792 12 798 ’
39 796 210 855 legem:
247 801 290 837 et
325 793 491 837 invenit
526 806 621 834 eam
652 790 817 835 bonum
840 791 918 835 sibi
943 806 1033 835 esse
1058 826 1069 846 ,
1101 789 1251 836 volens
1280 791 1422 835 facele

39 864 156 927 quod
173 863 245 908 illa
263 863 412 923 jubet,
440 871 482 906 et
504 861 851 921 concupiscentia
875 870 1108 921 superante
1130 876 1220 906 non
1242 861 1389 906 valens
1412 881 1421 908 :

41 947 168 997 atque
190 935 248 979 ita
278 951 321 979 se
351 935 719 994 praevaricationis
750 943 874 979 reatu
902 933 1173 994 implicatum
1194 934 1345 991 videt,
1371 935 1425 979 ad

42 1010 120 1053 hoc
142 1016 190 1051 ut
214 1006 395 1065 gratiam
414 1005 654 1049 liberatoris
671 1004 887 1065 imploret.

13 1113 16 1134 ,
99 1081 186 1122 13⁰.
226 1096 244 1118 «
278 1076 568 1121 Condelector
593 1076 708 1120 enim
727 1111 738 1132 ‚
764 1076 939 1136 inquit,
965 1075 1051 1135 legi
1079 1075 1157 1120 Dei
1182 1076 1425 1120 secundum

43 1168 62 1191 »
88 1148 334 1194 interiorem
368 1147 591 1191 hominem
634 1166 643 1191 :
680 1166 699 1188 »
736 1139 971 1207 ei'utique
1002 1146 1121 1206 legi,
1151 1163 1251 1208 quae
1282 1146 1388 1191 dicit
1414 1166 1423 1191 t

14 1205 17 1243 ²
44 1240 63 1263 «
88 1223 182 1266 Non
216 1219 493 1278 concupisces
518 1220 548 1261 ¹.
580 1217 718 1262 Video
741 1227 885 1262 autem
905 1254 915 1273 ,
941 1219 1111 1279 inquit,
1134 1218 1274 1277 legem
1299 1217 1425 1263 aliam

42 1311 62 1335 »
86 1293 129 1335 in
151 1290 357 1335 membris
379 1291 484 1334 meis
504 1299 819 1350 repugnantem
836 1290 921 1349 legi
940 1291 1096 1335 mentis
1115 1306 1240 1346 meae,
1265 1301 1309 1334 et
1330 1305 1429 1349 cap·

43 1382 62 1405 n
85 1363 330 1408 tivitantem
358 1377 427 1406 me
458 1362 539 1406 sub
561 1361 656 1421 lege
686 1362 851 1421 peceati
872 1397 883 1416 ‚
924 1377 1024 1422 quae
1051 1370 1116 1407 est
1141 1362 1186 1404 in
1219 1361 1429 1405 membris

42 1453 62 1476 »
87 1434 189 1477 meis
219 1436 251 1476 2.
280 1451 300 1474 »
328 1435 488 1491 Legem
512 1431 701 1510 appellat
723 1433 769 1475 in
786 1432 992 1476 membris
1015 1432 1127 1487 suis,
1153 1447 1266 1476 onus
1286 1432 1428 1491 ipsum

39 1504 305 1550 mortalitatis
331 1539 342 1558 ,
382 1505 426 1548 in
463 1519 551 1564 quo
578 1503 898 1562 ingemiscimus
939 1503 1104 1563 gravati
1135 1504 1166 1548 ³.
1206 1522 1225 1545 «
1259 1505 1429 1563 Corpus

44 1596 63 1618 »
88 1577 199 1620 enim
213 1575 332 1636 quod
352 1576 646 1634 corrumpitur
667 1584 871 1633 aggravat
895 1575 1086 1620 animam
1103 1576 1119 1601 4
1127 1593 1178 1620 .»
1204 1579 1285 1620 Per
1308 1575 1429 1636 quod

20 1649 89 1693 *fit
109 1648 238 1692 etiam
258 1663 397 1707 saepe,
425 1656 473 1691 ut
506 1647 663 1691 invicte
686 1645 873 1692 delectet
891 1648 1012 1707 quod
1036 1646 1261 1692 nonlicet.
1287 1649 1429 1701 Quam

41 1721 247 1765 sarcinam
280 1728 549 1779 prementem
579 1729 621 1763 et
654 1728 884 1777 urgentem
922 1718 1022 1763 ideo
1047 1719 1185 1778 legem
1219 1719 1427 1779 appellat,

22 1791 143 1851 ¹quia
165 1791 262 1849 jure
290 1789 487 1849 supplicii
514 1789 662 1834 divino
680 1789 842 1848 judicio
872 1789 1035 1834 tributa
1058 1799 1100 1834 et
1130 1791 1331 1849 imposita
1365 1799 1431 1834 est

42 1863 97 1906 ab
120 1876 170 1904 eo
192 1861 267 1920 qui
289 1861 550 1921 praemonuit
570 1861 793 1905 hominem
812 1896 822 1916 ,
843 1860 989 1905 dicens
1014 1880 1023 1906 2
1053 1879 1072 1902 «
1094 1863 1190 1914 Qua
1213 1861 1283 1905 die
1301 1876 1429 1905 mau-

24 1981 25 1997 Ὶ
45 1950 65 1974 ³)
85 1931 344 1976 ducaveritis
358 1966 368 1986 ,
389 1941 529 1975 morte
550 1931 795 1975 moriemini
811 1933 841 1975 ⁵.
873 1950 892 1972 »
920 1933 1025 1975 Haec
1041 1931 1110 1975 lex
1130 1941 1343 1991 repugnat
1361 1931 1431 1976 lex

44 2011 256 2062 repugnat
282 2002 368 2061 legi
391 2003 545 2046 mentis
575 2001 735 2046 dicenti
770 2021 778 2048 :
804 2021 823 2044 «
843 2004 941 2048 Non
971 2003 1251 2061 concupisces
1274 2023 1284 2048 :
1307 2021 1326 2044 »
1359 2004 1429 2048 cui

25 2065 367 2118 lcondelectatur
389 2073 521 2118 homo
548 2072 790 2117 seeundum
827 2073 1079 2118 interiorem
1102 2074 1325 2118 hominem
1349 2092 1359 2119 z
1387 2083 1430 2118 et

26 2151 29 2208 ’ἶ
47 2153 275 2203 antequam
296 2144 350 2187 sit
371 2143 554 2203 quisque
569 2143 649 2187 sub
667 2143 819 2202 gratia,
847 2143 905 2187 ita
928 2153 1160 2203 repugnat,
1185 2153 1235 2188 ut
1257 2154 1300 2189 et
1323 2160 1429 2204 cap-

28 2214 149 2259 ³tivet
177 2230 276 2260 eum
311 2215 392 2259 sub
414 2214 509 2274 lege
532 2215 697 2275 peceati
715 2250 725 2270 ‚
749 2214 793 2258 id
817 2224 879 2258 est
902 2250 912 2270 ‚
939 2215 1021 2259 sub
1044 2215 1287 2275 semetipsa.
1317 2217 1429 2261 Cum

28 2332 30 2354 ἰ
50 2286 160 2329 enim
182 2284 312 2340 dicit,
354 2305 374 2328 «
397 2301 496 2345 quae
515 2294 578 2329 est
593 2285 639 2330 in
665 2285 870 2329 membris
893 2286 998 2330 meis
1024 2306 1032 2333 :
1060 2305 1080 2328 »
1104 2286 1218 2331 hane
1240 2286 1430 2332 ostendit

50 2356 239 2401 eamdem
264 2373 353 2401 esse
371 2356 425 2401 de
443 2373 528 2418 qua
545 2357 739 2415 superius
758 2358 817 2402 ait
844 2377 852 2403 :
879 2377 898 2400 «
916 2356 1055 2403 Video
1074 2356 1200 2402 aliam
1222 2358 1362 2418 legem
1386 2358 1430 2402 in

30 2475 31 2483 ἵ
54 2446 73 2469 »
92 2428 295 2473 membris
310 2429 471 2472 meis.»

98 2533 220 2563 ¹.R01n
241 2543 298 2572 vn
319 2540 373 2569 γ),
400 2535 432 2564 et
451 2532 552 2564 Ero]
578 2543 630 2569 xx,
657 2543 692 2574 ¹7
724 2549 765 2554 —-
782 2531 1314 2575 ⁷R01n.vi1,'23.-3'·‚2C01v
1341 2538 1370 2576 4
1398 2550 1435 2557 >—

31 2586 534 2632 4Sap.1x,15.——t›en1
561 2600 594 2630 ι
