1790 3187
291 218 342 257 48
717 225 748 252 8.
788 225 1012 253 ΑιῡαιεΤιΜ
1051 227 1224 252 misceri

292 294 552 354 pensationis
571 293 697 337 tidem
720 301 850 351 atque
866 291 1116 335 aeternitatis
1144 290 1300 334 futurae
1320 304 1436 348 spem
1460 288 1667 333 charitate

291 365 582 424 amplexatur,
609 363 652 406 id
672 372 760 416 est,
785 363 905 420 quasi
930 361 1318 420 quadragenarium
1338 374 1568 403 numerum
1589 357 1667 401 de-
1730 377 1733 380 ·
1753 352 1755 367 '

291 436 411 480 nario
442 449 624 477 numero
653 431 875 491 copulans.
911 435 1015 476 Haec
1036 441 1176 475 autem
1212 430 1424 484 Ecclesia,
1459 427 1513 472 ad
1538 443 1668 488 quam

293 506 480 566 pertinet
510 503 908 564 quinquagenarius
937 517 1141 547 numerus
1159 537 1169 555 ,
1203 502 1290 545 sive
1319 502 1420 561 quia
1449 515 1499 544 ex
1532 499 1671 543 tribus

294 576 521 636 generibus
546 575 772 619 hominum
795 573 968 632 eligitur
986 609 996 627 ,
1021 573 1182 617 Judaeis
1207 581 1249 615 et
1272 571 1484 616 Gentibus
1505 579 1547 613 et
1576 585 1671 614 car-

294 646 467 691 nalibus
500 645 777 699 Christianis,
806 644 894 688 sive
916 644 1017 704 quia
1044 652 1312 688 sacramento
1343 641 1560 686 Trinitatis
1588 641 1672 685 im-

294 717 464 771 buitur,
495 731 678 760 numero
705 731 792 775 quo
817 715 1082 774 significatur
1111 725 1175 759 ter
1202 714 1334 757 ducto
1352 748 1362 767 ,
1389 713 1443 756 ad
1470 721 1673 756 centena—

295 788 404 831 rium
440 800 483 830 et
509 787 933 847 quinquagenarium
966 786 1175 845 pervenit.
1210 784 1534 844 Quinquaginta
1561 782 1675 826 enim

297 867 359 902 ter
382 856 510 902 dueta
531 858 642 901 fiunt
663 866 837 900 centum
859 857 1188 916 quinquaginta.
1219 858 1315 908 Quo
1336 869 1434 899 cum
1462 852 1677 897 addideris

295 930 385 988 ipsa
410 928 509 982 tria,
533 927 633 987 quia
655 927 821 985 insigne
844 935 885 970 et
909 927 1102 971 eminens
1124 926 1256 970 debet
1277 941 1366 970 esse
1389 922 1506 984 quod
1533 924 1579 967 in
1600 938 1679 967 no—

296 1000 411 1043 mine
445 1000 580 1043 Patris
602 1007 645 1042 et
675 997 773 1042 Filii
801 1007 843 1042 et
875 998 1056 1058 Spiritus
1090 998 1225 1042 sancti
1251 997 1420 1041 lavaero
1452 1009 1676 1053 regenera-

297 1070 423 1115 tionis
465 1069 656 1113 abluitur
675 1071 682 1092 ¹
703 1104 713 1124 ,
760 1070 869 1113 fiunt
913 1068 1554 1129 centumrquinquaginta-tres.
1595 1064 1680 1118 Qui

296 1156 501 1184 numerus
536 1140 717 1199 piscium
754 1140 999 1195 invenitur,
1037 1141 1137 1200 quia
1172 1140 1215 1183 in
1257 1140 1477 1183 dexteram
1512 1146 1679 1196 partem

297 1212 422 1254 missa
445 1219 546 1254 sunt
570 1211 751 1267 retiat²3
777 1220 817 1253 et
841 1209 939 1254 ideo
963 1226 1167 1268 magnos,
1193 1209 1235 1252 id
1259 1219 1320 1253 est
1341 1245 1350 1264 ,
1378 1209 1615 1269 perfectos,
1641 1215 1684 1250 et

298 1296 431 1340 regno
455 1280 665 1325 coelorum
691 1288 813 1339 aptos
834 1280 983 1324 habet.
1009 1284 1116 1326 Nam
1146 1279 1219 1323 illa
1242 1279 1481 1323 similitudo
1513 1277 1683 1321 reticuli

298 1367 386 1395 non
408 1351 453 1394 in
477 1350 694 1395 dexteram
715 1350 829 1393 missi
847 1385 857 1404 ,
884 1350 1012 1394 ¹<unul
1034 1351 1169 1410 coepit
1192 1350 1329 1394 bonos
1353 1358 1395 1393 et
1425 1348 1581 1403 malos,
1608 1348 1683 1407 qui

298 1432 553 1482 separantur
583 1423 625 1466 in
656 1422 845 1466 liuoress.
878 1425 1005 1467 Nunc
1038 1422 1152 1465 enim
1175 1422 1286 1466 intra
1311 1421 1416 1465 retia
1443 1428 1686 1480 praecepto-

300 1510 394 1538 rum
425 1504 467 1538 et
495 1503 863 1538 sacramentorum
892 1494 995 1548 Dei,
1028 1494 1072 1536 in
1104 1492 1293 1537 Ecclesia
1322 1508 1422 1552 quae
1452 1506 1568 1535 nune
1595 1500 1684 1544 est,
1720 1484 1722 1486 ¹

301 1565 430 1609 simul
451 1566 555 1610 boni
570 1564 758 1623 malique
779 1573 1020 1608 versantur.
1046 1563 1115 1608 Fit
1139 1573 1284 1608 autem
1307 1563 1519 1622 separatio
1535 1563 1580 1606 in
1602 1562 1687 1605 fine

301 1635 461 1690 saeculi,
489 1645 697 1695 tanquam
719 1636 762 1678 in
789 1637 872 1678 tine
895 1635 1038 1688 maris,
1060 1633 1106 1678 id
1120 1643 1199 1689 est,
1225 1635 1269 1678 in
1291 1634 1453 1688 littore,
1473 1648 1572 1677 eum
1591 1647 1687 1690 reg-

301 1716 407 1751 nant
424 1707 531 1766 justi
554 1707 693 1765 primo
724 1705 1040 1766 temporaliter,
1068 1706 1179 1750 sicut
1209 1706 1252 1748 in
1278 1704 1539 1764 Apocalypsi
1560 1704 1689 1762 serip-

306 1787 397 1822 tum
431 1778 544 1831 est4,
584 1777 743 1820 deinde
781 1777 823 1819 iu
859 1785 1069 1820 aeternum
1109 1776 1153 1819 in
1185 1775 1256 1819 illa
1286 1775 1457 1820 civitate
1491 1791 1589 1834 quae
1630 1773 1691 1817 ibi

304 1849 589 1903 describitur,
614 1848 686 1891 ubi
707 1849 794 1907 jain
820 1848 1152 1907 conquiescente
1176 1846 1495 1906 dispensatione
1518 1855 1688 1905 tempo-

305 1919 407 1973 rali,
442 1935 540 1979 quae
577 1918 922 1978 quadragenario
953 1934 1135 1962 numero
1166 1918 1452 1976 significatur,
1489 1916 1691 1961 denarius

307 2001 521 2045 remanet,
553 2006 685 2049 quam
709 1989 952 2034 mercedem
978 1990 1113 2034 saneti
1140 1989 1213 2049 qui
1241 1998 1473 2048 operantur
1500 1989 1544 2031 in
1566 1988 1691 2032 vinea

308 2063 553 2121 percepturi
575 2071 692 2105 sunt.

369 2139 429 2176 3⁰.
469 2137 613 2176 Potest
634 2133 785 2187 etiam,
811 2132 843 2175 si
866 2147 1073 2175 numerus
1098 2132 1173 2175 iste
1196 2131 1519 2186 consideretur,
1544 2145 1693 2175 oecur-

311 2220 401 2248 rere
425 2203 479 2247 ad
499 2205 699 2248 Ecclesiae
717 2203 984 2248 sanctitatem
1006 2239 1015 2259 ,
1036 2220 1134 2264 quae
1152 2219 1226 2262 per
1247 2204 1477 2248 Dominum
1497 2211 1690 2247 nostrum

311 2278 456 2320 Jesum
478 2276 695 2320 Christum
716 2273 824 2319 faeta
847 2286 907 2319 est
932 2295 938 2318 z
961 2285 1008 2319 ut
1031 2276 1235 2335 quoniam
1253 2275 1493 2335 septenario
1511 2290 1693 2319 numero

311 2357 506 2390 creatura
534 2355 728 2400 constat,
762 2361 860 2389 cum
897 2347 1107 2390 ternarius
1139 2347 1293 2390 animae
1322 2356 1364 2390 et
1393 2345 1695 2406 quaternarius

311 2418 480 2476 corpori
506 2417 737 2472 tribuitur,
768 2417 981 2476 susceptio
1004 2418 1093 2476 ipsa
1122 2416 1307 2461 hominis
1329 2416 1516 2461 dueatur
1538 2415 1592 2461 ad
1616 2416 1695 2460 tria

364 2524 370 2540 ¹
401 2519 513 2551 Manli.
542 2530 646 2557 xviii,
675 2530 780 2561 190-
798 2526 808 2542 2
841 2521 930 2552 Joan.
959 2529 1036 2561 xxi,
1063 2520 1085 2552 6
1113 2523 1145 2552 et
1174 2530 1279 2551 11.--
1298 2516 1310 2540 3
1330 2517 1443 2551 Mattli.
1481 2528 1554 2555 κιιι,
1585 2517 1638 2557 48.
1657 2533 1695 2539 -

313 2573 329 2605 4
350 2577 449 2618 Αροο.
477 2584 541 2613 xxi,
562 2584 593 2617 7.
