1790 3187
575 268 772 296 EPISTOLA
808 270 932 296 xxxi.
1367 256 1452 296 359

0 343 7 373 )
68 355 85 376 1»
109 335 257 378 domo.
286 351 308 375 »
332 335 422 378 Cur
447 333 564 376 enim
585 348 674 377 non
697 331 857 376 eisdem
881 334 1011 377 etiam
1030 331 1173 377 verbis
1194 333 1453 376 uteremur?

60 403 269 463 Agnoscis
290 402 406 446 enim
423 437 434 458 ,
459 402 590 447 credo
607 437 618 457 ,
645 404 738 447 haec
760 418 848 447 esse
879 419 929 446 ex
952 402 1133 462 epistola
1153 411 1293 445 vestra
1311 404 1339 445 ¹.
1368 401 1454 446 Sed

61 489 138 519 cur
162 474 304 533 potius
326 473 420 517 haec
443 482 583 517 vestra
606 474 693 518 sint
721 474 853 518 verba
875 489 1008 533 quam
1031 489 1125 518 mea
1141 508 1152 528 ‚
1181 488 1281 532 quae
1302 472 1456 531 utique

0 566 6 575 ·
61 560 194 606 quam
223 559 323 590 vera
346 553 474 598 sunt,
502 552 590 588 tam
621 544 747 589 nobis
771 544 826 588 ab
857 545 1051 604 ejusdem
1075 544 1224 604 capitis
1253 559 1456 588 commu-

0 627 4 638 ·
61 618 193 661 nione
214 616 503 675 proveniunt?
528 618 582 659 Et
600 615 635 659 si
659 615 826 675 aliquid
849 617 1075 676 proprium
1097 615 1217 660 vobis
1245 615 1457 659 donatum

0 697 4 726 Ξ
61 687 253 741 habent,
289 695 413 731 tanto
450 687 588 745 magis
622 702 671 730 ea
703 687 762 731 sic
791 686 943 741 dilexi,
976 696 1023 730 ut
1057 685 1309 730 obsiderent
1341 685 1458 730 viam

0 769 4 797 ἱ
61 758 248 820 pectoris
278 759 394 813 mei,
431 773 576 818 neque
608 774 631 802 a
665 759 797 802 corde
834 758 888 803 ad
922 757 1119 817 linguam
1155 772 1296 802 meam
1325 757 1459 801 verba

0 862 3 868 .
62 830 245 874 transire
261 831 478 884 sinerent,
500 830 640 875 donec
660 840 781 875 tanto
798 831 965 890 priora,
987 839 1155 889 quanto
1172 839 1274 873 sunt
1293 838 1456 884 vestra,

62 902 353 961 procederent
374 902 511 945 sancti
540 900 693 947 fratres
711 937 721 955 ‚
748 911 790 945 et
823 901 970 945 dilecti
994 904 1108 955 Deo,
1134 910 1370 959 nostraque
1391 900 1461 943 in-

63 973 201 1016 vicem
238 973 462 1026 membra,
498 973 595 1031 quis
628 972 801 1015 dubitet
830 986 908 1015 nos
939 986 1030 1014 uno
1062 970 1217 1030 spiritu
1246 970 1459 1028 vegetari,

63 1042 144 1086 nisi
167 1043 351 1102 quinon
375 1042 531 1096 sentit,
557 1057 644 1101 qua
667 1041 792 1086 nobis
810 1040 1045 1086 dilectione
1063 1040 1335 1085 vinciamur?

121 1115 196 1157 IV.
234 1112 403 1157 Vellem
426 1122 572 1156 tamen
596 1112 704 1157 scire
721 1147 733 1167 ‚
758 1122 906 1156 utrum
930 1113 1043 1156 hanc
1063 1111 1301 1155 absentiam
1319 1146 1330 1166 ,
1361 1126 1461 1154 cor-

61 1184 256 1244 poralem
272 1219 283 1238 ,
313 1199 387 1228 vos
411 1183 643 1243 patientius
669 1199 800 1242 quam
826 1198 904 1227 nos
920 1217 931 1237 ‚
958 1182 1217 1242 faciliusque
1240 1181 1463 1227 toleretis?

65 1257 108 1300 Si
126 1256 185 1300 ita
216 1264 280 1299 est
300 1290 310 1310 ,
334 1254 474 1299 fateor
490 1290 502 1309 ,
528 1270 616 1299 non
651 1271 749 1299 amo
773 1256 897 1299 istam
915 1254 1220 1299 fortitudinem
1250 1263 1464 1307 vestram,

62 1326 143 1370 nisi
170 1325 282 1370 forte
304 1326 406 1386 quia
429 1341 508 1369 nos
530 1324 637 1369 tales
658 1341 830 1381 sumus,
855 1335 906 1369 ut
933 1325 1075 1369 minus
1097 1340 1121 1368 a
1142 1324 1266 1369 vobis
1288 1324 1462 1368 deside-

63 1397 170 1451 rari,
198 1412 330 1457 quam
352 1412 430 1441 vos
454 1396 700 1440 desiderare
724 1397 977 1440 debeamus.
1000 1399 1049 1439 ln
1073 1411 1142 1439 me
1159 1404 1276 1439 certe
1298 1394 1333 1438 si
1355 1404 1469 1439 esset

63 1469 272 1528 patientia
308 1478 461 1512 vestrae
487 1467 695 1511 absentiae
720 1467 992 1526 perferendae
1009 1502 1019 1521 ‚
1045 1466 1293 1526 displiceret
1317 1466 1425 1510 mihi
1451 1485 1460 1510 ε

61 1539 247 1597 segniter
264 1539 380 1583 enim
398 1554 570 1597 agerem
591 1548 639 1582 ut
662 1553 737 1582 vos
756 1539 949 1582 viderem
970 1558 979 1583 :
1004 1538 1110 1597 quid
1134 1546 1279 1581 autem
1309 1537 1464 1581 absur-

61 1610 180 1665 dius,
202 1625 335 1670 quam
358 1608 618 1653 fortitudine
636 1610 730 1652 fieri
751 1610 1023 1667 segniorem?
1049 1608 1133 1653 Sed
1160 1624 1248 1667 qua
1271 1607 1463 1652 ecclesiae

61 1696 163 1725 cura
200 1691 348 1725 tenear
367 1716 378 1735 ,
422 1696 472 1724 ex
506 1681 590 1724 hoc
627 1693 768 1725 vestra
797 1681 985 1724 charitas
1020 1688 1198 1739 oportet
1235 1678 1460 1736 attendat,

61 1752 181 1812 quod
203 1751 473 1795 beatissimus
492 1761 614 1809 pater
632 1751 829 1794 Valerius
847 1785 857 1804 ‚
882 1751 956 1810 qui
980 1765 1053 1794 vos
1072 1749 1302 1794 nobiscum
1326 1765 1463 1808 quan·

61 1832 155 1867 tum
174 1822 332 1866 salutet
354 1831 661 1882 quantumque
685 1821 802 1865 sitiat
817 1857 827 1876 ‚
850 1820 1032 1866 audietis
1056 1837 1107 1865 ex
1131 1820 1363 1879 fratribus,
1381 1836 1462 1866 nec

60 1893 366 1953 presbyterum
385 1908 455 1935 me.
477 1907 565 1935 esse
583 1907 713 1935 suum
737 1907 884 1951 passus
906 1901 998 1945 est,
1020 1892 1100 1936 nisi
1125 1893 1333 1951 majorem
1354 1891 1462 1935 mihi

61 1966 388 2025 coepiscopatus
400 1964 612 2008 sarcinam
628 1964 872 2023 imponeret
887 1966 996 2022 (16).
1012 1964 1143 2017 Quod
1156 1963 1338 2022 quidem
1359 1963 1462 2022 quia

61 2047 184 2082 tanto
205 2038 297 2096 ejus
319 2036 529 2080 charitate
544 2071 554 2090 ,
577 2045 791 2095 tantoque
814 2036 967 2095 populi
988 2034 1134 2080 studio
1158 2036 1394 2079 Dominum
1416 2034 1463 2078 id

45 2107 172 2153 velle
209 2106 375 2152 credidi
390 2143 400 2162 ,
441 2105 666 2150 nonnullis
699 2108 787 2166 jam
828 2106 1039 2166 exemplis
1080 2105 1430 2166 praecedentibus
1446 2140 1458 2161 ,

60 2177 349 2239 quibusmihi
371 2178 512 2221 omnis
534 2178 751 2221 excusatio
774 2176 1063 2221 claudebatur
1077 2213 1087 2231 ‚
1108 2178 1390 2221 vehementer
1410 2177 1461 2220 ti-

61 2251 153 2294 mui
174 2265 393 2294 excusare.
420 2250 506 2294 Sed
523 2264 777 2310 quanquam
794 2250 952 2308 jugum
976 2249 1137 2293 Christi
1160 2263 1236 2307 per
1258 2263 1302 2290 se
1316 2248 1458 2307 ipsum

60 2319 158 2364 lene
179 2321 235 2364 sit
252 2355 263 2375 ‚
290 2329 334 2364 et
355 2319 523 2364 sarcina
543 2318 649 2364 levis
676 2339 685 2363 :
712 2329 858 2363 tamen
882 2328 1060 2378 propter
1083 2328 1276 2362 nostram
1300 2317 1461 2378 asperi«

60 2401 195 2436 tatem
218 2400 350 2452 atque
372 2391 670 2434 infirmitatem
686 2426 697 2445 ‚
723 2392 755 2434 si
779 2390 886 2451 quid
909 2406 979 2434 me
1002 2389 1172 2434 mordet
1196 2391 1279 2434 hoc
1300 2389 1458 2434 vincu-

41 2462 149 2507 ‘lum
167 2498 178 2518 ,
204 2472 337 2522 atque
368 2472 496 2521 urget
517 2463 602 2507 hoc
624 2477 734 2507 onus
754 2497 764 2517 ‚
791 2460 1073 2505 ineffabiliter
1095 2461 1203 2505 mihi
1235 2460 1460 2520 aliquanto

2 2583 5 2597 ι
61 2543 215 2580 vestrae
229 2533 472 2594 praesentiae
487 2534 643 2580 solatio
658 2569 669 2589 ‚
688 2533 959 2579 tolerabilius
972 2543 1015 2577 et
1029 2531 1289 2593 portabilius
1307 2531 1459 2577 redde-

109 2625 120 2641 ¹
141 2622 189 2652 Ex
205 2619 308 2662 Epist.
326 2630 402 2652 xxx.
