1790 3187
233 202 287 230 m:
320 201 508 230 mvERsm
538 200 698 237 Qt‘AEsT.
734 197 789 227 An
821 197 1078 228 suffuemn.
1114 200 1196 228 Lm.
1233 201 1264 228 1.
1362 191 1443 229 185

7 298 9 333 ἓ
70 289 90 312 »
128 269 274 323 rentis,
309 265 382 311 sed
406 266 644 310 miserentis
669 273 732 309 est
768 266 871 309 Dei¹
897 285 906 310 ι
932 284 952 307 »
980 264 1336 326 quandoquidem
1366 281 1445 311 nec

68 341 177 387 velle
195 354 278 383 nec
305 353 498 393 currere,
530 337 608 381 nisi
643 352 694 382 eo
714 347 917 382 movente
949 347 1080 398 atque
1111 337 1347 393 excitante,
1372 353 1446 397 po-

8 406 9 413 *
74 412 266 457 terimus.

125 484 214 525 22⁰.
239 480 365 534 Quod
388 480 421 523 si
446 479 598 523 electio
626 479 696 523 hic
720 479 769 524 fit
793 479 959 539 aliqua,
986 488 1034 524 ut
1062 480 1122 524 sic
1154 479 1447 539 intelligamus

66 550 183 613 quod
205 551 369 595 dictum
389 558 476 604 est,
504 569 523 591 «
550 548 762 609 Reliquiae
783 565 860 609 per
876 549 1130 595 electionem
1151 550 1298 608 gratiae
1319 550 1447 596 salvae

69 642 87 665 »
114 623 239 667 factae
259 623 407 678 sunt¹3
435 639 453 662 »
476 636 565 665 non
595 629 643 664 ut
661 621 997 681 justificatorum
1025 621 1179 666 electio
1197 621 1272 666 fiat
1295 622 1350 666 ad
1379 622 1447 666 vi-

42 694 151 738 'tam
172 701 401 746 aeternam,
437 691 511 735 sed
541 700 589 735 ut
617 690 832 750 eligantur
863 692 939 752 qui
963 691 1257 752 justificentur
1287 711 1296 737 ε
1331 701 1447 737 certe

65 765 121 808 ita
140 762 309 807 occulta
327 771 389 806 est
404 763 496 806 haec
512 762 680 817 electio,
699 771 748 806 ut
765 762 809 806 in
825 761 975 807 eadem
995 763 1300 822 conspersione
1321 764 1447 808 nobis

63 851 234 896 prorsus
256 849 461 894 apparere
490 850 577 878 non
603 835 760 893 possit,
795 843 871 878 aut
892 835 925 878 si
959 844 1137 893 apparet
1164 834 1445 894 quibusdam,

65 921 143 965 ego
165 907 209 949 in
229 906 307 949 hac
330 921 374 949 re
394 905 689 948 infirmitatem
713 919 851 948 meam
874 904 1027 949 fateor.
1053 907 1151 950 Non
1172 905 1287 948 enim
1307 904 1447 949 habeo

63 976 179 1036 quod
195 977 365 1020 intuear
382 975 426 1019 in
444 974 651 1034 eligendis
663 974 913 1019 hominibus
928 973 983 1018 ad
997 976 1177 1033 gratiam
1195 974 1444 1030 salutarem,

62 1048 95 1092 si
114 1048 166 1092 ad
181 1063 359 1092 examen
376 1048 506 1107 hujus
524 1047 745 1091 electionis
763 1046 908 1106 aliqua
927 1046 1184 1106 cogitatione
1202 1047 1445 1107 permittor,

63 1119 141 1163 nisi
159 1118 226 1164 vel
249 1120 385 1178 majus
409 1119 630 1178 ingenium
646 1154 656 1173 ,
681 1117 750 1163 vel
773 1119 941 1163 minora
959 1128 1157 1178 peccata,
1183 1117 1251 1163 vel
1274 1128 1447 1163 utrum-

61 1205 145 1250 que
170 1209 178 1234 :
203 1188 427 1244 addamus,
449 1190 601 1244 etiam,
628 1189 662 1233 si
685 1187 850 1248 placet,
883 1190 1085 1234 honestas
1114 1188 1330 1249 utilesque
1349 1188 1447 1234 doc-

65 1261 207 1305 trinas,
229 1260 431 1320 Quisquis
453 1274 553 1318 ergo
577 1259 709 1304 fuerit
730 1275 861 1320 quam
889 1260 1079 1304 minimis
1108 1261 1292 1320 peccatis
1315 1261 1448 1305 irreti-

63 1341 130 1377 tus
154 1340 284 1391 atque
316 1332 570 1387 maculatus,
597 1334 741 1388 (Nam
776 1331 906 1376 nullis
939 1332 1036 1392 quis
1057 1333 1253 1391 potest?)
1284 1340 1326 1376 et
1354 1346 1450 1376 acer

62 1403 250 1462 ingenio,
276 1411 319 1447 et
340 1402 592 1446 liberalibus
614 1403 780 1447 artibus
811 1401 1049 1462 expolitus,
1081 1402 1307 1461 eligendus
1332 1401 1449 1447 vide-

63 1483 132 1518 tur
169 1474 221 1518 ad
253 1475 449 1533 gratiam.
491 1472 575 1519 Sed
607 1490 708 1518 cum
742 1475 826 1519 hoc
857 1483 1076 1529 statuero,
1107 1475 1165 1518 ita
1192 1489 1262 1518 me
1288 1474 1450 1518 ridebit

62 1545 160 1600 ille,
199 1546 275 1606 qui
314 1546 484 1590 infirma
514 1546 668 1589 mundi
706 1545 837 1606 elegit
859 1554 908 1589 ut
941 1544 1185 1590 confundat
1221 1545 1376 1601 fortia,
1408 1554 1451 1590 et

21 1653 23 1663 ,
62 1616 191 1660 stulta
213 1616 382 1671 mundi,
412 1625 458 1660 ut
479 1615 722 1661 confundat
750 1617 979 1676 sapientes,
1005 1626 1055 1661 ut
1076 1632 1176 1660 eum
1204 1616 1377 1661 intuens
1408 1626 1451 1661 et

22 1707 23 1742 3
63 1686 229 1747 pudore
258 1696 495 1741 correctus,
529 1702 609 1746 ego
639 1687 842 1731 irrideam
877 1686 1039 1731 multos
1068 1696 1111 1732 et
1146 1702 1234 1747 prae
1272 1687 1450 1747 quibus-

62 1756 161 1802 dam
179 1758 481 1817 peccatoribus
499 1758 700 1802 castiores
717 1766 759 1802 et
774 1773 862 1817 prae
876 1756 1139 1818 quibusdam
1163 1757 1450 1818 piscatoribus

62 1837 266 1872 oratores.
295 1831 449 1874 Nonne
470 1827 735 1872 advertimus
756 1827 918 1873 multos
936 1827 1085 1873 fideles
1107 1838 1275 1873 nostros
1297 1828 1449 1873 ambu-

62 1899 198 1943 lantes
217 1899 327 1943 viam
353 1900 454 1953 Dei,
481 1915 531 1943 ex
562 1898 683 1943 nulla
717 1909 837 1959 parte
863 1899 1037 1958 ingenio
1070 1900 1331 1960 comparari,
1359 1916 1449 1944 non

24 1968 26 1976 ⁴
65 1968 202 2014 dicam
235 1969 526 2030 quorumdam
565 1970 898 2025 haereticorum,
935 1970 1010 2014 sed
1038 1970 1168 2014 etiam
1189 1971 1450 2015 mimorum?

26 2045 27 2075 ἓ
64 2043 171 2085 Item
194 2057 282 2086 non
304 2040 498 2086 videmus
531 2041 743 2102 quosdam
773 2040 971 2087 homines
1003 2042 1230 2103 utriusque
1260 2058 1384 2087 sexus
1405 2043 1449 2086 in

27 2151 28 2155 ,
64 2114 277 2173 conjugali
300 2114 494 2158 castitate
517 2114 707 2158 viventes
725 2115 815 2158 sine
832 2114 1025 2175 querela,
1052 2124 1094 2159 et
1117 2123 1261 2159 tamen
1280 2114 1349 2158 vel
1363 2115 1450 2158 hae-

27 2182 29 2188 '
66 2186 215 2230 reticos
232 2185 301 2230 vel
319 2202 525 2245 paganos,
550 2185 618 2230 vel
636 2186 766 2230 etiam
788 2188 832 2230 in
852 2202 952 2231 vera
973 2186 1059 2230 fide
1076 2196 1119 2231 et
1136 2202 1236 2231 vera
1259 2186 1449 2231 Ecclesia

64 2257 121 2301 sic
154 2257 343 2316 tepidos,
380 2267 428 2302 ut
457 2273 528 2302 eos
560 2258 768 2302 miremur
804 2259 1078 2303 meretricum
1113 2267 1155 2302 et
1189 2258 1448 2303 histrionum

65 2328 203 2372 subito
225 2344 551 2384 conversorum,
576 2345 664 2373 non
687 2329 826 2374 solum
852 2330 1059 2389 patientia
1077 2338 1119 2374 et
1142 2330 1444 2390 temperantia,

64 2400 137 2444 sed
154 2401 279 2444 etiam
304 2400 404 2456 fide,
425 2416 515 2461 spe,
548 2402 758 2446 charitate
777 2402 999 2462 superari?
1017 2405 1165 2446 Restat
1187 2416 1288 2460 ergo
1311 2410 1360 2446 ut
1378 2418 1445 2447 vo-

66 2471 248 2515 luntates
270 2471 501 2531 eligantur.
525 2472 609 2517 Sed
625 2473 947 2533 voluntasipsa,
966 2472 1045 2518 nisi
1064 2472 1227 2533 aliquid
1251 2488 1447 2518 occurre-

116 2549 121 2564 “
146 2548 233 2577 Rom.
257 2546 404 2583 x1‚5.—
426 2553 437 2568 2
469 2558 477 2578 1
505 2549 574 2578 Cor.
602 2559 624 2585 ι,
644 2556 697 2589 2¹5.
