1790 3187
279 243 303 283 4
703 250 734 272 s.
771 239 997 269 ,mensum
1032 234 1203 262 EPtSCOP!

277 327 421 365 autem
452 318 561 359 Deus
596 309 713 356 omni
747 306 919 351 homine
956 301 1146 361 sapiente
1180 292 1461 356 praestantior.
1502 286 1640 332 Multo

278 390 418 435 minus
435 385 562 444 igitur
585 389 757 426 auctore
778 377 826 421 fit
845 376 976 419 homo
998 369 1196 415 deterior.
1233 365 1371 410 Multo
1393 360 1508 405 enim
1527 372 1641 418 prae-

278 457 456 505 stantior
492 453 567 499 Dei
588 450 813 501 voluntas,
851 458 981 505 quam
1010 438 1194 485 hominis
1218 433 1417 495 sapientis
1449 438 1526 475 est.
1562 426 1644 471 Illo

281 538 425 575 autern
442 534 615 570 auctore
636 534 733 566 cum
756 515 913 561 dicitur
931 548 942 567 ,
972 511 1046 556 illo
1063 508 1233 555 volente
1254 504 1425 549 dicitur.
1446 503 1524 545 Est
1544 512 1646 556 ergo

280 601 434 647 vitium
461 593 694 643 voluntatis
716 604 803 649 quo
823 594 886 631 est
914 585 1047 629 horno
1065 578 1275 624 deterior:
1299 572 1418 635 quod
1438 569 1592 616 vitium
1614 566 1648 610 si

280 672 410 730 longe
426 668 546 713 abest
563 682 587 710 a
600 662 678 710 Dei
694 659 935 712 voluntate,
952 663 1002 699 ut
1015 652 1123 698 ratio
1138 646 1336 703 docet3in
1353 659 1440 705 quo
1461 643 1514 687 sit
1535 654 1648 700 quae-

282 740 466 787 rendum
492 746 570 782 est.

338 815 535 866 QUAEsmo
559 808 634 852 IV.
651 832 707 839 —
724 805 780 848 Ut
797 801 850 846 sit
871 800 1004 843 homo
1029 792 1213 839 deterior
1235 796 1310 833 aut
1337 787 1382 831 in
1405 784 1497 844 ipso
1526 794 1652 826 causa

284 893 363 940 est,
387 891 462 927 aut
483 881 529 924 in
555 878 638 924 alio
667 875 811 935 aliquo
833 907 844 928 ,
869 878 946 915 aut
965 868 1012 912 in
1032 863 1182 910 nihilo.
1212 860 1255 906 Si
1275 859 1321 903 in
1343 855 1478 901 nihilo
1497 889 1508 910 ,
1533 850 1653 896 nulla

286 971 411 1002 causa
432 963 508 998 est.
537 954 626 996 Aut
651 948 685 993 si
709 947 768 990 ita
789 941 996 1001 accipitur
1026 938 1072 981 in
1103 931 1238 979 nihilo
1254 966 1265 986 ‚
1294 928 1413 990 quod
1439 928 1571 971 homo
1605 938 1655 967 ex

287 1026 422 1072 nihilo
444 1024 582 1069 factus
599 1029 684 1075 est,
709 1016 779 1063 vel
793 1031 842 1059 ex
857 1013 906 1057 iis
921 1026 1019 1072 quae
1037 1024 1087 1052 ex
1103 1004 1237 1050 nihilo
1265 1000 1377 1046 facta
1393 1006 1495 1043 sunt
1519 1017 1530 1055 3
1561 1009 1655 1039 rur-

289 1114 384 1143 sum
414 1097 568 1155 inipso
584 1092 664 1137 erit
679 1104 821 1143 causa,
848 1083 968 1146 quod
990 1082 1079 1141 ejus
1104 1075 1224 1137 quasi
1246 1071 1443 1118 materies
1463 1077 1526 1112 est
1547 1065 1659 1110 nihi-

289 1169 396 1214 lum.
424 1167 467 1212 Si
480 1167 525 1210 in
547 1163 629 1209 alio
647 1160 807 1220 aliquo,
835 1165 981 1201 utrum
1009 1152 1054 1195 in
1074 1153 1184 1202 Deo,
1217 1160 1270 1190 an
1299 1144 1344 1187 in
1365 1138 1562 1202 quolibet
1579 1135 1661 1180 alio

292 1238 468 1284 homine
485 1257 496 1293 3
516 1250 570 1278 an
591 1235 636 1277 in
658 1247 708 1275 eo
730 1227 849 1289 quod
867 1238 1009 1283 neque
1030 1224 1159 1274 Deus,
1181 1229 1322 1275 neque
1341 1213 1472 1257 homo
1490 1208 1556 1253 sit.
1581 1204 1664 1252 Sed

294 1325 381 1355 non
404 1308 450 1351 in
477 1309 568 1350 Deo
593 1324 604 1362 3
636 1303 851 1346 bonorum
890 1295 1004 1339 enim
1034 1295 1148 1336 Deus
1167 1301 1293 1332 causa
1314 1292 1390 1328 est.
1427 1282 1468 1326 Si
1496 1294 1595 1337 ergo
1620 1277 1666 1321 vin

295 1379 493 1432 homine,
519 1383 593 1420 aut
620 1373 687 1428 vi,
713 1378 788 1414 aut
810 1365 1019 1413 suasione.
1049 1360 1132 1407 Sed
1159 1359 1201 1403 vi
1222 1354 1345 1402 nullo
1367 1351 1519 1404 modo,
1540 1364 1595 1392 ne
1616 1347 1669 1392 sit

295 1454 409 1495 Deus
421 1446 645 1494 valentior.
670 1442 712 1488 Si
729 1439 905 1501 quidem
928 1439 1041 1482 Deus
1058 1432 1116 1476 ita
1132 1429 1290 1489 optime
1306 1423 1527 1470 hominem
1544 1418 1664 1473 fecit,

296 1532 346 1567 ut
370 1522 405 1566 si
421 1518 551 1565 vellet
568 1529 741 1562 manere
755 1511 961 1572 optimus,
986 1502 1107 1549 nullo
1130 1499 1350 1545 resistente
1367 1491 1665 1553 impediretur.

302 1593 505 1640 Suasione
527 1598 672 1634 autem
691 1583 863 1630 alterius
878 1576 1064 1625 hominis
1087 1574 1120 1619 si
1149 1568 1424 1617 concedimus
1449 1562 1672 1608 hominem

302 1662 527 1724 depravari
556 1682 568 1720 3
600 1671 770 1704 rursum
803 1648 1087 1714 quaerendum
1109 1644 1208 1697 erit,
1242 1654 1389 1686 suasor
1425 1637 1514 1695 ipse
1541 1651 1564 1678 a
1586 1646 1673 1692 quo

303 1736 559 1796 depravatus
587 1732 655 1776 sit.
688 1731 786 1775 Non
807 1725 921 1769 enim
948 1727 1089 1781 potest
1113 1729 1270 1776 pravus
1291 1726 1380 1755 non
1402 1724 1490 1753 esse
1524 1704 1675 1751 talium

304 1821 466 1852 suasor.
493 1807 641 1848 Restat
670 1797 813 1844 nescio
851 1791 957 1853 quid
981 1826 992 1846 ,
1017 1785 1137 1849 quod
1159 1800 1238 1829 nec
1258 1786 1372 1827 Deus
1393 1815 1404 1836 ,
1429 1794 1509 1823 nec
1542 1777 1676 1820 homo

305 1878 359 1923 sit
380 1897 391 1934 3
422 1873 497 1920 sed
531 1883 679 1917 tamen
709 1870 792 1913 hoc
825 1859 1040 1925 quidquid
1060 1867 1123 1903 est
1143 1892 1153 1911 ,
1179 1864 1254 1899 aut
1275 1853 1363 1898 vim
1389 1848 1538 1894 intulit
1557 1881 1568 1902 ,
1605 1853 1680 1889 aut

307 1946 452 1993 suasit.
477 1948 538 1989 De
558 1943 600 1987 vi
625 1942 709 1985 hoc
743 1932 1028 1996 respondetur
1058 1926 1177 1989 quod
1205 1939 1330 1984 supra
1357 1943 1368 1980 3
1403 1920 1458 1964 de
1485 1917 1679 1962 suasione

309 2028 453 2065 autem
473 2011 690 2076 quidquid
716 2019 800 2064 est,
836 2005 937 2066 quia
955 2001 1094 2048 suasio
1118 2013 1206 2043 non
1233 1994 1348 2053 cogit
1378 1990 1563 2036 invitum
1582 2023 1592 2043 ‚
1626 1984 1680 2031 ad

309 2088 502 2151 ejusdem
542 2082 727 2130 hominis
769 2078 1038 2125 voluntatem
1075 2084 1201 2116 causa
1233 2061 1550 2126 depravationis
1591 2058 1682 2117 ejus

308 2160 437 2215 redit,
463 2159 549 2203 sive
570 2155 732 2215 aliquo,
764 2151 852 2196 sive
873 2145 995 2192 nullo
1012 2142 1220 2189 suadente
1241 2137 1498 2196 depravatus
1522 2131 1590 2175 sit.

365 2234 561 2285 QuAEsmo
579 2229 633 2271 V.
663 2252 715 2259 —-
739 2218 910 2268 Animal
923 2216 1042 2278 quod
1063 2222 1177 2259 caret
1198 2210 1379 2261 ratione,
1405 2212 1522 2250 caret
1544 2200 1681 2246 scien-

310 2304 385 2348 tia.
423 2300 603 2347 Nullum
632 2305 776 2342 autem
804 2289 962 2337 animal
994 2285 1112 2348 quod
1143 2280 1316 2328 scientia
1348 2286 1479 2331 caret,
1508 2275 1685 2318 beatum

311 2388 400 2418 esse
420 2379 575 2432 potest.
606 2371 704 2414 Non
723 2366 854 2425 igitur
873 2358 988 2407 cadit
1010 2359 1055 2402 in
1077 2352 1275 2401 animalia
1298 2348 1473 2394 rationis
1499 2341 1684 2403 expertia

308 2453 359 2491 ut
378 2445 506 2489 beata
520 2442 621 2486 sint.

367 2517 563 2569 Qufflsno
584 2512 661 2556 VI.
675 2508 879 2553 -Omne
899 2500 1020 2564 quod
1037 2507 1116 2554 est,
1136 2504 1210 2541 aut
1224 2501 1288 2539 est
1309 2500 1588 2549 corporeum,
1614 2490 1688 2527 aut

311 2587 627 2645 incorporeum.
654 2581 922 2640 Corporeum
959 2568 1175 2624 sensibili,
1203 2565 1504 2623 incorporeum
1542 2562 1685 2600 autem
