1790 3187
677 284 869 311 εΡιετοιΑ
904 286 994 310 mu.
1434 273 1514 312 485

150 351 307 408 Optato
326 348 586 393 Gildoniano
606 350 870 407 susciperent
896 350 1012 405 (42),
1037 363 1135 392 cum
1158 349 1374 403 omnibus,
1409 365 1518 408 quos

150 421 341 464 damnati
359 430 473 464 extra
495 421 828 479 baptizaverant.
851 420 976 472 Quod
991 421 1022 463 si
1042 421 1096 463 ab
1113 419 1185 472 eis,
1206 435 1314 480 quos
1330 435 1403 464 ore
1424 436 1520 477 pro-

152 491 242 549 prio
270 502 474 550 tanquam
503 490 744 544 sceleratos,
777 500 820 533 et
845 489 1070 550 sacrilegos
1106 490 1446 544 damnaverunt,
1479 501 1521 535 et

149 577 256 621 quos
289 560 371 605 illis
412 562 559 621 primis
583 561 890 615 schismaticis,
924 578 1032 621 quos
1060 562 1176 605 vivos
1209 571 1320 605 terra
1352 562 1518 617 obruit,

149 641 476 690 compararunt,
500 648 585 676 non
610 632 904 684 maculamur,
925 649 1023 676 cum
1048 633 1106 676 eis
1128 648 1272 676 rursus
1293 633 1336 676 in
1359 633 1523 677 honore

148 718 225 747 suo
252 704 429 763 receptis
458 705 800 748 communicant:
824 704 1027 761 evigilent
1055 704 1310 764 aliquando,
1335 704 1526 763 cogitent

147 783 307 834 quanta
331 775 522 819 caecitate
543 786 585 819 et
606 786 764 835 quanta
784 776 946 819 insania
970 775 1130 829 dicant,
1151 776 1298 820 orbem
1317 785 1524 819 terrarum

147 845 300 903 ignotis
324 845 526 890 Afrorum
550 847 803 892 criminibus
826 864 914 892 esse
936 849 1215 902 maculatum,
1234 859 1275 892 et
1297 849 1527 892 hae1·edita-

149 926 232 960 tem
258 918 431 970 Christi,
454 935 551 977 quae
575 920 776 978 promissa
800 919 988 963 exhibita
1011 930 1074 964 est
1093 919 1136 963 in
1160 919 1362 963 omnibus
1386 919 1529 977 genti—

150 989 244 1042 bus,
270 990 453 1047 peccatis
476 989 678 1033 Afrorum
704 1005 779 1048 per
797 990 1099 1047 contagionem
1126 989 1530 1034 communicationis

143 1058 274 1103 fuisse
303 1060 487 1103 deletam
512 1080 520 1103 z
556 1061 733 1120 quando
764 1076 806 1105 se
834 1061 991 1105 nolunt
1025 1061 1189 1105 deletos
1217 1071 1260 1105 et
1294 1060 1531 1105 maculatos

145 1129 302 1185 videri,
335 1131 438 1174 dum
469 1133 528 1175 eis
550 1133 896 1187 communicant,
929 1148 1118 1192 quorum
1150 1133 1329 1177 crimina
1361 1132 1533 1191 cognita

140 1202 407 1262 judicarunt.

204 1277 302 1318 VII.
339 1277 612 1334 Quapropter
643 1291 743 1320 cum
781 1275 942 1320 Paulus
969 1277 1190 1335 apostolus
1220 1277 1377 1320 iterum
1401 1275 1531 1331 dicat,

143 1347 244 1406 quia
261 1346 350 1406 ipse
375 1349 549 1392 Satanas
571 1348 846 1406 transfigurat
864 1363 908 1391 se
930 1348 975 1391 in
996 1347 1199 1406 angelum
1222 1348 1352 1393 lucis¹
1381 1367 1389 1392 :
1415 1347 1533 1392 unde

143 1433 231 1461 non
263 1433 352 1462 esse
390 1419 547 1462 mirum
567 1454 578 1473 ,
612 1420 646 1463 si
675 1420 855 1463 ministri
886 1421 978 1480 ejus
1010 1420 1320 1479 transfigurant
1350 1434 1394 1464 se
1422 1419 1536 1464 sicut

144 1488 360 1533 ministros
375 1490 554 1550 justitiae
573 1510 581 1534 2
603 1491 637 1534 si
660 1506 759 1534 vere
774 1491 852 1534 iste
867 1490 1054 1550 aliquem
1078 1491 1281 1549 angelum
1299 1490 1408 1534 vidit
1423 1505 1535 1533 erro·

143 1560 198 1603 ris
227 1562 446 1616 nuntium,
474 1571 517 1605 et
541 1564 595 1606 de
623 1563 788 1606 unitate
811 1561 1022 1606 catholica
1051 1562 1316 1606 Christianos
1339 1575 1535 1621 separare

142 1633 407 1691 cupientem,
429 1633 517 1692 ipse
540 1648 687 1692 passus
710 1642 773 1676 est
802 1633 1005 1692 angelum
1032 1635 1201 1678 Satanae
1222 1632 1534 1691 transfiguran-

142 1712 228 1746 tem
256 1719 299 1746 se
324 1703 444 1748 velut
466 1703 669 1762 angelum
695 1703 818 1747 lucis.
849 1705 890 1748 Si
920 1713 1064 1747 autem
1099 1704 1333 1758 mentitur,
1360 1713 1402 1747 et
1423 1702 1534 1746 nihil

143 1773 229 1819 tale
246 1775 370 1828 vidit,
391 1776 480 1834 ipse
503 1786 566 1819 est
587 1775 780 1819 minister
805 1777 991 1830 Satanae,
1017 1776 1326 1834 transfigurans
1346 1790 1390 1818 se
1411 1774 1534 1818 velut

143 1845 390 1890 ministrum
419 1846 614 1907 justitiae.
641 1849 697 1890 Et
720 1856 865 1890 tamen
893 1846 972 1890 ista
1006 1847 1151 1890 omnia
1180 1844 1473 1900 considerans,
1500 1844 1534 1888 si

140 1917 327 1961 nimium
364 1934 590 1978 perversus
612 1929 655 1963 et
676 1919 873 1978 pertinax
905 1933 994 1962 esse
1028 1917 1234 1972 noluerit,
1274 1917 1435 1977 poterit
1476 1917 1531 1960 ab

142 1989 261 2032 omni
278 1989 345 2033 vel
370 1989 508 2034 aliena
528 1990 594 2033 vel
618 2006 693 2034 sua
716 1990 980 2034 deductione
1001 1989 1189 2033 liberari.
1216 1992 1301 2034 Nos
1319 1989 1433 2032 enim
1455 2003 1533 2047 per

141 2061 408 2105 occasionem
429 2071 548 2105 tuam
571 2063 662 2105 sine
684 2062 831 2121 aliquo
854 2062 954 2106 odio
984 2062 1282 2114 convenimus,
1313 2061 1395 2104 hoc
1415 2060 1529 2102 circa

141 2145 242 2173 eum
279 2144 497 2177 servantes
533 2133 654 2192 quod
683 2134 915 2193 Apostolus
949 2133 1055 2177 dicit
1081 2153 1091 2189 3
1121 2151 1137 2171 «
1175 2134 1354 2176 Servum
1384 2139 1530 2173 autem

145 2221 164 2244 »
186 2204 357 2247 Domini
375 2204 542 2262 litigare
560 2221 649 2249 non
671 2214 864 2264 oportet:
891 2204 965 2247 sed
993 2204 1141 2247 mitem
1166 2218 1254 2246 esse
1280 2202 1335 2245 ad
1362 2216 1528 2255 omnm,

145 2293 164 2315 »
185 2274 434 2330 docibilem,
462 2277 715 2336 patientem,
741 2278 783 2321 in
812 2276 1021 2319 modestia
1043 2274 1346 2334 corripientem
1365 2272 1530 2317 diversa

146 2363 165 2385 »
184 2346 418 2391 sentientes
439 2367 450 2404 3
473 2363 528 2390 ne
551 2347 661 2391 forte
682 2347 756 2391 det
784 2346 868 2390 illis
886 2349 998 2390 Deus
1018 2345 1321 2405 poenitentiam
1347 2343 1398 2387 ad
1426 2358 1531 2402 cog-

145 2435 165 2457 »
186 2419 451 2462 noscendam
473 2420 715 2473 veritatem,
739 2429 782 2463 et
808 2419 1057 2477 resipiscant
1076 2417 1130 2460 de
1160 2416 1322 2461 diaboli
1348 2415 1527 2475 laqueis,

148 2490 388 2546 »captivati
409 2491 464 2533 ab
496 2492 586 2548 ipso
618 2491 662 2534 in
690 2491 822 2549 ipsius
849 2490 1120 2534 voluntatem
1135 2491 1166 2530 2.
1196 2507 1214 2529 υ
1243 2488 1284 2532 Si
1314 2502 1417 2545 ergo
1446 2484 1527 2528 ali-

144 2557 251 2616 quid
274 2574 420 2617 aspere
450 2561 650 2615 diximus,
676 2577 765 2605 non
797 2560 852 2605 ad
881 2559 1215 2604 amaritudinem
1239 2556 1526 2609 dissensionis,

196 2650 200 2663 ¹
225 2653 243 2674 2
261 2645 332 2676 Cor.
353 2657 398 2679 xi.
426 2645 473 2687 14.
488 2655 551 2668 ——2
573 2656 591 2677 ‘2
610 2647 677 2677 Tim
713 2659 749 2682 ir,
770 2646 822 2686 24.
