1790 3187
273 188 326 216 nn
358 187 546 215 mvnsxs
578 185 734 221 QtfAEs'r.
770 185 919 213 ocroo.
954 186 1117 212 Tamis.
1308 174 1387 212 103

13 266 76 305 est
93 276 103 304 ε
123 267 370 316 quanquam
393 250 658 312 apertissime
684 259 890 309 sequatur
913 258 956 294 et
970 247 1102 303 dicat,
1132 249 1390 302 «Quoniam

17 347 39 370 »
61 327 236 388 quidem
253 338 327 383 per
345 322 563 366 hominem
582 335 712 372 mors,
733 328 777 363 et
796 334 872 378 per
893 320 1115 364 hominem
1137 319 1393 364 resurrectio

17 417 40 443 »ι
59 406 342 446 mortuorum.
371 393 487 438 Sicut
510 391 624 435 enim
654 390 698 434 in
723 390 860 434 Adam
879 406 1028 437 omnes
1046 390 1310 445 moriuntur,
1335 391 1395 435 sic

17 488 39 512 n
61 478 104 513 et
123 468 168 513 in
190 466 360 512 Christo
381 478 528 510 omnes
551 461 898 506 vivificabuntur.
922 461 1228 522 Unusquisque
1247 471 1394 506 autem

18 540 106 585 »in
145 554 224 584 suo
257 537 408 582 ordine
440 555 449 580 :
481 534 655 578 initium
682 533 907 591 Christus;
936 532 1094 578 deinde
1125 533 1155 576 ii
1185 534 1261 592 qui
1294 542 1397 578 sunt

17 631 38 656 »
61 609 249 664 Christi,
274 609 343 652 in¹
368 606 592 666 praesentia
615 606 730 665 ejus;
755 604 914 649 deinde
938 606 1060 659 finis,
1084 619 1182 649 cum
1207 604 1398 649 tradide-

16 700 37 725 »
61 682 116 727 rit
138 695 317 738 regnum
341 681 430 723 Deo
451 686 492 721 et
519 676 648 731 Patri,
668 691 767 720 cum
791 676 1062 722 evacuaverit
1080 691 1254 720 omnem
1273 676 1391 735 prin-

17 773 36 795 »
60 752 249 812 cipatum
282 759 326 795 et
351 764 525 795 omnem
565 756 844 808 postestatem
878 755 920 791 et
957 748 1178 793 virtutem.
1215 748 1399 806 Oportet

17 841 37 865 »
65 823 184 867 enim
205 820 329 866 illum
353 834 556 878 regnare,
582 818 721 862 donec
744 827 877 878 ponat
906 833 1055 862 omnes
1085 816 1281 862 inimicos
1303 832 1402 861 suos

15 911 36 934 »
61 893 144 938 sub
173 891 357 951 pedibus
386 890 486 934 suis.
515 890 750 935 Novissima
787 888 959 932 inimica
988 887 1235 932 destruetur
1262 901 1393 932 mors.

15 981 35 1006 »
59 962 214 1006 Omnia
227 962 341 1005 enim
360 960 540 1020 subjecit
556 960 638 1004 sub
654 959 836 1019 pedibus
853 960 957 1019 ejus.
985 960 1097 1003 Cum
1115 967 1260 1002 autem
1283 957 1400 1001 dixe-

14 1051 35 1075 »
61 1033 131 1087 rit,
168 1031 285 1092 quod
318 1031 461 1075 omnia
499 1031 693 1091 subjecta
733 1040 851 1085 sunt,
887 1028 1165 1074 manifestum
1204 1038 1266 1072 est
1297 1030 1400 1088 quia

15 1121 36 1147 »
60 1112 215 1163 praeter
239 1117 336 1146 eum
358 1102 432 1162 qui
456 1102 640 1162 subjecit
668 1101 730 1145 illi
751 1102 910 1145 onmia.
938 1103 1049 1146 Cum
1074 1110 1218 1144 autem
1244 1101 1281 1144 ei
1303 1115 1399 1144 om-

15 1192 35 1216 »
62 1173 131 1217 nia
164 1173 358 1232 subjecta
380 1171 566 1227 fuerint,
602 1181 707 1216 tunc
729 1181 771 1215 et
806 1172 896 1229 ipse
925 1171 1060 1215 Filius
1083 1171 1301 1230 subjectus
1319 1171 1399 1214 erit

18 1264 38 1287 υ
64 1245 119 1299 ei,
140 1245 216 1304 qui
244 1244 306 1288 illi
331 1244 516 1304 subjecit
538 1245 706 1298 omnia,
730 1253 777 1287 ut
800 1243 852 1287 sit
875 1245 990 1286 Deus
1015 1243 1157 1286 omnia
1186 1243 1230 1285 in
1254 1242 1398 1286 omni-

18 1336 34 1357 »
66 1315 186 1359 hus2.
203 1314 517 1360 »Manifestum
534 1324 597 1359 est
609 1330 712 1373 ergo
726 1314 809 1358 hoc
823 1311 1063 1358 secundum
1081 1313 1397 1371 susceptionem

10 1385 198 1430 hominis
220 1385 401 1429 dictum.

73 1457 134 1498 3⁰.
162 1455 244 1499 Sed
265 1455 346 1498 alia
370 1456 412 1498 in
438 1455 521 1499 hoc
551 1453 758 1513 capitulo,
783 1455 906 1514 cujus
926 1462 1068 1498 toturn
1086 1461 1251 1496 textum
1275 1466 1399 1497 com—

11 1527 268 1580 memoravi,
301 1525 440 1570 solent
468 1526 628 1570 habere
650 1526 937 1585 quaestionem
968 1544 975 1568 :
1006 1525 1145 1583 primo
1163 1522 1283 1583 quod
1308 1522 1399 1567 dic-

12 1605 104 1642 tum
122 1606 200 1650 est,
230 1615 248 1638 «
275 1598 385 1642 Cum
410 1595 635 1640 tradiderit
660 1611 840 1653 regnum
868 1599 955 1639 Deo
977 1604 1020 1639 et
1045 1595 1183 1639 Patri3
1205 1614 1213 1639 2
1239 1593 1399 1654 »quasi

11 1683 127 1712 nunc
149 1683 237 1712 non
260 1677 404 1713 teneat
428 1683 606 1725 regnum
627 1671 765 1711 Pater.
798 1667 962 1710 Deinde
984 1665 1105 1726 quod
1125 1666 1292 1710 dictum
1315 1675 1395 1720 est,

15 1757 35 1781 «
59 1739 241 1798 Oportet
260 1738 374 1782 enim
396 1737 520 1781 illum
543 1753 738 1796 regnare,
765 1737 905 1781 donec
929 1746 1062 1796 ponat
1084 1752 1233 1780 omnes
1252 1735 1398 1779 inimi-

13 1827 34 1851 »
59 1824 130 1854 cos
147 1824 246 1854 suos
267 1810 348 1852 sub
369 1808 553 1868 pedibus
574 1809 660 1852 suis
675 1811 690 1834 ⁴
711 1828 719 1853 ε
741 1809 863 1868 quasi
887 1818 1032 1867 postea
1051 1823 1139 1851 non
1163 1808 1217 1852 sit
1239 1823 1396 1865 regna-

14 1889 159 1933 turus,
184 1889 227 1924 et
254 1879 308 1924 ad
331 1880 413 1924 hoc
427 1879 566 1923 valeat
590 1879 709 1940 quod
734 1895 862 1938 supra
886 1879 1051 1925 dictum
1078 1889 1156 1933 est,
1184 1898 1203 1921 «
1231 1879 1398 1923 Deinde

16 1970 36 1994 »
68 1951 178 1996 finis.
208 1969 228 1992 »
258 1951 386 2004 Quod
413 1951 616 2010 sacrilega
650 1951 855 2010 opinione
888 1952 945 1995 sic
991 1951 1238 2010 accipiunt,
1274 1967 1398 2010 qua81

14 2022 142 2066 finem
166 2022 320 2066 dixerit
342 2023 760 2067 consummationem
780 2023 901 2081 regni
920 2024 1013 2083 ejus
1035 2042 1043 2067 :
1065 2038 1164 2066 cum
1188 2022 1397 2082 scriptum

13 2094 123 2138 sitin
137 2094 390 2153 Evangelio,
417 2114 437 2136 α
458 2097 512 2138 Et
530 2094 651 2153 regni
665 2095 756 2154 ejus
780 2110 869 2138 non
889 2095 969 2138 erit
991 2094 1124 2138 finis⁵.
1140 2097 1398 2138 »Postremo

13 2164 131 2226 quod
148 2166 311 2210 dictum
326 2174 409 2219 est,
430 2167 578 2210 «Cum
599 2175 742 2209 autem
767 2166 805 2209 ei
828 2167 970 2210 omnia
994 2166 1188 2225 subjecta
1214 2164 1394 2221 suerint,

16 2255 37 2278 »
56 2245 161 2282 tunc
188 2246 230 2280 et
256 2237 346 2296 ipse
373 2236 507 2280 Filius
540 2237 761 2297 subjectus
797 2239 877 2282 erit
907 2238 945 2281 ei
977 2240 1052 2298 qui
1089 2237 1273 2297 subjecit
1303 2253 1398 2281 om-

18 2327 38 2351 »
62 2309 130 2353 nia
159 2328 167 2353 ;
195 2309 254 2353 sic
289 2310 442 2353 volunt
465 2309 662 2367 intelligi,
688 2310 810 2369 quasi
838 2326 956 2354 nunc
987 2320 1062 2354 aut
1086 2308 1250 2370 aliquid
1284 2308 1396 2353 Filio

15 2395 101 2425 non
123 2381 176 2425 sit
191 2381 450 2441 subjectum,
480 2391 556 2426 aut
580 2383 695 2427 Patri
716 2397 804 2426 non
827 2381 879 2425 sit
898 2382 987 2440 ipse
1008 2380 1242 2440 subjectus.

63 2489 71 2507 ¹
102 2482 275 2525 Παρουσία..
294 2499 332 2505 —
348 2491 358 2504 ²
388 2494 398 2514 1
424 2486 495 2516 Cor.
519 2495 580 2522 xv,
610 2493 648 2516 21
680 2489 713 2516 et
731 2494 819 2526 seqq.
837 2502 876 2508 —
893 2482 905 2505 3
929 2495 940 2515 1
963 2486 1035 2516 Cor.
1067 2494 1121 2522 xv,
1153 2483 1207 2524 9,,4.
1226 2498 1266 2505 -—
1282 2480 1297 2511 4
1317 2481 1397 2512 Vide

15 2540 70 2574 lib.
97 2543 136 2575 de
152 2543 250 2576 Trint.
271 2554 342 2586 cap.
362 2546 381 2576 8
402 2549 435 2576 et
460 2556 506 2577 io.
522 2562 562 2568 —
580 2545 592 2566 ⁵
615 2547 691 2577 Luc.
714 2557 735 2585 ι,
757 2546 809 2576 33.
