1790 3187
580 192 774 218 EPISTOLA
814 192 919 218 xvn.
1369 177 1452 216 293

71 260 176 303 Nam
199 258 232 301 si
253 258 329 301 tibi
355 258 587 301 auctoritas
610 257 798 300 Maronis
821 256 978 315 placet,
1006 257 1115 299 sicut
1138 254 1307 313 placere
1322 254 1454 311 signi-

3 324 7 332 '
69 327 185 383 ficas,
211 327 406 388 profecto
429 328 557 372 etiarn
574 326 684 372 illud
699 327 857 386 placet,

288 504 383 535 Arma
403 504 490 535 Jovis
507 504 561 544 sug
565 503 644 543 iens,
661 507 694 535 et
716 503 818 545 regnis
836 503 1117 545 exuladem1›tis¹.

0 468 7 482 ,ψ
34 393 39 505 ξ
288 446 407 479 Primus
423 446 464 479 ab
478 447 619 480 aethcreo
632 448 722 480 venit
735 448 887 479 Saturnus
904 446 1052 489 Olympo,

0 530 38 560 ·5

0 742 6 781 5

0 886 7 915 l

0 591 17 695 5

0 679 17 719 l

0 562 37 648 5
68 605 122 648 Et
148 612 320 658 caetera,
349 604 511 664 quibus
533 619 633 648 eum
663 613 795 665 atque
823 604 1128 683 hujuscemodi
1160 602 1263 648 deos
1292 612 1456 648 vestros

66 672 159 718 vult
190 674 374 733 intelligi
402 675 598 720 homines
632 674 778 720 fuisse.
804 678 987 735 Legerat
1016 675 1133 719 enim
1165 673 1239 718 ille
1269 672 1452 718 multam

10 763 14 788 z
64 743 286 789 historiam
334 755 497 789 vetusta
535 747 794 790 auctoritate
835 747 1113 799 roboratam,
1151 759 1284 805 quam
1323 745 1452 788 etiam

0 814 15 859 ¹:
66 814 232 860 Tullius
255 816 434 875 legerat,
455 817 530 876 qui
554 818 637 861 hoc
656 817 770 861 idem
794 818 838 860 in
871 816 1052 874 dialogis
1077 815 1173 874 plus
1202 830 1335 875 quam
1361 828 1453 872 pos-

64 886 204 930 tulare
218 889 476 932 auderemus
499 896 827 938 commemorat,
847 897 890 930 et
905 888 1142 946 perducere
1164 886 1207 928 in
1227 884 1456 929 hominum

64 957 277 1011 notitiam,
298 968 511 1017 quantum
534 958 605 1001 illa
628 969 822 1017 tempora
846 958 1141 1016 patiebantur,
1167 955 1362 1000 molitur.

30 1049 33 1089 5
122 1029 196 1071 IV.
224 1029 352 1081 Quod
372 1039 516 1073 autem
541 1030 662 1081 dicis,
700 1045 751 1073 eo
768 1030 922 1073 nostris
944 1038 1080 1072 vestra
1105 1042 1220 1072 sacra
1241 1027 1455 1087 praeponi,

29 1103 33 1172 5
63 1098 180 1159 quod
195 1115 268 1144 vos
288 1100 462 1160 publice
479 1100 618 1145 colitis
636 1101 756 1155 deos,
771 1116 849 1144 nos
866 1109 1009 1144 autem
1026 1099 1330 1144 secretioribus
1350 1114 1457 1142 con-

0 1177 32 1251 5
64 1170 288 1214 venticulis
312 1172 478 1215 utimur
511 1191 519 1215 :
549 1172 686 1230 primo
711 1171 821 1215 illud
846 1171 922 1215 abs
957 1180 998 1215 te
1021 1187 1196 1231 quaero,
1232 1167 1456 1230 quomodo

1 1361 6 1368 ,
62 1313 196 1358 oculis
213 1315 579 1358 committendum
601 1315 775 1373 putatis.
804 1314 1028 1358 Deindetu
1052 1315 1143 1373 ipse
1160 1313 1329 1373 judicas
1349 1311 1456 1356 nihil

0 1430 6 1439 .
61 1382 175 1428 aliud
195 1394 235 1427 te
253 1400 380 1443 agere
392 1384 594 1439 voluisse,
612 1401 710 1430 cum
729 1384 949 1444 publicam
967 1400 1185 1428 sacrorum
1211 1394 1453 1427 vestrorum

2 1273 31 1508 5
62 1240 221 1286 oblitus
247 1243 301 1286 sis
333 1242 540 1286 Liberum
568 1243 715 1297 illum,
754 1258 884 1303 quem
916 1258 1156 1302 paucorum
1192 1250 1458 1286 sacratorum

0 1493 1 1512 5

60 1454 393 1499 celebrationem
419 1472 798 1510 commemorares,
819 1453 899 1499 nisi
924 1466 971 1499 ut
992 1456 1114 1499 nobis
1136 1454 1392 1498 decuriones
1411 1463 1453 1498 ct

3 1513 29 1592 53
60 1525 259 1585 primates
288 1526 470 1570 civitatis
493 1543 568 1586 per
594 1526 757 1587 plateas
789 1536 942 1571 vestrae
967 1527 1086 1571 urbis
1119 1526 1379 1570 bacchantes
1405 1541 1454 1570 ac

0 1595 28 1660 53
63 1594 267 1650 furentes,
294 1608 393 1641 ante
411 1597 560 1642 oculos
582 1599 702 1658 quasi
720 1598 964 1657 spectacula
985 1613 1273 1657 poneremus:
1300 1597 1343 1640 in
1367 1612 1452 1656 qua

0 1706 6 1734 5
60 1666 322 1722 celebritate,
344 1668 377 1712 si
417 1670 599 1712 numine
638 1669 960 1721 inhabitamini,
985 1679 1101 1711 certe
1133 1668 1290 1711 videtis
1324 1665 1454 1727 quale

0 1777 6 1805 f

59 1737 166 1782 illud
188 1749 257 1792 stt,
281 1738 398 1798 quod
421 1739 574 1783 adimit
591 1749 798 1783 mentem.
815 1740 856 1783 Si
875 1749 1019 1783 autem
1038 1739 1214 1797 fingitis,
1233 1755 1331 1797 quse,
1349 1747 1449 1782 sunt

0 1834 26 1943 55
57 1808 134 1853 ista
159 1810 286 1854 etiam
310 1811 353 1854 in
376 1809 553 1869 publico
574 1821 712 1854 vestra
734 1821 893 1855 secreta
908 1846 918 1865 ,
947 1810 1014 1854 vel
1034 1827 1122 1870 quo
1145 1811 1332 1870 pertinet
1362 1819 1448 1853 tam

0 2012 6 2029 ¹
22 2000 25 2038 5

0 2072 6 2099 t

0 2143 5 2172 5

0 2214 5 2243 t

17 2452 21 2500 '

59 1888 182 1940 turpe
223 1881 541 1925 mendacium?
569 1882 729 1925 deinde
758 1897 837 1925 cur
871 1881 992 1925 nulla
1024 1881 1170 1925 l'·utuia
1204 1881 1381 1934 canitis,
1418 1881 1449 1923 si

23 1932 25 1997 5
59 1961 172 1995 vates
199 1952 324 1996 estis?
344 1962 418 1996 aut
445 1968 523 1996 cur
548 1952 739 2011 spoliatis
762 1953 1106 2001 circumstantes,
1127 1952 1160 1996 si
1193 1952 1284 1995 sani
1311 1951 1451 1995 estis?

115 2023 166 2066 V.
207 2024 318 2066 Cum
349 2022 481 2081 igitur
503 2023 596 2067 haec
629 2039 706 2066 nos
729 2032 772 2067 (t
795 2021 892 2076 alia,
919 2039 1019 2083 quae
1044 2038 1163 2066 nunc
1187 2022 1443 2082 praetermit-

61 2093 184 2136 tenda
205 2094 416 2142 existimo,
435 2110 510 2154 per
529 2094 756 2153 epistolam
782 2104 901 2138 tuam
921 2094 1072 2138 feceris
1094 2091 1448 2153 recordari,quid

57 2176 132 2206 nos
150 2179 237 2207 non
259 2164 533 2211 derideamus
555 2164 658 2208 deos
681 2173 862 2220 vestros,
887 2180 998 2224 quos
1017 2165 1094 2209 abs
1119 2175 1160 2209 te
1188 2165 1282 2223 ipso
1305 2163 1448 2207 subti-

58 2231 152 2277 liter
172 2233 358 2279 derideri
383 2251 512 2280 nemo
536 2251 623 2280 non
648 2235 877 2295 intelligit,
903 2236 979 2296 qui
1008 2246 1051 2279 et
1070 2235 1294 2294 „ngenium
1320 2244 1447 2278 tuum

58 2304 204 2360 novit,
231 2316 274 2350 et
303 2305 409 2365 legit
442 2307 607 2351 litteras
633 2309 756 2351 tuas?
780 2310 935 2367 ltaque
966 2307 999 2351 si
1027 2305 1193 2367 aliquid
1227 2306 1340 2349 inter
1370 2320 1450 2349 nos

59 2372 123 2417 his
143 2376 196 2418 de
219 2376 347 2419 rebus
375 2377 437 2421 vis
460 2392 661 2436 agamus,
694 2378 816 2437 quod
838 2377 956 2421 {etati
992 2387 1081 2421 tuae
1115 2374 1451 2437 prudentiaeque

60 2446 275 2503 congruit,
299 2448 420 2507 quod
442 2447 633 2508 denique
667 2448 722 2492 de
755 2458 903 2494 nostro
926 2448 1150 2509 proposito
1173 2450 1274 2508 jure
1295 2463 1318 2492 a
1341 2447 1448 2492 cha-

108 2549 112 2563 ¹
139 2543 241 2585 Vir-gil.
270 2545 391 2576 AEneid.
414 2545 467 2576 lib.
488 2557 553 2585 vm,
569 2557 649 2578 vers.
669 2548 743 2587 319,
765 2548 839 2578 320.

41 3045 48 3051 ι
