1790 3187
325 234 378 260 DE
410 233 598 260 mvnnsm
632 232 788 267 QL'AEST.
826 234 974 261 oc‘roc.
1010 235 1174 262 Tamus.
1390 223 1443 261 57

66 320 86 344 »
110 300 230 346 vobis
241 298 426 359 judicer,
448 307 523 342 aut
539 298 592 341 ab
615 298 809 342 humano
831 298 917 353 die,
943 299 1017 344 sed
1048 315 1191 359 neque
1214 300 1444 359 memetip-

65 393 85 415 »
105 371 401 430 sumjudico¹.
429 390 446 411 η
473 372 746 429 Quapropter
768 385 867 413 cum
896 373 951 414 de
973 386 1016 415 se
1043 371 1137 430 ipso
1169 372 1353 431 quisquc
1371 382 1445 416 aut

59 459 147 489 non
169 442 345 487 omnino
364 452 438 486 aut
463 442 530 485 vix
554 443 685 499 possit
705 455 848 484 veram
882 441 992 486 ferre
1021 444 1278 487 sententiam
1294 479 1304 499 ‚
1330 459 1444 503 quo-

58 513 188 559 modo
207 522 346 572 potest
367 512 422 556 de
443 512 527 556 alio
543 512 753 571 judicare,
776 527 874 556 cum
892 515 996 558 sciat
1018 529 1146 557 nemo
1168 513 1273 574 quid
1292 523 1444 572 agatur

0 569 3 618 3
58 587 102 630 in
119 586 308 640 homine,
334 585 413 628 nisi
435 584 608 642 spiritus
626 583 867 628 hominis¹2P
894 604 912 626 «
938 588 1003 629 Ite
1024 586 1158 645 magis
1181 585 1234 628 ad
1252 585 1443 630 venden-

62 678 79 699 »
97 666 175 710 tes,
191 665 233 700 et
244 657 374 699 emite
390 655 525 698 vobis.
541 657 669 699 »Non
684 654 909 699 consilium
922 654 1089 700 dedisse
1099 655 1309 716 putandae
1321 666 1439 711 sunt,

56 728 129 772 sed
158 728 321 772 crimen
353 741 500 770 carum
531 740 582 769 ex
610 725 790 786 obliquo
827 742 1199 773 commemorasse.
1232 728 1443 773 Vendunt

56 799 170 843 enim
184 798 328 844 oleum
347 797 591 842 adulatores
606 832 616 852 ,
642 798 718 857 qui
740 798 828 843 sive
849 797 976 853 falsa,
1009 799 1098 843 sive
1126 799 1323 858 ignorata
1342 799 1442 843 lau-

55 869 222 924 dando,
249 869 412 913 animas
432 869 478 912 in
512 883 697 913 errorem
735 869 939 922 mittunt,
975 879 1019 914 et
1048 870 1107 913 eis
1150 885 1259 914 vana
1283 869 1441 928 gaudia

57 950 259 1001 tanquam
290 938 419 984 fatuis
447 938 747 994 conciliando,
781 939 970 1000 aliquam
999 939 1054 983 de
1081 940 1146 984 his
1169 941 1436 997 mercedem,

0 1052 1 1066 ³
51 1013 138 1056 sive
157 1012 376 1068 ciborum,
409 1013 496 1056 sive
533 1012 751 1070 pecuniae,
789 1012 879 1055 sive
898 1012 1072 1057 honoris
1093 1048 1103 1067 ,
1138 1013 1225 1057 sive
1258 1011 1440 1073 alicujus

50 1083 265 1127 commodi
292 1082 539 1143 temporalis
560 1083 806 1142 accipiunt,
832 1098 921 1127 non
951 1083 1296 1141 intelligentibus
1318 1084 1439 1144 quod

49 1153 215 1197 dictum
230 1163 309 1209 est,
337 1172 356 1195 «
377 1154 462 1207 Qui
487 1169 562 1198 vos
587 1152 731 1197 felices
762 1153 930 1208 dicunt,
952 1154 997 1197 in
1021 1169 1209 1198 errorem
1241 1169 1317 1199 vos
1338 1154 1441 1199 mit-

52 1243 71 1265 »
100 1226 243 1268 tunt3,
276 1244 292 1265 »
323 1224 480 1269 Melius
509 1234 570 1269 est
602 1233 745 1268 autem
781 1224 1002 1284 objurgari
1038 1242 1060 1269 a
1081 1227 1224 1284 justo,
1256 1241 1387 1286 quam
1418 1242 1440 1270 a

49 1303 275 1353 peccatore
293 1294 476 1339 laudari.
498 1313 513 1333 «
528 1294 889 1349 Emendabitme,
907 1295 1220 1355 inquit,justus
1242 1296 1287 1339 in
1309 1297 1440 1339 mise-

53 1384 72 1406 »
99 1365 304 1420 ricerdis«,
344 1375 387 1410 et
415 1375 566 1424 arguet
597 1381 689 1423 me,
723 1365 866 1410 oleum
903 1375 1046 1409 autem
1081 1366 1318 1425 peccatoris
1350 1382 1438 1411 non

51 1456 70 1478 »
95 1437 335 1495 impinguet
352 1447 483 1496 caput
500 1438 687 1480 meum4.
716 1440 781 1480 lte
810 1450 911 1493 ergo
941 1437 1078 1496 magis
1101 1438 1156 1482 ad
1180 1438 1435 1493 vendentes,

50 1525 70 1548 »
95 1516 136 1550 et
153 1506 282 1550 emite
299 1506 437 1561 vobis,
469 1527 485 1548 »
511 1506 556 1550 id
575 1516 652 1561 est,
678 1505 902 1550 videamus
935 1522 1054 1551 nunc
1082 1507 1188 1567 quid
1211 1523 1287 1552 vos
1310 1509 1439 1568 adju-

45 1587 147 1622 vant
167 1613 177 1632 ,
203 1578 279 1636 qui
301 1578 421 1622 vobis
451 1578 599 1621 laudes
625 1576 815 1621 vendere
845 1589 1194 1633 consueverunt,
1229 1589 1271 1624 et
1293 1595 1370 1624 vos
1392 1581 1437 1623 in

46 1663 233 1692 errorem
252 1647 473 1702 inducere,
499 1658 547 1692 ut
570 1664 657 1692 non
680 1664 823 1692 coram
853 1652 940 1693 Dco
959 1685 969 1703 ,
1007 1650 1082 1693 sed
1107 1650 1161 1694 ab
1190 1651 1439 1694 hominibus

47 1718 225 1777 gloriam
250 1719 515 1777 quaereretis.
554 1718 813 1762 «Euntibus
837 1728 984 1762 autem
1011 1719 1095 1764 illis
1117 1735 1284 1775 emere,
1319 1722 1439 1764 venit

49 1807 68 1829 n
89 1803 292 1846 sponsus,
322 1807 341 1829 »
365 1789 412 1832 id
435 1798 519 1842 est,
544 1788 856 1833 inclinantibus
879 1804 923 1832 se
945 1788 1030 1832 illis
1061 1790 1106 1833 in
1132 1805 1179 1834 ea
1204 1806 1302 1850 quae
1335 1789 1438 1834 foris

46 1869 146 1903 sunt
164 1869 206 1903 et
227 1859 361 1903 solitis
384 1860 573 1919 gaudere
605 1860 926 1919 quaerentibus,
962 1861 1064 1920 quia
1088 1860 1244 1918 gaudia
1267 1861 1435 1905 interna

47 1945 134 1973 non
167 1939 406 1983 noverant,
439 1932 560 1974 venit
591 1930 663 1974 ille
692 1931 953 1991 quijudicat
982 1950 990 1976 ε
1029 1951 1047 1973 «
1075 1934 1130 1975 Et
1153 1947 1253 1992 quae
1275 1941 1437 1991 paratae

49 2019 68 2042 n
92 2009 234 2054 erant,
263 2019 282 2041 n
306 2000 352 2044 id
374 2010 452 2055 est,
479 2000 640 2060 quibus
663 2002 830 2045 bonum
857 2016 1002 2045 coram
1026 2005 1116 2046 Deo
1140 2003 1435 2047 testimonium

45 2071 306 2115 conscientia
344 2072 619 2130 perhibebat,
650 2091 669 2113 «
703 2073 973 2117 intraverunt
1008 2088 1107 2116 cum
1146 2090 1197 2118 eo
1233 2074 1287 2118 ab
1321 2089 1437 2133 nup-

49 2159 69 2182 »
91 2141 185 2196 tias,
215 2160 234 2182 »
259 2140 303 2185 id
327 2151 406 2196 est,
431 2142 508 2185 ubi
530 2141 695 2186 munda
721 2143 863 2186 anima
887 2158 999 2202 puro
1028 2152 1069 2187 et
1097 2142 1291 2202 perfecto
1324 2159 1438 2188 sem-

46 2212 302 2272 piternoque
321 2213 397 2256 Dei
420 2213 567 2257 Verbo
587 2212 883 2258 foecundanda
907 2214 1153 2273 copulatur.
1182 2234 1201 2257 «
1220 2218 1274 2259 Et
1292 2214 1436 2259 clausa

49 2301 68 2324 η
94 2291 157 2325 est
173 2283 328 2342 janua,
353 2301 373 2324 »
399 2283 443 2327 id
465 2293 550 2339 est,
584 2285 767 2343 receptis
796 2285 881 2329 illis
910 2287 1106 2346 quisunt
1128 2287 1173 2329 in
1195 2285 1436 2346 angelicam

46 2354 175 2397 vitam
211 2353 426 2398 immutati
464 2373 472 2399 :
503 2373 521 2397 α
560 2356 722 2399 Omnes
757 2356 898 2409 enim,
934 2358 1100 2417 inquit,
1132 2372 1433 2416 resurgemus,

50 2441 70 2465 »
95 2424 170 2468 sed
191 2439 280 2468 non
301 2440 451 2470 omnes
473 2426 856 2471 immutabimur⁵:
883 2448 899 2468 »
925 2426 1096 2472 clausus
1118 2438 1183 2473 est
1213 2428 1355 2472 aditus
1378 2428 1430 2473 ad

94 2533 102 2548 ¹
131 2538 141 2558 1
165 2527 238 2560 Cor.
272 2540 320 2570 tv,
355 2528 383 2561 3.
404 2546 441 2552 -·
461 2530 542 2562 ²1d.
574 2541 609 2568 n,
636 2538 741 2562 12.-
760 2528 772 2552 3
800 2531 868 2562 lsai.
903 2542 950 2571 ιιι,
985 2540 1034 2564 12,
1052 2530 1122 2561 -4
1142 2531 1223 2564 Psal.
1248 2542 1318 2568 ext,
1339 2532 1369 2563 5.
1392 2548 1432 2555 -

50 2580 63 2603 ⁵
86 2593 97 2614 ῐ
121 2583 194 2616 Cor.
215 2594 287 2625 xm,
313 2584 366 2617 51.
