1790 3187
327 223 377 260 88
766 230 797 257 s.
839 231 1065 258 AUGUSTINI
1100 232 1279 259 EPISCOPI

382 303 407 340 7
412 299 444 341 ⁰.
480 300 629 341 Restat
650 311 752 355 ergo
774 305 824 340 ut
840 295 894 340 de
912 296 1002 355 ipsa
1013 311 1118 356 pace
1139 295 1254 340 dicat
1270 298 1595 342 resurrectionis
1608 313 1705 343 cor-

324 368 461 428 poris,
487 382 586 427 quae
609 375 762 426 quarta
786 374 848 410 est
870 366 979 410 actio
1003 387 1014 424 3
1044 366 1076 410 si
1098 375 1244 410 tamen
1266 381 1359 410 eam
1381 367 1594 411 actionem
1621 367 1706 413 dici
1739 385 1741 387 ·
1762 363 1765 376 ’

323 446 510 498 oportet,
536 453 635 496 quae
656 451 823 480 summa
852 437 1020 496 requies
1042 445 1119 480 est.
1149 436 1354 496 Sequitur
1372 437 1503 492 enim,
1527 447 1570 481 et
1581 436 1702 495 dicit,

327 530 346 551 «
373 510 415 554 Si
445 523 548 567 ergo
584 507 765 566 Spiritus
798 508 887 566 ejus
916 507 991 567 qui
1023 506 1247 552 suscitavit
1278 509 1426 551 Jesum
1460 524 1482 551 a
1506 509 1703 564 mortuis,

324 599 344 622 »
372 580 540 624 habitat
559 578 603 622 in
626 578 773 633 vobis,
794 578 871 636 qui
893 578 1114 622 suscitavit
1129 580 1277 621 Jesum
1301 593 1323 621 a
1346 578 1544 633 mortuis,
1564 579 1707 624 vivifi-

324 670 344 693 »
372 650 486 695 cabit
501 659 543 693 et
561 648 759 694 mortalia
782 664 962 708 corpora
984 658 1122 693 vestra
1135 663 1211 707 per
1233 649 1551 693 inhabitantem
1574 651 1708 709 Spiri-
1763 644 1765 650 ¹

323 740 342 762 n
372 731 464 765 tum
491 721 581 779 ejus
602 720 648 762 in
670 718 791 763 vobis
821 721 851 762 ¹.
883 737 903 760 »
931 719 1011 763 Hic
1041 728 1084 763 et
1105 719 1159 762 de
1181 720 1494 763 resurrectione
1517 721 1707 779 corporis

321 789 693 836 evidentissimum
714 789 1011 834 testimonium
1030 799 1109 846 est,
1125 799 1168 834 et
1181 789 1281 834 satis
1300 799 1494 849 apparet,
1512 791 1708 850 quandiu

321 863 364 906 in
394 863 474 906 hac
498 861 586 905 vita
609 876 756 905 sumus
778 896 788 916 ,
827 877 916 907 non
955 862 1102 905 deesse
1130 861 1344 905 molestias
1377 877 1453 921 per
1481 861 1707 906 mortalem
1763 853 1765 863 l

320 948 491 977 carnem
510 967 520 987 ‚
548 947 690 991 neque
720 930 988 975 titillationes
1007 931 1218 992 quasdam
1249 931 1590 977 delectationum
1612 948 1708 977 car-

320 1003 500 1047 nalium.
519 1002 725 1056 Quamvis
741 1002 856 1046 enim
876 1017 963 1046 non
987 1001 1128 1057 cedat,
1151 1002 1225 1061 qui
1243 1002 1324 1045 sub
1348 1003 1481 1060 gratia
1498 1002 1710 1047 constitu-

321 1084 388 1117 tus
416 1082 561 1116 mente
578 1072 707 1115 servit
726 1071 812 1130 legi
839 1073 932 1127 Dei,
953 1081 1099 1116 tamen
1123 1087 1250 1116 carne
1272 1073 1401 1116 servit
1423 1071 1508 1131 legi
1526 1073 1705 1132 peccati.

320 1145 393 1187 His
414 1143 619 1202 gradibus
642 1143 819 1187 homine
842 1142 1058 1202 perfecto,
1087 1142 1208 1186 nulla
1232 1143 1470 1187 substantia
1492 1143 1710 1188 invenitur

321 1213 480 1257 malum
504 1229 511 1253 ε
534 1228 674 1272 neque
702 1212 769 1256 lex
791 1213 904 1256 mala
924 1222 1003 1267 cst,
1029 1228 1128 1272 quae
1146 1212 1336 1256 ostendit
1358 1213 1525 1257 homini
1543 1214 1589 1257 in
1608 1214 1710 1273 qui·
1763 1208 1765 1251 l

325 1287 402 1328 bus
430 1293 705 1343 peccatorum
732 1283 917 1328 vinculis
946 1285 1089 1343 jaceat
1123 1292 1172 1326 ut
1206 1299 1281 1342 per
1313 1283 1445 1327 fidem
1480 1284 1711 1344 implorato
1763 1282 1765 1318 l

324 1356 580 1399 Liberatoris
603 1355 782 1410 auxilio,
809 1365 851 1399 et
874 1355 1002 1410 solvi,
1030 1365 1072 1399 et
1093 1355 1220 1412 erigi,
1251 1364 1293 1398 et
1322 1355 1562 1399 firmissime
1585 1371 1710 1401 cons-

322 1428 418 1471 titui
440 1436 670 1470 mereatur.
703 1430 752 1469 In
772 1427 906 1485 prima
931 1442 1033 1485 ergo
1058 1427 1227 1471 actione
1247 1461 1257 1481 ,
1284 1442 1382 1486 quae
1406 1435 1468 1470 est
1503 1436 1603 1470 ante
1625 1430 1709 1472 Le-
1763 1438 1765 1487 ξ

322 1514 436 1557 gem,
459 1497 577 1541 nulla
601 1512 746 1556 pugna
769 1507 832 1542 est
864 1513 961 1541 cum
988 1497 1287 1557 voluptatibus
1309 1498 1436 1552 huJus
1461 1496 1608 1541 saeculi
1630 1517 1638 1543 ε
1664 1499 1710 1543 in
1763 1519 1765 1554 ς

322 1569 532 1622 secunda,
556 1583 654 1626 quae
678 1567 759 1611 sub
778 1571 890 1625 Lege
912 1577 990 1622 est,
1011 1583 1274 1627 pugnamus,
1301 1567 1375 1611 sed
1393 1567 1608 1611 vincimur
1631 1587 1640 1612 ι
1665 1569 1710 1612 in

324 1639 444 1682 tertia
481 1652 725 1697 pugnamus
744 1647 787 1681 et
807 1638 1018 1682 vincimus
1051 1657 1058 1683 :
1084 1638 1130 1681 in
1148 1647 1301 1697 quarta
1325 1653 1410 1681 non
1435 1653 1679 1696 pugnamus
1696 1674 1706 1692 ‚
1763 1641 1765 1681 Ξ

321 1708 395 1753 sed
419 1708 608 1768 perfecta
638 1718 680 1751 et
698 1718 857 1753 aeterna
881 1724 985 1768 pace
1008 1709 1330 1768 requiescimus.
1361 1708 1573 1753 Subditur
1594 1709 1710 1753 enim
1763 1720 1765 1746 i

323 1779 447 1823 nobis
466 1779 585 1838 quod
600 1778 776 1823 inferius
800 1788 995 1823 nostrum
1014 1788 1093 1834 est,
1108 1778 1228 1838 quod
1245 1787 1473 1838 propterea
1497 1794 1586 1822 non
1603 1780 1709 1823 sub-

321 1850 522 1905 debatur,
547 1850 649 1910 quia
672 1851 935 1908 superiorem
959 1850 1083 1895 nobis
1106 1850 1430 1894 deserueramus
1453 1852 1605 1895 Deum.

382 1924 581 1974 Quffismo
614 1923 794 1966 LXVII.
815 1949 868 1955 ——
898 1925 957 1965 1⁰.
983 1924 1075 1966 Hoc
1098 1921 1336 1980 capitulum
1362 1921 1595 1965 obscurum
1615 1931 1708 1981 est3
1762 1936 1764 1980 ζ

323 1993 424 2052 quia
457 2007 545 2035 non
567 1992 665 2035 satis
682 1992 752 2035 hic
775 2002 979 2051 apparet,
1007 2007 1137 2052 quam
1162 2006 1279 2035 nunc
1301 2001 1425 2036 vocet
1448 2001 1705 2036 creaturam.
1762 1987 1764 2033 Ξ
1788 2014 1790 2031 a

323 2062 488 2107 Dicitur
503 2072 646 2106 autern
666 2063 905 2106 secundum
930 2063 1186 2107 catholicam
1207 2061 1476 2122 disciplinam
1495 2072 1706 2118 creatura,
1762 2066 1763 2074 ¹

323 2133 538 2194 quidquid
562 2133 666 2177 fecit
689 2142 732 2177 et
754 2133 951 2178 condidit
966 2136 1231 2188 DeusPater,
1250 2135 1611 2193 perunigenitum
1635 2134 1709 2177 Fi-

326 2206 456 2261 lium,
481 2205 526 2249 in
551 2206 716 2250 unitate
741 2206 922 2265 Spiritus
944 2206 1094 2249 sancti.
1111 2208 1224 2263 Ergo
1243 2221 1332 2250 non
1347 2205 1487 2250 solum
1511 2221 1707 2265 corpora,
1762 2241 1763 2247 ,

324 2275 398 2319 scd
417 2276 547 2320 etiam
563 2277 718 2319 animae
736 2285 893 2320 nostrae
912 2292 960 2320 ac
975 2276 1148 2335 spiritus
1163 2285 1371 2320 creaturae
1386 2276 1564 2320 nomine
1576 2277 1710 2320 conti-

326 2355 500 2390 nentur.
526 2346 592 2391 Sic
608 2355 754 2390 autem
778 2346 943 2390 dictum
968 2356 1030 2390 est
1059 2367 1066 2389 2
1092 2349 1220 2405 «Ipsa
1244 2356 1439 2390 creatura
1456 2345 1711 2390 liberabitur

329 2434 348 2457 n
376 2433 398 2460 a
422 2417 627 2461 servitute
649 2417 864 2472 interitus,
880 2417 925 2460 in
942 2416 1188 2461 libertatem
1205 2417 1351 2475 gloriae
1368 2417 1558 2461 filiorum
1577 2416 1651 2459 Dei
1668 2434 1705 2460 ε»

326 2487 447 2545 quasi
485 2501 563 2531 nos
580 2502 668 2530 non
692 2488 823 2532 simus
854 2496 1048 2532 creatura
1070 2522 1080 2542 ‚
1107 2486 1182 2531 sed
1204 2486 1279 2531 filii
1302 2487 1376 2531 Dei
1398 2521 1409 2541 ‚
1446 2487 1489 2530 in
1521 2500 1708 2545 quorum
1761 2503 1763 2529 1

378 2575 382 2588 ¹
410 2573 499 2603 Rom.
521 2582 590 2611 vin,
616 2582 665 2602 ιι.
