1790 3187
639 175 831 201 ems‘rom
869 176 907 200 ν.
1373 165 1455 201 263

0 254 11 285 1

86 302 1461 322 mmmmmwumwuvmmmwwlwmmmmmm

0 455 8 498 5
574 412 892 459 EPlSTOLA
935 405 1022 460 V¹.

1 526 19 595 ⁵3¹
492 547 757 583 AUGUSTINO
783 549 1044 582 Nssssmnms.

0 605 17 645 13

0 668 24 719 ,ἱ
73 669 398 729 Augustinum
434 665 491 713 N
493 665 702 711 ebn'dc'as
738 664 976 726 deplorat,
1011 665 1142 726 quod
1164 668 1364 711 nimium
1386 667 1460 711 in-

0 747 17 802 ,ᾗ
135 736 412 798 terpelletar·
435 738 606 783 civium
634 738 836 799 negociis
864 736 929 783 ab
967 738 1064 783 otio
1095 736 1463 798 contemplatio·

0 820 16 861 η’
136 811 225 857 nis.

8 943 12 999 ζ
143 965 163 988 «
200 948 375 990 ITA-NE
403 954 496 1000 est,
527 945 586 988 mi
618 944 862 1003 Augustine
881 979 891 998 ‚
920 943 1227 988 fortitudinem
1265 959 1314 988 ac
1343 945 1462 989 tole-

4 1006 16 1100 }
75 1016 258 1062 rantiam
287 1015 472 1074 negotiis
507 1015 667 1060 civium
700 1024 898 1074 praestas,
924 1014 1116 1060 necdum
1151 1015 1230 1060 tibi
1265 1015 1465 1060 redditur

13 1091 17 1120 ἴ
74 1086 147 1132 illa
168 1095 368 1146 exoptata
390 1085 606 1131 cessatio?
638 1087 812 1140 Quaeso,
837 1087 913 1146 qui
943 1095 984 1130 te
1016 1095 1105 1130 tam
1127 1086 1293 1130 bonum
1328 1086 1466 1130 homi-

3 1102 13 1212 i
74 1172 150 1203 nes
185 1156 465 1217 interpellant
484 1158 502 1201 P
534 1157 665 1201 credo
701 1157 777 1217 qui
806 1160 1005 1202 nesciunt
1042 1157 1150 1218 quid
1187 1172 1318 1213 ames,
1355 1156 1465 1217 quid

2 1243 10 1289 p
72 1229 367 1288 concupiscas.
389 1227 624 1275 Nullus-ne
641 1228 721 1272 tibi
749 1238 814 1272 est
836 1228 1090 1284 amicorum,
1111 1229 1188 1288 qui
1209 1229 1269 1273 eis
1293 1244 1463 1273 amores

0 1313 9 1346 ὲ
73 1299 231 1345 referat
253 1301 381 1345 tuos?
402 1302 490 1346 Nec
508 1300 806 1344 Romanianus
822 1315 902 1344 nec
925 1300 1230 1345 Lucinianiusi'
1254 1302 1325 1344 ΜΞ
1346 1308 1464 1345 certe

0 1387 6 1414 ι
72 1371 266 1416 audiant.
292 1373 387 1430 Ego
407 1371 626 1425 clamabo,
647 1385 726 1428 ego
748 1370 952 1425 testabor,
978 1380 1021 1415 te
1043 1374 1184 1415 Deum
1214 1387 1380 1427 amare,
1397 1370 1460 1415 illi

0 1457 4 1487 5
70 1443 228 1488 servire
249 1451 380 1502 atque
400 1442 612 1486 inhaerere
625 1457 797 1499 cupere.
813 1441 982 1486 Vellem
996 1457 1078 1501 ego
1096 1451 1138 1486 te
1156 1443 1203 1486 in
1225 1458 1297 1486 rus
1313 1457 1459 1487 meum

0 1528 24 1583 ι’
69 1529 238 1569 vocare,
252 1513 401 1574 ibique
423 1513 710 1574 acquiescere.
732 1515 830 1559 Non
852 1513 969 1557 enim
986 1513 1149 1558 timebo
1173 1529 1241 1557 me
1254 1512 1457 1559 seducto-

72 1600 162 1630 rem
184 1584 248 1630 tui
262 1584 348 1630 dici
368 1601 391 1630 a
404 1586 571 1630 civibus
585 1585 686 1640 tuis,
701 1599 812 1645 quos
830 1583 1014 1629 nimium
1034 1600 1152 1630 amas
1166 1620 1178 1641 ‚
1200 1594 1280 1630 eta
1297 1585 1456 1646 quibus

71 1657 253 1702 nimium
270 1657 440 1702 amaris.
459 1675 480 1699 »

116 1761 126 1778 ¹
145 1754 226 1788 Alias
257 1766 340 1789 cuv.
367 1766 437 1799 quae
461 1761 569 1788 autem
585 1766 604 1788 v
628 1762 715 1795 erat,
741 1765 826 1787 nunc
848 1765 1000 1788 cxxxvm.
1027 1770 1066 1779 ·-·
1088 1756 1212 1798 Scripta
1242 1755 1329 1788 circa
1355 1754 1450 1788 finem

16 1859 19 1888 Ι
69 1812 145 1846 anni
160 1811 235 1845 388.
