1790 3187
605 193 802 221 ειηετοιΑ
836 195 925 221 xlv.
1379 186 1463 223 285

78 267 170 303 tum
198 266 276 301 est.
298 257 339 302 Si
356 257 702 316 magnitudinem
722 273 790 301 me
806 258 923 316 cogis
942 258 1168 317 respicere,
1182 259 1293 303 nosti
1316 259 1370 303 de
1393 260 1462 304 in-

79 327 266 372 tervallis
297 342 429 387 quam
454 327 591 371 multa
617 326 834 381 dicamur,
864 337 904 372 et
925 328 978 372 ad
999 338 1214 388 quantum
1244 329 1463 373 incertum

79 398 359 460 perspicuitas
372 399 452 443 ista
469 407 709 443 revocetur.
724 397 808 444 Sed
824 408 870 442 ut
884 401 1120 444 concedam
1132 399 1191 443 ita
1210 415 1301 444 esse
1323 409 1373 444 ut
1390 415 1467 460 ap-

80 479 219 532 paret,
244 472 301 516 sic
330 471 445 515 enim
469 480 512 516 et
527 470 673 525 credo,
694 473 817 532 cujus
845 471 1021 516 tandem
1041 483 1084 518 et
1101 488 1272 518 sensum
1293 472 1465 527 fefellit,

81 541 151 587 illa
176 543 407 602 proceritas
428 543 562 587 Naevii
592 542 701 602 pede
721 542 927 602 longioris
945 560 1076 603 quam
1103 545 1177 604 qui
1201 555 1264 589 est
1280 560 1350 589 sex
1368 543 1468 589 lon-

83 612 278 671 gissimus
301 613 403 657 ‘.‘cui
424 622 466 657 te
489 612 620 658 credo
648 614 833 657 nimium
858 615 1058 674 quaesisse
1081 615 1300 659 hominem
1319 631 1470 675 aequa-

81 683 194 738 lem,
220 694 263 729 et
295 700 395 729 cum
432 685 610 729 minime
641 685 889 744 reperisses,
925 701 1062 745 usque
1092 686 1137 729 in
1170 687 1263 746 ejus
1286 684 1472 730 formam

83 765 273 799 nostram
294 755 519 814 epistolam
552 755 728 800 tendere
750 756 951 800 voluisse.
985 759 1129 809 Quare
1149 772 1248 801 cum
1271 756 1315 800 in
1352 757 1474 800 terris

84 840 262 885 quoque
284 825 448 886 aliquid
468 825 551 869 tale
568 827 735 881 existat,
748 826 857 870 nihil
875 826 929 869 de
946 827 1061 870 coelo
1080 837 1186 885 puto
1210 842 1299 870 esse
1316 827 1475 870 mii-an·

84 895 207 940 dum.
249 897 292 941 Si
330 907 474 941 autem
513 907 555 940 te
595 906 757 951 movet,
789 896 910 957 quod
944 906 1100 956 praeter
1143 897 1275 941 solem
1312 895 1477 941 nullius

86 965 235 1010 sideris
267 966 417 1011 lumen
444 966 593 1026 implet
617 967 732 1010 diem
759 987 768 1011 ;
795 968 915 1027 quiS,
953 983 1101 1027 quaeso
1135 976 1200 1022 te,
1227 966 1478 1011 homiuibus

89 1046 233 1082 tantus
267 1038 467 1097 apparuit
499 1047 689 1098 quantus
725 1037 797 1081 ille
828 1039 961 1082 homo
994 1054 1121 1098 quem
1149 1042 1263 1082 Deus
1291 1038 1480 1097 suscepit

61 1106 216 1166 'longe
234 1108 359 1152 aliter
381 1125 511 1169 quam
537 1119 715 1154 eaeteros
738 1118 908 1153 sanctos
931 1118 1062 1168 atque
1085 1109 1313 1168 sapientes.
1339 1111 1479 1161 Quem

89 1179 237 1224 sicum
256 1179 347 1224 aliis
369 1181 637 1239 sapientibus
662 1180 876 1235 conferas,
891 1181 1043 1240 majori
1065 1180 1268 1224 distantia
1284 1180 1480 1224 contine-

90 1258 177 1304 tur,
203 1267 334 1311 quarn
358 1250 591 1295 collatione
609 1252 707 1295 solis
726 1260 881 1296 caetera
899 1249 1054 1295 sidera.
1080 1253 1221 1304 Quam
1239 1266 1341 1294 sane
1363 1249 1482 1293 simi-

90 1321 319 1366 litudinem
343 1321 576 1381 diligenter
591 1323 776 1366 intuere.
796 1322 910 1366 Fieri
930 1321 1045 1364 enim
1061 1330 1202 1379 potest
1215 1329 1376 1373 mente,
1395 1335 1479 1380 qua

91 1392 282 1448 excellis,
317 1403 368 1437 ut
394 1394 631 1454 quamdam
670 1393 957 1454 quaestionem
981 1391 1036 1436 de
1059 1391 1236 1436 homine
1268 1391 1442 1437 Christo
1460 1406 1483 1434 a

92 1472 135 1508 te
157 1465 420 1523 propositam
440 1473 712 1508 transeuntes
729 1462 1066 1507 dissolverimus.

154 1537 353 1579 IV.Item
395 1535 553 1595 quaeris
587 1543 737 1578 utrum
769 1549 938 1578 summa
966 1532 1040 1578 illa
1065 1533 1220 1577 veritas
1243 1541 1286 1576 et
1317 1546 1485 1576 summa

95 1606 302 1664 sapientia
336 1614 379 1649 et
407 1605 548 1650 forma
578 1620 721 1649 rerum
756 1620 833 1664 per
869 1619 1002 1664 quem
1040 1602 1154 1647 facta
1183 1611 1284 1646 sunt
1322 1601 1484 1655 omnia,

96 1692 227 1737 quem
250 1676 412 1720 Filium
434 1677 511 1720 Dei
537 1678 719 1720 unicum
737 1690 854 1718 sacra
877 1684 1023 1718 nostra
1046 1674 1325 1732 profitentur,
1353 1687 1487 1731 gene-

97 1747 244 1791 raliter
264 1747 465 1801 hominis,
485 1762 540 1790 an
557 1747 685 1790 etiam
703 1745 1046 1804 uniuscujusque
1061 1752 1260 1786 nostrum
1277 1741 1490 1785 rationem

99 1818 334 1862 contineat.
355 1820 515 1876 Magna
542 1818 740 1876 quaestio.
765 1815 849 1860 Sed
873 1815 979 1858 mihi
1001 1813 1173 1858 videtur
1195 1812 1314 1873 quod
1333 1812 1387 1856 ad
1412 1813 1493 1857 ho—

100 1889 261 1932 minem
286 1888 534 1932 faciendum
558 1888 715 1931 attinet
737 1921 747 1940 ,
780 1885 969 1929 hominis
995 1884 1175 1944 quidem
1206 1893 1377 1927 tantum
1402 1898 1492 1927 non

101 1974 239 2003 meam
260 1959 327 2003 vel
353 1969 470 2003 tuam
495 1959 556 2002 ibi
578 1974 668 2002 esse
691 1958 900 2001 rationem
921 1975 928 2000 :
954 1956 1076 2015 quod
1093 1963 1239 1998 autem
1263 1954 1317 1997 ad
1341 1954 1493 1997 orbem

103 2031 307 2089 temporis
321 2031 458 2074 varias
475 2029 704 2073 hominum
722 2028 908 2072 rationes
921 2027 966 2069 in
984 2024 1057 2069 illa
1071 2024 1316 2070 sinceritate
1330 2025 1490 2067 vivere.

107 2102 267 2145 Verum
286 2101 370 2145 hoc
388 2115 488 2145 cum
512 2099 863 2144 obscurissimum
881 2098 951 2151 sit,
973 2112 1059 2157 qua
1078 2094 1362 2139 similitudine
1378 2094 1496 2138 illus·

108 2172 210 2215 trari
240 2172 390 2232 possit,
424 2173 577 2229 ignoro
602 2190 609 2215 ε
637 2170 717 2214 nisi
742 2169 854 2213 forte
878 2166 932 2212 ad
955 2179 1066 2211 artes
1088 2166 1198 2219 illas,
1225 2180 1323 2225 quae
1345 2165 1495 2208 insunt

111 2242 253 2287 animo
283 2253 430 2287 nostro
452 2240 800 2299 confugiendum
827 2247 905 2282 est.
927 2240 1036 2282 Nam
1065 2236 1111 2279 in
1146 2234 1372 2294 disciplina
1406 2250 1497 2278 me-

109 2313 243 2357 tiendi
266 2330 353 2358 una
375 2323 438 2357 est
461 2311 611 2370 anguli
634 2311 759 2365 ratio,
785 2325 871 2353 una
893 2306 1110 2368 quadrati.
1143 2309 1294 2365 ltaque
1327 2305 1500 2365 quoties

110 2383 383 2428 demontrare
399 2382 610 2443 angulum
624 2380 739 2435 volo,
758 2396 846 2424 non
870 2380 950 2422 nisi
977 2394 1062 2421 una
1085 2377 1195 2421 ratio
1224 2377 1369 2434 anguli
1395 2374 1501 2419 mihi

111 2456 312 2499 occurrit.
329 2454 412 2500 Sed
430 2453 694 2514 quadratum
717 2465 996 2511 nequaquam
1018 2448 1269 2502 scriberem,
1289 2446 1370 2490 nisi
1393 2461 1503 2506 qua-

114 2534 212 2571 tuor
240 2524 368 2570 simul
404 2523 662 2584 angulorum
692 2522 905 2567 rationem
942 2520 1136 2564 intuerer
1166 2537 1173 2562 :
1211 2521 1287 2562 Ita·
1314 2516 1502 2577 quilibet
