1790 3187
336 214 390 241 nn
423 213 610 240 nxvzams
642 212 799 248 QUAEsT.
836 215 984 241 omos.
1020 216 1183 241 Talaus.
1400 204 1452 241 55

73 279 190 335 Quid
210 287 273 323 est
290 287 433 322 autem
452 276 572 337 quod
589 277 721 336 possit
742 276 889 322 dando
907 294 994 323 non
1014 279 1212 323 sufficere
1234 280 1457 339 utrisque?

75 353 178 396 Haec
194 349 378 393 maxime
397 357 555 406 augent
582 348 833 407 quaestionis
855 348 1158 393 difficultatem
1178 364 1456 410 :quanquam

73 428 116 464 et
131 427 284 464 caetera
306 417 536 476 diligenter
557 417 842 472 considerata,
870 428 917 462 ut
940 419 1083 463 omnia
1105 419 1148 462 in
1167 434 1299 463 unam
1325 419 1456 464 ratio-

72 505 171 536 nem
193 498 479 543 concurrant,
506 486 701 546 nihilque
723 488 767 531 in
799 505 930 533 unam
954 499 1119 548 partem
1149 489 1318 534 dicatur
1336 489 1456 550 quod

72 559 279 620 impediat
300 559 447 613 aliam,
471 573 624 616 magna
644 559 788 603 cautio
806 559 1053 604 adhibenda
1072 569 1150 603 est.

131 631 193 674 3⁰.
234 629 450 673 Videntur
474 629 621 688 itaque
651 628 760 672 mihi
782 630 976 690 quinque
1000 629 1185 688 virgines
1214 629 1457 688 significare

71 700 489 762 quinque-partitam
510 699 823 744 continentiam
841 715 864 744 a
886 700 1026 744 earnis
1047 699 1274 744 illecebris.
1301 701 1455 746 Conti-

70 769 241 817 nendus
259 779 323 814 est
344 770 459 814 enim
483 769 614 813 animi
633 770 849 829 appetitus
875 786 900 814 a
921 770 1146 830 voluptate
1169 771 1414 826 oculorum,
1435 787 1458 815 a

70 841 294 901 voluptate
325 841 511 896 aurium,
537 855 564 884 a·
580 838 805 899 voluptate
832 839 1085 895 olfaciendi,
1111 841 1333 899 gustandi,
1360 850 1457 886 tan-

70 910 213 971 gendi.
250 911 334 956 Sed
366 911 467 970 quia
490 911 568 954 ista
603 911 870 955 continentia
892 911 1048 970 partim
1080 927 1224 956 coram
1260 915 1349 955 Deo
1382 913 1452 967 fit,

69 989 120 1026 ut
141 979 202 1024 illi
229 979 450 1040 placeatur
482 979 528 1023 in
557 980 751 1025 interiori
777 981 936 1039 gaudio
970 981 1270 1039 conscientiae,
1300 983 1457 1041 partim

71 1067 216 1098 coram
247 1051 496 1096 hominibus
526 1060 720 1106 tantum,
752 1061 801 1096 ut
835 1051 970 1111 gloria
1002 1053 1194 1098 humana
1230 1054 1454 1112 capiatur,

70 1124 265 1184 quinque
287 1122 494 1166 dicuntur
513 1122 743 1181 sapientes,
770 1132 813 1166 et
837 1124 1033 1184 quinque
1053 1123 1196 1168 stultae
1225 1144 1233 1169 :
1260 1134 1459 1185 utraeque

68 1203 215 1239 tamen
243 1193 455 1252 virgines,
484 1194 586 1253 quia
616 1203 799 1253 utraque
831 1195 1097 1239 continentia
1135 1204 1223 1249 est,
1262 1196 1460 1255 quamvis

69 1263 237 1309 diverso
258 1263 410 1308 fomite
428 1263 630 1322 gaudeat.
657 1263 898 1323 Lampades
926 1274 1071 1310 autem
1089 1275 1213 1319 sunt,
1239 1266 1341 1325 quia
1366 1282 1459 1309 ma-

68 1335 198 1380 nibus
227 1343 470 1394 gestantur,
506 1349 637 1393 opera
659 1350 758 1395 quae
789 1335 1030 1379 secundum
1066 1336 1377 1379 continentiam
1403 1336 1460 1380 is—

68 1414 155 1450 tam
168 1406 295 1450 fiunt.
316 1405 489 1450 Dictum
501 1415 565 1449 est
580 1414 742 1460 autem,
762 1424 781 1446 «
801 1408 995 1450 Luceant
1008 1421 1136 1465 opera
1153 1416 1292 1451 vestra
1311 1422 1456 1452 coram

70 1494 91 1518 n
117 1476 399 1521 hominibus¹.
424 1494 444 1518 »
466 1477 627 1520 Omnes
649 1491 752 1521 vero
772 1495 790 1517 «
810 1486 1072 1535 acceperunt
1094 1476 1315 1536 lampades
1336 1493 1454 1534 suas,

69 1565 91 1590 »
117 1556 160 1592 et
181 1556 395 1592 venerunt
430 1547 603 1592 obviam
634 1563 807 1607 sponso.
836 1566 855 1589 n
891 1546 1233 1607 Intelligendum
1268 1559 1331 1593 est
1354 1565 1455 1608 ergo

66 1618 224 1663 Christi
239 1619 413 1662 nomine
428 1620 592 1662 censeri
609 1617 664 1661 de
677 1618 836 1678 quibus
849 1619 1005 1677 agitur.
1024 1620 1122 1663 Non
1139 1618 1254 1662 enim
1274 1630 1457 1679 possunt

64 1690 139 1749 qui
170 1690 401 1734 Christiani
427 1706 515 1735 non
537 1687 669 1746 sunt,
704 1706 862 1750 sponso
888 1690 1063 1735 Christo
1091 1691 1238 1734 venire
1261 1691 1452 1736 obviam.

68 1778 88 1802 «
115 1759 199 1805 Sed
217 1761 413 1820 quinque
431 1760 564 1805 fatuae
579 1762 764 1821 acceptis
778 1760 1052 1820 lampadibus
1073 1760 1180 1815 suis,
1202 1776 1291 1805 non
1306 1777 1455 1821 sump-

65 1848 87 1872 »
113 1839 262 1875 serunt
294 1832 436 1876 oleum
468 1847 627 1875 secum.
650 1830 814 1876 »Multi
837 1831 954 1875 enim
984 1831 1181 1890 quamvis
1209 1829 1264 1874 de
1292 1831 1454 1876 Christi

62 1901 256 1946 bonitate
279 1902 515 1961 plurimum
534 1911 724 1961 sperent,
750 1901 956 1959 gaudium
980 1910 1126 1945 tamen
1146 1916 1233 1944 non
1257 1901 1423 1946 habent
1438 1937 1449 1956 ,

61 1972 167 2018 dum
187 1974 460 2018 continenter
480 1974 656 2028 vivunt,
686 1973 767 2017 nisi
789 1974 833 2016 in
860 1972 1064 2016 laudibus
1082 1972 1327 2016 hominum.
1355 1975 1453 2018 Non

61 2058 163 2103 ergo
179 2044 343 2088 habent
360 2044 505 2088 oleum
524 2059 684 2088 seeum.
707 2046 817 2089 Nam
834 2045 971 2103 ipsam
989 2042 1184 2087 laetitiam
1201 2043 1297 2087 oleo
1314 2043 1451 2102 signi-

60 2114 180 2158 ficari
202 2115 400 2159 arbitror.
430 2134 449 2156 α
478 2118 710 2174 Propterea
740 2114 880 2168 unxit,
907 2114 1072 2174 inquit,
1099 2123 1141 2157 te
1164 2117 1302 2167 Deus,
1335 2116 1450 2158 Deus

63 2203 84 2226 »
110 2193 232 2240 tuus,
273 2184 370 2229 oleo
403 2184 681 2229 exultationis
696 2188 726 2229 ².
759 2204 776 2225 η
804 2184 884 2237 Qui
914 2192 1059 2227 autem
1094 2199 1183 2228 non
1221 2193 1450 2243 propterea

61 2255 240 2313 gaudet,
278 2256 379 2315 quia
418 2259 505 2300 Deo
528 2256 785 2300 intrinsecus
821 2254 987 2314 placet,
1015 2270 1104 2297 non
1132 2255 1265 2297 habet
1301 2253 1449 2298 oleum

59 2319 220 2371 secum.
262 2346 281 2368 «
320 2326 557 2371 Prudentes
583 2336 728 2370 autem
758 2335 1019 2385 aeceperunt
1047 2340 1192 2369 secum
1226 2325 1371 2369 oleum
1402 2326 1448 2369 in

63 2413 84 2438 »
107 2396 213 2440 vasis
238 2397 322 2441 suis
348 2412 447 2441 cum
481 2397 778 2456 lampadibus,
800 2415 820 2439 »
847 2395 891 2439 id
911 2405 990 2450 est,
1009 2395 1203 2439 laetitiam
1231 2396 1443 2440 bonorum

62 2482 241 2526 operum
259 2468 305 2511 in
326 2466 455 2512 corde
470 2478 599 2527 atque
617 2469 880 2513 conscientia
896 2477 1158 2525 posuerunt3
1181 2468 1290 2511 sicut
1313 2471 1446 2526 Apos-

110 2553 251 2583 ¹Matt11.
276 2563 305 2589 ν,
330 2553 379 2584 16.
394 2551 461 2575 --fl
482 2553 561 2583 Psat.
584 2564 668 2590 κων,
689 2553 719 2583 8.
