1790 3187
340 185 423 224 208
778 194 811 223 s.
849 195 1076 223 tineosum
1108 196 1286 224 EPISCOPl

343 279 363 303 »
401 262 535 305 niteat
567 263 689 305 eum¹
731 280 739 305 :
775 260 852 304 ubi
882 261 1083 306 videlicet
1104 262 1204 306 satis
1237 260 1427 306 ostendit
1461 263 1588 306 etiam
1617 277 1716 307 cum

339 335 453 377 Deus
474 332 605 387 dicit,
630 351 649 374 «
673 332 864 376 Poenitet
889 347 977 390 me3
1005 352 1024 374 »
1047 349 1132 377 non
1158 334 1348 376 humano
1366 348 1486 377 more
1501 333 1717 392 accipien-

339 404 445 448 dum
463 419 573 458 esse,
596 404 706 448 sicut
722 404 812 463 jam
835 413 1049 464 quantum
1067 405 1282 449 valuimus
1299 405 1627 463 disputavimus.

399 476 596 528 Quffisno
616 476 690 518 IV.
706 501 764 507 —
780 476 838 517 1⁰.
860 477 967 519 Item
983 476 1156 535 quaeris,
1176 484 1323 520 utrum
1341 475 1514 534 spiritus
1530 476 1717 519 immun-

339 545 446 601 dus,
476 547 549 605 qui
569 555 659 590 erat
678 545 722 589 in
751 546 1028 603 Pythonissa‚
1056 547 1247 606 potuerit
1275 562 1400 605 agere
1425 555 1474 589 ut
1505 545 1678 590 Samuel
1695 561 1719 590 a

341 614 468 660 Saiile
490 615 708 660 videretur
725 625 768 660 et
794 615 1046 676 loqueretur
1072 631 1172 661 cum
1195 632 1261 660 eo.
1290 615 1374 661 Sed
1395 615 1532 660 multo
1551 614 1719 675 majoris

338 685 534 730 miraculi
556 695 635 740 est,
660 685 779 745 quod
796 686 887 746 ipse
911 689 1085 732 Satanas
1109 687 1308 747 princeps
1335 688 1528 731 omnium
1559 686 1720 730 immu-

337 755 493 800 dorum
517 756 747 815 spirituum
771 757 913 816 potuit
933 757 1055 817 loqui
1073 773 1173 801 cum
1191 761 1301 811 Deo,
1327 767 1369 801 et
1386 766 1532 816 petere
1554 765 1720 801 tentan-

338 826 444 870 dum
461 828 839 888 Jobjustissimum
859 829 1027 874 virum²
1047 848 1055 873 :
1081 829 1157 889 qui
1184 829 1312 872 etiam
1334 828 1564 873 tentandos
1581 831 1720 886 Apos-

338 896 448 942 tolos
471 899 634 957 petiit3.
664 901 753 943 Aut
773 899 806 943 si
831 900 912 944 hoc
937 908 1025 943 non
1058 898 1156 943 ideo
1177 900 1308 943 habet
1336 898 1558 943 difficilem
1581 913 1723 957 quaes-

338 967 500 1012 tionem
517 1004 528 1024 ‚
562 969 664 1029 quia
694 985 771 1029 per
792 985 924 1030 quam
947 969 1132 1015 voluerit
1154 979 1394 1014 creaturam
1412 1005 1422 1025 ,
1446 969 1517 1013 cui
1535 967 1723 1013 voluerit

337 1048 562 1091 creaturae,
589 1041 755 1101 ubique
779 1057 964 1100 praesens
985 1042 1140 1086 veritas
1162 1041 1372 1101 loquitur,
1397 1056 1476 1084 nec
1493 1047 1720 1099 propterea

337 1111 483 1169 magni
508 1112 648 1155 meriti
679 1122 742 1156 est
773 1114 840 1156 cui
871 1113 1067 1172 loquitur
1098 1116 1210 1157 Deus
1237 1132 1245 1157 z
1277 1114 1454 1156 interest
1482 1112 1593 1155 enim
1615 1109 1723 1170 quid

335 1179 565 1240 loquatur3
594 1183 697 1242 quia
720 1193 763 1227 et
780 1184 1014 1243 imperator
1036 1183 1182 1228 multis
1210 1183 1516 1227 innocentibus
1539 1198 1626 1226 non
1654 1181 1722 1226 lo·
1750 1224 1753 1240 ᾗ

336 1251 508 1310 quitur,
536 1252 696 1311 quibus
727 1254 1101 1312 providentissime
1134 1254 1321 1298 consulit
1349 1254 1403 1297 ad
1435 1253 1646 1309 salutem3
1680 1260 1722 1296 et

336 1336 437 1365 cum
466 1322 615 1366 multis
637 1323 895 1367 nocentibus
919 1324 1130 1383 loquitur,
1156 1339 1265 1384 quos
1288 1324 1413 1383 jubet
1444 1323 1628 1367 interfici
1654 1341 1662 1367 ε
1688 1321 1721 1366 si

336 1407 439 1451 ergo
458 1393 561 1437 hinc
591 1403 818 1453 propterea
847 1394 966 1439 nulla
996 1396 1179 1455 quaestio
1209 1404 1295 1452 est3
1318 1394 1439 1438 nulla
1461 1395 1513 1438 sit
1539 1392 1721 1452 quaestio

335 1465 560 1522 quomodo
598 1465 726 1509 etiam
771 1466 1023 1510 immundus
1061 1466 1236 1525 spiritus
1276 1481 1376 1510 cum
1409 1465 1553 1508 anima
1586 1463 1719 1508 sancti

335 1534 414 1579 viri
434 1535 555 1595 loqui
577 1536 782 1594 potuerit.
809 1537 1024 1581 Omnibus
1046 1537 1161 1580 enim
1184 1537 1340 1581 sanctis
1364 1539 1478 1580 Deus
1495 1544 1662 1579 creator
1678 1542 1719 1579 et

335 1606 626 1650 sanctificator
647 1607 776 1665 longe
798 1608 951 1667 utique
978 1608 1113 1666 major
1134 1616 1212 1651 est.
1236 1606 1365 1660 Quod
1383 1606 1416 1650 si
1437 1606 1520 1650 hoc
1543 1613 1688 1649 movet
1703 1639 1714 1660 ,

335 1676 456 1735 quod
487 1676 658 1721 licuerit
694 1677 884 1737 maligno
906 1679 1076 1737 spiritui
1107 1679 1291 1723 excitare
1313 1678 1499 1721 animam
1518 1677 1645 1736 justi,
1677 1684 1719 1720 et

336 1754 545 1806 tanquam
583 1748 638 1792 de
677 1748 834 1793 abditis
882 1758 1156 1793 mortuorum
1193 1747 1477 1807 receptaculis
1516 1761 1715 1805 evocare3

335 1832 483 1862 nonne
511 1818 645 1877 magis
672 1819 918 1864 mirandum
944 1829 1029 1874 est,
1056 1819 1174 1880 quod
1200 1822 1374 1865 Satanas
1406 1819 1547 1878 ipsum
1571 1817 1717 1863 Domi-

335 1902 442 1932 num
474 1890 723 1948 assumpsit,
745 1891 971 1934 constituit
992 1906 1121 1949 super
1144 1891 1320 1950 pinnam
1343 1890 1546 1949 templi⁴i>
1568 1888 1716 1942 Quoli-

336 1957 411 2002 bet
432 1960 548 2003 enim
571 1960 702 2005 modo
718 1960 883 2015 fecerit,
908 1960 981 2004 ille
996 1961 1125 2004 etiam
1145 1961 1300 2005 modus
1314 1976 1403 2020 quo
1420 1959 1607 2005 Samueli
1622 1959 1713 2004 fac-

335 2036 430 2072 tum
452 2038 581 2073 estut
600 2031 860 2075 excitaretur
874 2031 1069 2075 similiter
1089 2030 1206 2075 latet.
1236 2031 1323 2075 Nisi
1346 2031 1457 2075 forte
1479 2031 1574 2090 quis
1597 2030 1713 2073 dixe-

335 2100 416 2154 rit,
460 2099 697 2146 faciliorem
740 2102 913 2147 diabolo
964 2101 1095 2146 fuisse
1135 2101 1350 2146 licentiam
1391 2102 1445 2145 ad
1484 2101 1712 2145 Dominum

334 2170 481 2215 vivum
507 2172 625 2216 unde
660 2173 798 2218 voluit
831 2173 1159 2227 assumendum,
1200 2182 1242 2217 et
1280 2174 1354 2216 ubi
1382 2172 1520 2217 voluit
1552 2173 1712 2217 consti·

334 2241 575 2299 tuendum,
611 2259 740 2303 quam
779 2244 833 2288 ad
873 2244 1080 2289 Samuelis
1116 2243 1314 2288 defuncti
1351 2243 1549 2302 spiritum
1579 2258 1602 2286 a
1630 2242 1714 2287 suis

333 2312 509 2358 sedibus
538 2315 831 2359 excitandum.
860 2316 988 2369 Quod
1013 2316 1045 2359 si
1064 2315 1172 2359 illud
1194 2316 1238 2358 in
1263 2315 1498 2372 Evangelio
1521 2330 1598 2358 nos
1618 2313 1714 2358 ideo

334 2398 422 2427 non
441 2385 683 2442 perturbat,
707 2386 807 2446 quia
831 2387 1038 2431 Dominus
1062 2385 1197 2430 voluit
1229 2395 1359 2446 atque
1381 2385 1573 2444 permisit
1595 2383 1713 2428 nulla

333 2452 623 2501 diminutione
645 2473 733 2501 suae
753 2457 976 2517 potestatis
993 2467 1035 2500 et
1059 2456 1294 2501 divinitatis
1315 2457 1359 2500 id
1391 2456 1508 2514 fieri3
1532 2456 1641 2500 sicut
1658 2454 1710 2499 ab
1781 2474 1790 2505 r,

1780 134 1790 618 —————
1789 110 1790 113 Α

384 2547 393 2564 ¹
417 2552 429 2573 1
452 2544 529 2584 Reg.
549 2553 604 2582 xv,
622 2552 674 2586 29.
692 2560 734 2566 --
750 2550 762 2566 2
786 2543 861 2584 Job,
882 2555 905 2581 1,
930 2552 959 2576 2.
979 2541 1042 2566 —3
1062 2546 1139 2576 Luc.
1162 2554 1241 2584 xxu,
1261 2543 1316 2584 31,
1334 2540 1402 2572 -4
1430 2539 1664 2581 Mattl1.1v‚5·
1730 2576 1732 2585 J
1788 2555 1789 2566 κ
