1790 3187
371 243 424 280 60
805 250 838 278 5.
873 249 1103 278 Auen-samm
1138 251 1317 278 Emscom

371 319 470 363 data
501 327 565 363 est
584 321 615 373 ¹,
662 317 707 361 id
743 325 838 371 est,
871 316 1065 375 quinque
1106 316 1299 374 corporis
1345 316 1538 359 sensibus
1577 314 1754 374 deditis3

370 405 468 434 nam
490 399 534 434 et
549 390 651 448 ipsae
670 388 810 432 turbae
827 387 1022 447 quinque
1043 385 1177 430 millia
1194 386 1426 431 hominum
1444 385 1622 430 fuerunt
1641 404 1650 430 :
1669 385 1756 431 sive

368 460 468 519 quia
491 474 568 518 per
589 462 770 515 Moysen
791 457 859 500 lex
875 457 966 515 ipsa
988 457 1089 500 data
1111 465 1200 514 est3
1224 459 1396 513 Moyses
1426 456 1541 499 enim
1561 455 1756 515 quinque

367 530 498 574 libros
519 529 702 588 scripsit.
724 530 780 571 Et
806 526 924 586 quod
948 526 1154 571 hordacei
1173 535 1294 570 erant
1314 541 1468 585 panes,
1490 525 1602 569 bene
1623 525 1756 584 signi-

368 601 515 655 ficant,
541 599 610 643 vel
629 600 764 657 ipsam
793 597 958 656 legem,
979 613 1077 656 quae
1094 598 1152 640 ita
1178 596 1278 641 data
1298 606 1406 654 erat,
1426 605 1476 640 ut
1497 597 1542 639 in
1556 611 1606 639 ea
1628 595 1757 641 vitale

369 671 524 714 animae
558 669 813 713 alimentum
832 661 1130 726 corporalibus
1153 667 1430 711 sacramentis
1452 666 1759 725 obtegeretur3

367 740 519 784 hordei
543 740 660 783 euim
680 737 870 782 medulla
890 738 1158 782 tenacissima
1172 737 1296 796 palea
1319 738 1502 794 tegitur:
1523 737 1594 781 vel
1614 737 1758 795 ipsum

367 811 580 870 populum
614 809 813 854 nondum
850 809 1115 868 expoliatum
1149 807 1312 852 carnali
1350 806 1562 852 desiderio
1586 842 1598 862 ,
1637 806 1757 867 quod

369 891 576 941 tanquam
616 880 738 939 palea
777 879 897 924 cordi
927 881 1020 940 ejus
1052 879 1320 936 inhaerebat3
1358 877 1402 920 id
1440 885 1518 931 est,
1559 876 1757 921 nondum

367 949 498 995 corde
513 950 833 1004 circumcisum,
859 950 919 993 ita
935 958 984 993 ut
1002 964 1082 993 nec
1107 948 1378 993 trituratione
1400 946 1727 991 tribulationum
1742 981 1771 1003 ‚.

366 1036 466 1065 cum
494 1036 569 1079 per
592 1020 759 1065 deserta
785 1020 1073 1080 quadraginta
1111 1019 1233 1063 annis
1267 1019 1500 1062 duceretur
1532 1017 1755 1062 intellectu

365 1091 554 1137 revelato
588 1092 775 1136 carnalia
799 1091 1100 1150 integumenta
1133 1091 1395 1149 deponeret,
1423 1090 1533 1133 sicut
1554 1104 1634 1133 nec
1655 1090 1757 1134 hor-

367 1161 498 1206 deum
522 1177 634 1206 areae
656 1163 809 1206 tritura
834 1162 908 1205 illo
930 1161 1089 1221 paleari
1111 1162 1299 1219 tegmine
1314 1161 1503 1205 exuitur.
1522 1161 1675 1220 Itaque
1691 1159 1771 1211 illi,

371 1231 535 1290 populo
557 1240 849 1289 congruenter
870 1231 937 1274 lex
964 1231 1059 1274 talis
1080 1231 1181 1274 data
1203 1240 1280 1275 est.
1768 1214 1771 1301 J

425 1304 487 1345 2⁰.
509 1305 605 1346 Duo
619 1311 764 1346 autem
785 1302 936 1360 pisces,
961 1302 1038 1361 qui
1051 1316 1248 1360 saporem
1263 1315 1437 1344 suavem
1455 1301 1557 1359 pani
1573 1299 1752 1357 dabant,
1768 1312 1770 1326 ¹

366 1372 474 1416 duas
504 1372 597 1416 illas
626 1387 828 1432 personas
857 1372 1063 1417 videntur
1091 1372 1329 1430 significare
1347 1407 1357 1426 ‚
1384 1371 1543 1430 quibus
1565 1371 1754 1430 populus

367 1441 440 1486 ille
458 1444 707 1501 regebatur,
733 1452 782 1487 ut
804 1457 880 1501 per
897 1458 966 1486 eas
989 1442 1269 1487 consiliorum
1291 1442 1571 1486 moderamen
1594 1443 1770 1501 accipe-1

368 1523 447 1568 ret,
475 1514 635 1571 regiam
658 1512 820 1557 scilicet
843 1522 885 1556 et
904 1512 1240 1568 sacerdotalem,
1267 1512 1321 1556 ad
1338 1527 1443 1571 quas
1461 1512 1591 1555 etiam
1612 1527 1770 1572 sacro-5

367 1592 515 1628 sancta
538 1583 611 1627 illa
635 1583 784 1627 unctio
812 1583 1058 1642 pertinebat
1082 1600 1092 1627 :
1116 1598 1302 1642 quarum
1321 1582 1517 1627 osticium
1539 1590 1630 1626 erat
1655 1581 1769 1642 pro-ff

366 1652 486 1697 cellis
521 1669 570 1698 ac
610 1653 817 1697 fluctibus
854 1652 1135 1712 popularibus
1180 1668 1408 1713 nunquam
1444 1651 1583 1710 frangi
1628 1661 1758 1712 atque

366 1725 605 1783 corrumpi,
623 1733 665 1767 et
686 1723 897 1768 violentas
912 1724 1140 1768 turbarum
1159 1724 1525 1768 contradictiones
1547 1732 1754 1782 tanquam

367 1795 643 1841 adversantes
666 1794 804 1839 undas
831 1810 944 1854 saepe
966 1795 1260 1854 disrumpere,
1285 1794 1507 1840 interdum
1530 1795 1588 1838 eis
1610 1802 1755 1839 custo-

366 1867 454 1910 dita
473 1882 548 1910 sua
560 1867 809 1924 integritate
827 1867 1003 1910 cedere:
1020 1881 1195 1925 prorsus
1211 1881 1329 1911 more
1347 1866 1527 1925 piscium
1548 1874 1767 1934 tanquam?

367 1938 412 1980 in
444 1934 689 1995 procelloso
718 1936 847 1990 mari,
883 1936 941 1980 sic
974 1937 1019 1979 in
1042 1936 1292 1980 turbulenta
1320 1937 1472 1996 populi
1507 1935 1767 1997 administra}

369 2007 487 2051 tione
514 2007 687 2051 versari.
720 2009 827 2059 Quae
865 2015 1011 2050 tamen
1042 2007 1141 2051 duae
1177 2023 1372 2067 personae
1403 2007 1639 2052 Dominum
1660 2001 1766 2053 nos·'

373 2086 486 2121 trum
505 2077 855 2136 praefigurabant.
880 2077 1041 2121 Ambas
1064 2078 1180 2121 enim
1203 2077 1319 2122 solus
1351 2077 1423 2121 ille
1457 2077 1683 2133 sustinuit,
1714 2087 1756 2122 et

367 2162 457 2191 non
478 2147 677 2205 figurate,
698 2147 772 2190 sed
794 2147 967 2206 proprie
988 2148 1104 2192 solus
1126 2147 1336 2207 implevit.
1364 2149 1471 2192 Nam
1495 2156 1537 2192 et
1560 2163 1633 2191 rex
1654 2163 1754 2193 nos-

368 2227 432 2262 ter
459 2226 523 2261 est
546 2219 755 2262 Dominus
777 2220 900 2261 Jesus
930 2218 1149 2273 Christus,
1189 2219 1266 2279 qui
1299 2219 1423 2263 nobis
1466 2217 1693 2277 pugnandi
1714 2227 1765 2267 et;

367 2287 571 2333 vincendi
604 2286 915 2332 demonstravit
936 2288 1206 2347 exemplum,
1234 2289 1279 2332 in
1309 2304 1437 2333 carne
1459 2287 1631 2333 mortali
1653 2303 1754 2348 pec-

368 2367 462 2402 cata
486 2367 632 2403 nostra
665 2359 922 2417 suscipiens,
961 2359 1273 2403 tentationibus
1300 2359 1461 2403 inimici
1498 2373 1641 2419 neque
1662 2359 1754 2403 ille-

368 2428 554 2473 cebrosis
582 2444 725 2489 neque
762 2429 1030 2473 terribilibus
1063 2429 1222 2474 cedens
1253 2449 1262 2475 :
1289 2439 1506 2489 postremo
1534 2444 1691 2473 exuens
1713 2445 1763 2487 se,

369 2513 512 2553 carne,
549 2499 820 2559 principatus
847 2509 891 2546 et
925 2508 1160 2559 potestates
1195 2500 1412 2559 expolians
1456 2490 1763 2577 fiducialiter&

419 2589 424 2605 ¹
449 2582 567 2614 coloss.
588 2593 620 2624 u,
642 2583 692 2615 15.

1770 651 1773 667 l
