1790 3187
327 208 409 246 218
767 220 798 245 s.
836 215 1067 244 mausum
1099 217 1281 246 Emscom

850 345 1176 389 PRAEFATIO.

384 481 607 531 Quantum
641 477 746 520 mihi
777 476 969 531 videtur,
1008 476 1283 522 dilectissime
1314 476 1376 520 fili
1404 476 1563 521 Dulciti
1583 512 1594 532 ,
1619 493 1708 522 non

325 548 491 593 tardavi
533 547 793 606 respondere
838 548 1247 606 interrogationibus
1285 548 1384 591 tuis.
1430 551 1511 591 Per
1550 548 1708 592 Pascha

324 619 485 677 quippe
504 618 585 661 hoc
605 632 735 670 anno,
757 633 845 676 quo
866 618 1112 661 Dominicus
1133 619 1224 677 ejus
1248 617 1331 661 fuit
1349 618 1474 661 tertio
1495 617 1708 662 Kalendas

324 688 506 746 Aprilis,
533 703 553 731 a
579 687 840 744 Carthagine
867 688 974 730 mihi
1003 689 1146 731 missas
1168 687 1330 731 litteras
1354 697 1440 731 tuae
1468 687 1708 732 dilectionis

325 758 485 817 accepi.
524 760 623 802 Post
653 774 725 801 eos
749 768 892 801 autem
916 757 1005 802 dics
1034 767 1202 802 sanctos
1232 758 1457 803 confestim
1484 759 1709 816 Carthagi-

323 845 422 872 nem
447 845 540 872 sum
565 828 783 887 profectus
807 848 815 873 :
838 830 879 872 in
898 845 982 889 qua
1006 831 1178 873 civitate
1201 830 1310 873 nihil
1333 844 1402 873 me
1426 828 1588 872 dictare
1609 844 1707 887 per·

324 900 438 944 misit
473 901 833 958 occupationum,
865 917 963 960 quae
996 901 1054 944 ibi
1079 916 1167 944 non
1196 910 1338 959 potest
1365 899 1537 955 deesse,
1579 899 1710 944 nimia

323 970 576 1013 multitudo.
606 970 687 1014 Sed
712 980 855 1028 postea
879 986 1011 1030 quam
1033 971 1136 1014 inde
1154 985 1368 1028 regressus
1389 985 1506 1024 sum,
1529 971 1710 1028 peractis

323 1040 439 1099 apud
469 1050 637 1084 nostros
667 1039 917 1099 quindecim
947 1040 1125 1095 diebus,
1150 1041 1226 1099 qui
1253 1056 1323 1084 me
1346 1049 1444 1099 post
1472 1039 1710 1083 absentiam

323 1112 576 1155 diuturnam
595 1126 746 1155 curare
769 1110 850 1154 alia
873 1111 1205 1170 compulerunt,
1228 1116 1352 1166 (nam
1372 1120 1467 1169 post
1487 1119 1570 1153 tres
1587 1125 1710 1153 men-

322 1196 387 1225 ses
410 1181 549 1225 redire
574 1182 803 1240 permissus
824 1197 918 1224 sum
935 1183 979 1238 ,)
1004 1182 1237 1225 rescribere
1258 1181 1337 1224 ista
1360 1196 1449 1224 non
1472 1179 1644 1234 distuli,
1669 1188 1712 1224 et
1758 1192 1761 1223 t

323 1253 460 1296 abste
485 1254 619 1297 missis
642 1252 980 1313 quaestionibus,
1013 1268 1111 1311 quae
1143 1268 1166 1295 a
1200 1266 1269 1294 me
1293 1267 1369 1310 per
1391 1251 1559 1294 diversa
1581 1265 1712 1310 opus-

323 1323 420 1367 cula
450 1339 543 1368 mea
563 1325 652 1384 jam
683 1323 858 1367 fuerant
892 1332 1192 1383 pertractatae,
1225 1338 1277 1366 ex
1306 1322 1465 1366 eisdem
1494 1323 1711 1382 opusculis

323 1393 506 1437 reddere
542 1393 610 1437 vel
643 1394 904 1437 solutionem
935 1392 1005 1438 vel
1032 1402 1147 1437 certe
1176 1393 1529 1452 disceptationem
1553 1407 1707 1438 meam.

323 1465 520 1524 Denique
537 1463 646 1507 illud
665 1463 987 1515 tantummodo,
1014 1464 1091 1507 ubi
1113 1465 1270 1523 quaeris
1293 1479 1426 1524 quare
1450 1464 1605 1508 dixerit
1627 1467 1712 1508 Do·
1754 1459 1756 1466 '

324 1534 467 1577 minus
501 1533 705 1577 nimirum
742 1534 942 1592 praescius
972 1533 1249 1588 futurorum,
1288 1552 1308 1576 «
1333 1533 1454 1591 Elegi
1485 1532 1619 1578 David
1643 1548 1710 1577 se-
1754 1547 1755 1588 ζ

326 1621 347 1646 »
373 1603 569 1648 cundum
590 1619 663 1648 cor
686 1606 856 1647 meum¹
877 1639 887 1659 ,
913 1623 934 1646 »
958 1619 1057 1648 cum
1089 1603 1163 1647 ille
1185 1603 1286 1648 talia
1316 1612 1359 1648 et
1381 1612 1500 1648 tanta
1527 1603 1711 1648 commi-

323 1675 446 1728 serit,
473 1674 550 1717 ubi
578 1674 873 1728 tractaverim,
907 1684 949 1718 et
984 1673 1205 1733 quomodo
1227 1674 1272 1718 id
1296 1675 1567 1733 exposuerim
1585 1708 1596 1728 ,
1623 1689 1712 1718 non

323 1744 448 1803 potui
471 1744 681 1802 reperire,
707 1753 749 1788 et
772 1754 919 1788 utrum
942 1744 995 1788 sit
1010 1744 1056 1788 in
1083 1743 1229 1804 aliquo
1251 1744 1363 1788 libro
1389 1759 1485 1788 meo
1506 1743 1575 1789 vel
1598 1745 1710 1803 epis-

325 1815 412 1859 tola
440 1816 599 1859 nescio.
628 1818 690 1859 Ac
721 1831 797 1875 per
831 1816 915 1860 hoc
944 1815 1151 1875 quoniam
1180 1814 1287 1859 mihi
1323 1815 1377 1858 de
1412 1815 1494 1859 hoc
1527 1813 1710 1859 intulisti

324 1900 449 1929 novae
470 1885 774 1944 disputationis
799 1886 1116 1940 necessitatem,
1145 1886 1189 1929 in
1211 1885 1292 1929 hac
1315 1899 1409 1929 mea
1432 1884 1710 1944 rescriptione

324 1955 369 1999 id
387 1954 591 1999 ultimum
610 1955 691 2000 feci
708 1991 718 2010 ,
742 1956 858 2015 prius
876 1955 1023 2000 volens
1040 1972 1088 2000 ea
1104 1971 1265 2016 ponere
1281 1991 1292 2011 ,
1310 1971 1409 2015 quae
1433 1955 1649 1999 habebam
1666 1955 1710 1999 in

325 2024 418 2068 aliis
438 2026 542 2069 meis
562 2026 858 2070 voluminibus
877 2034 1114 2085 praeparata
1131 2045 1139 2069 :
1161 2035 1204 2070 et
1223 2040 1302 2068 nec
1314 2024 1458 2069 studio
1481 2035 1567 2069 tuae
1585 2039 1708 2068 sanc-

325 2094 457 2138 titatis
473 2094 688 2152 deessem,
707 2095 827 2155 quod
845 2096 949 2139 mihi
968 2104 1031 2139 est
1048 2094 1360 2154 gratissimum,
1379 2109 1459 2138 nec
1477 2093 1561 2139 alio
1578 2093 1708 2138 modo

325 2163 475 2207 eadem
499 2165 641 2208 dicere
665 2180 842 2223 cogerer
857 2199 867 2219 ,
894 2164 1013 2223 quod
1036 2165 1140 2208 mihi
1163 2172 1272 2208 esset
1297 2163 1705 2220 laboriosissimum,

326 2249 405 2277 nec
425 2242 467 2277 te
485 2233 633 2294 aliquo
651 2235 835 2293 amplius
852 2234 1090 2294 adjuvaret.

384 2306 582 2356 QUAESTIO
619 2308 654 2349 Ι.
695 2308 754 2350 1⁰.
792 2333 846 2338 —
881 2305 1023 2349 Prima
1056 2305 1203 2364 itaque
1240 2304 1478 2363 propositio
1508 2313 1582 2348 tua
1617 2312 1704 2358 est,

329 2392 349 2415 «
376 2374 530 2417 Utrum
550 2374 802 2434 aliquando,
827 2375 902 2434 qui
924 2383 1025 2418 sunt
1043 2384 1137 2433 post
1157 2374 1421 2433 baptismum
1439 2382 1703 2433 peccatoreS,

325 2454 477 2489 exeant
507 2445 561 2489 de
586 2447 797 2504 gehenna.
832 2445 1166 2505 Aliquantorum
1202 2460 1391 2505 namque
1422 2460 1551 2504 super
1585 2444 1667 2489 hoe
1687 2477 1699 2499 ,
1738 2492 1741 2511 ἶ

375 2547 382 2563 ¹
408 2540 426 2571 3
444 2542 521 2582 Reg.
542 2552 615 2579 vm,
636 2541 690 2585 16,
705 2546 738 2575 et
752 2544 826 2576 Act·
846 2553 915 2583 x1u,
938 2551 992 2576 22.
