1790 3187
323 209 376 236 DE
411 208 598 236 mvssns1s
630 208 787 244 QUAEST·
823 209 973 236 ocToc.
1009 209 1172 236 TMBL‘S.
1360 199 1440 236 137

15 306 16 324 i
62 290 243 324 numero
269 274 513 317 insinuatur
544 291 552 317 2
579 286 679 332 quae
708 271 933 331 disciplina
952 308 963 328 ‚
995 272 1193 332 quandiu
1224 275 1442 332 corporeis

16 375 17 381 κ
62 347 250 394 motibus
283 342 576 403 temporaliter
608 343 902 401 significatur,
936 343 1153 388 credendo
1176 353 1374 399 constat,
1399 353 1443 389 et

15 445 17 452 ‹
61 431 202 463 rerum
226 423 440 473 gestarum
462 413 728 458 venientium
749 422 879 473 atque
908 414 1227 459 transeuntium
1250 415 1441 459 auctori-

15 510 17 534 :
61 498 146 535 tate
163 486 285 547 quasi
301 485 411 529 lacte
430 484 631 542 parvulos
648 485 785 529 nutrit
802 506 813 542 3
831 494 880 530 ut
898 485 1077 530 idoneos
1094 486 1225 530 faciat
1241 495 1441 530 contem-

58 558 237 619 plationi
251 591 262 611 ‚
287 571 386 615 quae
403 569 492 599 non
511 556 630 599 venit
649 564 691 599 et
712 556 889 610 transit,
915 556 989 600 sed
1008 571 1176 616 semper
1199 565 1346 600 manet
1366 575 1375 601 :
1396 558 1441 601 in

16 622 17 674 ζ
57 643 142 690 qua
163 626 347 687 quisque
369 626 549 669 narratis
567 624 649 669 sibi
673 624 802 670 rebus
821 625 1028 670 divinitus
1048 626 1344 686 temporaliter
1362 641 1442 686 pro

16 718 18 742 ;
55 698 192 744 salute
223 695 452 741 hominum
481 696 632 754 gestis,
659 696 747 741 sive
773 695 972 756 gerendis
997 713 1097 757 quae
1121 696 1265 741 adhuc
1294 696 1441 742 futura

17 788 19 813 k
55 768 365 831 praedicantur‚
387 767 420 811 si
438 768 722 826 permanserit
740 768 784 811 in
801 767 888 812 fide
903 777 945 812 ct
963 768 1170 827 promissa
1186 770 1438 827 speraverit,

55 850 97 887 et
124 855 222 900 quae
252 837 399 883 divina
437 838 670 882 auctoritas
705 840 902 898 praecipit
932 838 1192 898 infatigabili
1229 839 1442 885 charitate

56 910 233 970 implere
260 908 505 963 curaverit,
534 917 650 953 recte
678 918 774 967 aget
795 909 928 954 vitam
957 909 1086 969 hujus
1113 910 1376 954 necessitatis
1398 919 1442 955 et

54 981 272 1040 temporis,
290 995 389 1039 quae
403 994 586 1023 numero
599 979 945 1040 quadragenario
960 979 1308 1025 commendatur.
1325 983 1442 1034 Quo-

52 1052 166 1096 niam
188 1050 389 1095 denarius
411 1065 642 1104 numerus,
665 1050 742 1110 qui
762 1059 898 1094 totam
928 1050 1119 1096 insinuat
1142 1049 1438 1110 disciplinam,

50 1131 204 1183 quater
225 1121 402 1176 ductuS‚
426 1120 473 1164 id
494 1129 582 1176 est,
606 1135 790 1165 numero
812 1121 887 1181 qui
909 1121 1083 1180 corpori
1102 1121 1310 1165 tribuitur
1326 1121 1441 1166 mul-

52 1192 287 1253 tiplicatus,
325 1193 427 1252 quia
454 1207 532 1251 per
553 1200 722 1236 motum
755 1191 991 1252 corporalis
1026 1193 1339 1238 administratio
1365 1208 1441 1253 ge-

51 1264 185 1319 ritur,
220 1280 306 1324 qua
335 1263 501 1307 dictum
537 1271 600 1308 est
628 1263 758 1307 fidem
793 1273 1015 1319 constare,
1046 1263 1442 1324 quadragenarium

50 1351 279 1381 numerum
301 1335 491 1380 conficit.
520 1337 585 1379 Ita
612 1335 815 1394 impetrat
841 1335 967 1379 etiam
989 1334 1189 1379 stabilem
1215 1345 1258 1379 et
1279 1335 1442 1381 nullius

51 1406 254 1466 temporis
290 1406 559 1463 indigentem
592 1406 870 1464 sapientiam,
916 1421 1014 1465 quae
1050 1405 1228 1450 denario
1258 1421 1442 1452 numero

50 1477 401 1531 commendatur,
427 1486 478 1521 ut
500 1475 553 1520 ad
577 1477 865 1536 quadraginta
890 1476 1109 1521 addantur
1130 1477 1281 1522 decem
1305 1498 1314 1523 ι
1339 1480 1442 1539 quia

50 1558 93 1593 et
118 1557 259 1608 partes
287 1547 475 1607 aequales
503 1547 836 1607 quadragenarii
859 1547 1030 1591 numeri
1060 1547 1188 1592 simul
1211 1548 1357 1593 ductae
1388 1548 1442 1594 ad

20 1646 21 1664 ι
50 1620 364 1680 quinquaginta
403 1619 678 1677 perveniunt.
717 1622 863 1662 Partes
901 1627 1046 1662 autem
1082 1618 1273 1678 aequales
1310 1620 1442 1665 habet

20 1719 22 1735 .
50 1689 415 1750 quadragenarius
438 1704 646 1733 numerus
664 1724 674 1744 ‚
701 1689 842 1748 primo
863 1689 1150 1749 quadraginta
1175 1690 1219 1733 in
1239 1690 1438 1749 singulis,

50 1760 207 1804 deinde
228 1759 383 1817 viginti
407 1760 451 1802 in
473 1759 584 1803 binis
601 1794 611 1814 ‚
638 1759 789 1803 decem
813 1760 858 1803 in
881 1760 1126 1819 quaternis,
1153 1769 1252 1805 octo
1273 1761 1319 1804 in
1341 1762 1442 1821 qni-

20 1831 23 1838 “
50 1832 139 1886 nis,
164 1830 361 1889 quinque
382 1830 427 1873 in
449 1830 638 1885 octonis,
667 1839 856 1890 quatuor
878 1831 920 1874 in
945 1830 1092 1885 denis,
1118 1830 1226 1874 duas
1257 1833 1301 1875 in
1325 1832 1443 1876 vice-

50 1901 129 1945 nis.
157 1902 301 1944 Unum
325 1915 426 1958 ergo
446 1910 488 1944 et
511 1900 600 1945 duo
625 1909 664 1945 et
691 1910 880 1960 quatuor
912 1910 954 1945 et
981 1903 1178 1961 quinque
1204 1911 1246 1946 et
1269 1912 1368 1947 octo
1399 1913 1443 1949 et

22 2023 23 2026 Ἴ
51 1971 196 2016 decem
221 1980 263 2015 et
279 1971 431 2029 viginti
449 1970 576 2015 simul
592 1971 725 2016 ducta
746 1972 942 2016 efficiunt
961 1972 1295 2033 quinquaginta.
1320 1976 1441 2027 Qua-

22 2058 23 2066 *
51 2051 227 2102 propter
241 2043 350 2085 sicut
367 2040 737 2101 quadragenarius
756 2058 964 2087 numerus
982 2043 1226 2104 aequalibus
1245 2046 1330 2088 suis
1349 2060 1441 2104 par-

53 2113 165 2156 tibus
197 2112 457 2171 computatis
489 2112 602 2171 parit
635 2112 821 2172 amplius
855 2112 1083 2158 denarium
1104 2150 1114 2169 ,
1154 2124 1196 2158 et
1226 2115 1276 2159 fit
1311 2118 1441 2176 quin-

22 2185 25 2229 ἶ
52 2183 337 2243 quagenarius
369 2202 377 2227 ι
415 2183 474 2226 sic
498 2193 668 2242 tempus
703 2184 805 2228 fidei
834 2200 979 2229 rerum
1015 2201 1092 2244 pro
1127 2184 1266 2230 salute
1295 2197 1441 2232 nostra

53 2263 265 2313 gestarum
289 2264 332 2298 et
354 2254 643 2312 gerendarum
669 2270 769 2299 cum
793 2257 1000 2316 aequitate
1028 2258 1129 2301 vitae
1154 2266 1298 2301 actum
1319 2293 1329 2314 ,
1355 2259 1440 2302 im-

51 2335 188 2384 petrat
209 2325 477 2370 intellectum
502 2326 665 2371 stabilis
693 2328 942 2386 sapientiae3
982 2337 1032 2372 ut
1054 2344 1144 2372 non
1172 2328 1312 2374 solum
1343 2346 1440 2375 cre-

54 2395 217 2451 dendo,
243 2397 318 2441 sed
341 2397 467 2440 etiam
492 2397 776 2455 intelligendo
794 2398 1020 2458 disciplina
1044 2399 1256 2444 firmetur.

113 2468 172 2510 2⁰.
207 2469 264 2511 Et
285 2465 382 2512 ideo
404 2482 453 2512 ea
475 2483 574 2527 quae
596 2484 714 2513 nunc
745 2478 808 2513 est
837 2468 1031 2514 Ecclesia
1049 2505 1060 2525 ‚
1089 2471 1286 2531 quamvis
1317 2490 1336 2513 «
1362 2471 1440 2516 filii

24 2565 26 2609 ὲ
58 2552 78 2576 »
102 2536 178 2580 Dei
194 2537 342 2594 simus,
364 2556 383 2581 »
404 2547 503 2584 ante
520 2548 666 2584 tamen
682 2555 813 2599 quam
837 2558 856 2583 «
878 2549 1082 2600 appareat
1098 2541 1203 2601 quid
1222 2541 1394 2597 erimus,
1415 2561 1435 2584 »
