1790 3187
352 238 430 276 170
784 246 816 273 s.
854 247 1083 274 aueuswnu
1117 248 1297 275 muscum

1781 0 1786 97 ἰ

1779 177 1782 203 ι

344 313 433 357 sola
455 327 541 357 non
562 311 720 355 sufficit
735 312 909 370 utjuste
920 320 1124 371 recteque
1145 313 1354 367 vivamus,
1373 313 1451 356 nisi
1465 312 1717 373 adjuvemur
1775 225 1781 434 ἱ

344 382 634 427 misericordia
663 381 738 424 Dei
769 399 777 424 ι
813 390 954 440 potest
981 391 1023 424 et
1054 382 1136 425 hoc
1159 382 1289 425 modo
1323 382 1437 437 dici,
1469 383 1605 440 Igitur
1633 399 1718 429 non
1752 410 1755 412 -

344 453 583 497 miserentis
601 460 663 494 est
680 451 755 494 Dei
774 486 783 505 ‚
809 452 883 494 sed
908 451 1090 495 volentis
1108 461 1168 495 est
1191 452 1375 496 hominis
1402 472 1412 509 3
1437 453 1537 512 quia
1553 454 1717 498 miseri-

344 524 489 569 cordia
509 524 584 567 Dei
604 522 692 566 sola
717 537 804 566 non
821 522 980 565 sufficit
1000 557 1010 575 ‚
1037 522 1115 565 nisi
1136 538 1367 566 consensus
1386 532 1541 567 nostrae
1561 523 1716 568 volun-

344 595 442 638 tatis
464 592 664 638 addatur.
686 595 741 636 At
761 591 869 635 illud
892 593 1167 636 manifestum
1190 602 1281 647 est,
1304 592 1462 637 frustra
1497 609 1573 637 nos
1590 592 1716 649 velle,

344 664 425 708 nisi
454 667 568 708 Deus
590 664 841 707 misereatur
868 681 876 707 :
898 662 1006 706 illud
1028 672 1174 707 autem
1196 664 1340 708 nescio
1357 663 1579 723 quomodo
1600 664 1717 708 dica-

343 743 429 788 tur,
449 733 606 777 frustra
630 736 764 776 Deum
781 733 987 787 misereri,
1006 733 1085 776 nisi
1103 749 1179 777 nos
1200 733 1395 777 velimus.
1412 734 1454 778 Si
1472 734 1585 777 enim
1608 736 1719 779 Deus

342 804 583 858 miseretur,
606 803 734 847 etiam
757 802 957 846 volumus
979 822 987 846 :
1012 803 1066 847 ad
1083 802 1276 846 eamdem
1296 803 1457 862 quippe
1481 803 1719 848 misericor-

341 873 457 917 diam
479 873 667 933 pertinet
685 883 733 917 ut
754 873 935 917 velimus
963 893 973 930 3
1008 876 1118 917 Deus
1137 873 1252 916 enim
1271 882 1335 917 est
1357 875 1431 932 qui
1453 882 1655 932 operatur
1675 875 1719 917 in

341 946 466 990 nobis
488 955 531 990 et
551 945 661 990 velle
681 955 722 989 et
743 946 909 1004 operari
932 961 1010 1004 pro
1030 946 1143 989 bona
1165 943 1404 989 voluntate.
1424 948 1532 991 Nam
1555 946 1587 989 si
1605 961 1719 1005 quae-

342 1032 484 1060 ramus
507 1051 518 1071 ‚
545 1025 689 1060 utrum
726 1016 802 1060 Dei
837 1016 1003 1059 donum
1030 1015 1081 1058 sit
1114 1014 1311 1058 voluntas
1341 1015 1477 1070 bona,
1503 1016 1659 1058 mirum
1686 1016 1720 1060 si

341 1101 498 1145 negare
518 1087 747 1146 quisquam
778 1085 948 1129 audeat.
973 1089 1029 1130 At
1049 1086 1162 1128 enim
1184 1087 1284 1144 quia
1307 1102 1394 1130 non
1417 1086 1622 1145 praecedit
1644 1101 1720 1130 vo·

340 1156 484 1200 luntas
513 1158 626 1201 bona
641 1157 908 1201 vocationem
924 1192 934 1210 ‚
962 1157 1035 1200 sed
1053 1157 1223 1201 vocatio
1252 1157 1410 1201 bonam
1433 1157 1716 1212 voluntatem,

339 1237 565 1285 propterea
584 1227 757 1270 vocanti
774 1229 859 1269 Deo
878 1235 992 1269 recte
1009 1222 1349 1285 tribuitur'quod
1371 1227 1482 1270 bene
1503 1229 1716 1281 volumus,

339 1297 464 1341 nobis
493 1313 592 1341 vero
627 1297 758 1340 tribui
791 1312 878 1340 non
903 1306 1045 1355 potest
1071 1297 1190 1355 quod
1219 1312 1440 1341 vocamur.
1471 1299 1568 1342 Non
1590 1298 1720 1355 igitur

339 1366 437 1410 ideo
458 1367 620 1411 dictum
636 1367 878 1426 putandum
894 1375 971 1420 est,
983 1386 1001 1407 «
1018 1369 1111 1411 Non
1131 1367 1314 1410 volentis
1333 1382 1473 1426 neque
1490 1367 1714 1422 currentis,

343 1456 360 1477 »
386 1437 460 1481 sed
482 1438 721 1481 miserentis
749 1446 811 1481 est
835 1437 939 1491 Dei,
970 1455 989 1477 »
1024 1437 1123 1496 quia
1151 1437 1230 1480 nisi
1264 1438 1355 1496 ejus
1387 1438 1603 1497 adjutorio
1631 1452 1717 1481 non
1778 1454 1788 1470 ·

339 1522 565 1565 possumus
599 1506 775 1565 adipisci
797 1506 915 1566 quod
941 1507 1142 1550 volumus
1170 1526 1178 1550 ;
1203 1506 1277 1550 sed
1300 1506 1397 1550 ideo
1419 1509 1563 1566 potius
1581 1542 1591 1561 ,
1617 1506 1717 1566 quia

338 1577 414 1620 nisi
439 1577 529 1636 ejus
549 1577 774 1621 vocatione
797 1592 885 1620 non
908 1576 1123 1621 volumus.
1754 1584 1757 1622 i

399 1649 485 1690 13⁰.
511 1646 594 1691 Sed
610 1647 642 1690 si
661 1647 830 1690 vocatio
854 1647 930 1690 ista
949 1647 1005 1690 ita
1023 1655 1086 1690 est
1099 1646 1293 1690 effectrix
1316 1647 1442 1690 bonae
1466 1645 1714 1702 voluntatis,

336 1726 385 1760 ut
407 1717 546 1760 omnis
569 1732 661 1760 eam
691 1726 867 1760 vocatur
902 1726 1108 1776 sequatur
1128 1752 1138 1769 ,
1167 1718 1389 1776 quomodo
1412 1732 1561 1760 verum
1603 1718 1683 1760 erit
1704 1737 1712 1762 :

340 1805 360 1827 «
386 1786 514 1830 Multi
532 1788 687 1841 vocati,
711 1787 838 1845 pauci
859 1787 1070 1830 electilP»
1091 1786 1221 1839 Quod
1241 1787 1273 1830 si
1293 1802 1442 1830 verum
1465 1797 1543 1840 est,
1565 1795 1607 1830 et
1629 1801 1715 1830 non

336 1867 648 1916 consequenter
666 1858 881 1901 vocationi
900 1866 1076 1901 vocatus
1096 1858 1384 1916 obtemperat,
1408 1866 1538 1916 atque
1556 1866 1605 1900 ut
1628 1872 1716 1901 non

336 1928 605 1986 obtemperet
624 1928 667 1970 in
688 1929 777 1986 ejus
793 1937 856 1972 est
870 1930 1057 1987 positum
1082 1927 1306 1972 voluntate
1323 1963 1333 1976 ,
1355 1937 1468 1971 recte
1485 1928 1612 1971 etiam
1630 1927 1714 1972 dici
1747 1923 1751 1981 Ι

336 2006 507 2056 potest:
546 1998 681 2055 Igitur
720 2013 808 2041 non
841 1999 1082 2042 miserentis
1117 1999 1226 2051 Dei,
1263 1997 1337 2041 sed
1367 1997 1550 2042 volentis
1586 2006 1714 2056 atque
1746 1988 1749 2059 ξ

335 2067 546 2110 currentis
581 2077 644 2110 est
676 2068 862 2111 bominis
891 2087 898 2112 :
932 2069 1032 2127 quia
1076 2067 1369 2112 misericordia
1407 2068 1601 2112 vocantis
1628 2082 1714 2111 non

335 2138 522 2190 sufficit,
551 2138 627 2181 nisi
650 2139 790 2182 vocati
813 2138 1058 2182 obedientia
1088 2148 1389 2197 consequatur.
1417 2143 1484 2182 An
1514 2138 1624 2182 forte
1653 2137 1714 2182 illi

335 2207 411 2266 qui
430 2208 511 2251 hoc
539 2208 667 2251 modo
687 2209 823 2252 vocati
849 2224 934 2252 non
957 2209 1251 2259 consentiunt,
1281 2217 1453 2266 possent
1478 2208 1560 2251 alio
1583 2207 1712 2251 modo

335 2277 475 2321 vocati
498 2278 823 2322 accommodare
845 2278 945 2322 fidei
976 2277 1242 2322 voluntatem
1262 2314 1271 2333 ‚
1298 2287 1346 2321 ut
1368 2288 1410 2322 et
1432 2277 1540 2321 illud
1562 2292 1708 2321 verum
1740 2275 1744 2348 ι

335 2347 404 2401 sit,
427 2347 555 2391 Multi
574 2348 730 2402 vocati,
753 2348 876 2406 pauci
895 2349 1042 2405 electi3
1063 2358 1110 2391 ut
1126 2349 1320 2408 quamvis
1339 2348 1462 2391 multi
1479 2363 1567 2392 uno
1580 2347 1709 2392 modo

336 2418 475 2461 vocati
489 2418 588 2472 sint,
603 2426 749 2461 tamen
764 2419 864 2478 quia
884 2434 971 2462 non
993 2434 1142 2462 omnes
1166 2434 1253 2463 uno
1273 2420 1404 2462 modo
1427 2418 1570 2462 affecti
1591 2428 1706 2474 sunt,
1737 2427 1741 2490 s
1787 2453 1790 2462 ⁴

336 2487 395 2530 ilh
408 2488 483 2531 soli
501 2497 735 2547 sequantur
748 2490 1031 2541 vocationem,
1052 2491 1124 2549 qui
1142 2490 1178 2533 ei
1194 2490 1415 2548 capiendae
1434 2489 1708 2547 reperiuntur
1736 2495 1740 2562 t
1787 2507 1790 2532 ι

385 2579 390 2593 ¹
411 2571 521 2602 Matth,
546 2583 623 2613 xxii,
645 2572 693 2613 14.
