1790 3187
364 192 449 232 270
802 203 834 230 s.
874 204 1103 232 Avensa-ml
1137 207 1318 233 Erxscom

361 284 461 314 cum
491 277 580 313 tam
614 269 773 313 multos
796 269 926 314 animi
956 279 1098 315 motus
1132 286 1222 315 esse
1250 270 1407 315 sentias
1437 279 1631 330 expertes
1651 284 1758 316 om-‘

360 339 480 383 nium
498 374 509 393 ,
559 339 614 383 de
655 339 815 398 quibus
857 355 975 384 nunc
1027 341 1184 401 quaeris
1235 341 1474 399 imaginum
1503 376 1514 395 ‚
1551 342 1748 401 quolibet

360 410 443 454 alio
477 420 597 453 motu
627 411 814 453 animam
844 411 984 455 sortiri
1020 427 1176 471 corpus
1209 428 1340 472 quam
1370 412 1639 457 sensibilium
1668 430 1747 458 co-

359 482 567 540 gitatione
596 480 857 537 formarum,
891 498 998 541 quas
1021 498 1114 526 eam
1151 485 1402 543 priusquam
1431 499 1612 543 corpore
1644 500 1746 529 sen-

358 553 566 613 sibusque
587 561 760 606 utatur,
787 553 909 596 nullo
927 553 1058 597 modo
1082 554 1266 598 arbitror
1282 556 1370 614 pati
1393 570 1529 614 posse.
1555 558 1747 608 Quamo-

358 623 477 666 brem
515 639 592 682 pro
621 634 765 668 nostra
796 623 1115 680 familiaritate,
1146 635 1187 669 et
1212 642 1289 684 pro
1319 626 1449 685 ipsius
1472 625 1608 669 divini
1635 626 1745 685 juris

356 693 444 737 fide
469 694 622 738 sedulo
646 696 910 748 monuerim,
936 696 1184 740 charissime
1207 697 1313 740 milii
1337 697 1741 757 acjueuudissime‚

355 765 519 808 nullam
539 782 637 809 cum
663 766 750 810 istis
772 766 951 810 inferuis
976 768 1140 811 umbris
1161 769 1337 826 copules
1356 768 1581 812 amicitiam
1599 803 1610 821 ,
1632 783 1742 811 neve

355 834 471 878 illam
493 871 503 888 ‚
529 852 628 896 quae
649 841 848 896 copulata
872 847 962 891 est,
995 848 1200 882 cunctere
1220 838 1439 881 divellere.
1472 838 1603 883 Nullo
1626 837 1744 881 enim

355 907 487 950 modo
515 909 724 952 resistitur
746 909 935 968 corporis
956 910 1150 953 sensibus
1166 945 1175 963 ‚
1198 926 1298 969 quae
1318 910 1441 954 nobis
1464 909 1742 953 sacratissima

354 977 580 1035 disciplina
614 989 702 1034 est,
728 980 762 1023 si
791 995 867 1038 per
900 995 972 1024 eos
1003 980 1176 1025 inflictis
1199 981 1363 1040 plagis,
1399 980 1742 1040 vulneribusque

353 1046 619 1092 blandimur.

352 1192 1730 1212 mmmmmmmwmmmmmmmmmmm

778 1303 1102 1352 EPtSTOLA
1140 1303 1306 1352 V11t1.

758 1441 1024 1474 AUGUSTINO
1066 1441 1328 1476 NEBRIDIUS.

357 1557 589 1618 Quanam
616 1555 875 1602 coelestiam
899 1567 1193 1617 potestatum
1222 1559 1272 1602 in
1304 1558 1523 1602 animam
1545 1567 1735 1602 acczone

391 1629 496 1690 fiat
516 1638 568 1673 ut
588 1629 824 1691 imagines
845 1627 917 1673 ad
933 1630 1118 1674 somnia
1141 1627 1397 1674 dormienti
1411 1626 1688 1688 subrepant.

407 1767 441 1809 I.
471 1783 491 1807 «
515 1767 777 1809 FESTINANTI
799 1765 904 1808 mihi
926 1763 980 1808 ad
1003 1779 1093 1808 rem
1117 1764 1342 1824 pervenire
1357 1799 1367 1819 ‚
1393 1763 1562 1808 nullum
1580 1779 1731 1824 prooe-
1778 1759 1788 1811 i

346 1835 479 1878 mium
496 1870 506 1890 ‚
532 1835 703 1878 nullum
726 1835 868 1894 placet
893 1834 1135 1879 exordium.
1168 1835 1253 1888 Qui
1274 1835 1348 1890 fit,
1374 1836 1433 1878 mi
1455 1835 1696 1893 Augustine
1714 1869 1726 1890 ‚
1782 1824 1787 1874 s

344 1905 413 1951 vel
435 1907 509 1966 qui
530 1908 686 1951 modus
702 1916 763 1950 est
785 1905 857 1950 ille
874 1941 885 1960 ‚
903 1922 992 1966 quo
1010 1914 1198 1950 utuntur
1214 1906 1454 1964 superiores
1474 1915 1700 1964 potestates
1713 1940 1725 1961 ,
1785 1915 1787 1951 1

341 1993 449 2037 quas
466 1977 661 2022 coelestes
679 1976 863 2036 intelligi
879 1977 995 2032 volo,
1016 1992 1115 2021 cum
1132 1977 1190 2020 eis
1209 1976 1348 2035 placet
1365 1976 1490 2020 nobis
1507 1976 1728 2021 dormien-

339 2048 457 2091 tibus
483 2047 625 2107 aliqua
654 2047 820 2091 somnia
842 2047 1164 2091 demonstrare?
1190 2047 1303 2100 Qui,
1337 2046 1516 2106 inquam
1533 2082 1544 2102 ,
1572 2046 1727 2091 modus
1784 2064 1785 2067 ¹

340 2129 429 2174 est,
454 2119 500 2162 id
523 2129 586 2163 est
606 2116 830 2178 quomodo
852 2116 896 2161 id
932 2116 1123 2173 faciunt,
1150 2133 1236 2177 qua
1261 2127 1376 2173 arte,
1412 2118 1572 2178 quibus
1601 2133 1725 2162 man-

340 2190 460 2249 ganis
487 2225 496 2244 ,
538 2188 752 2249 quibusve
789 2188 1086 2232 instrumentis
1116 2197 1192 2232 aut
1233 2188 1590 2233 medicamentis?
1631 2188 1725 2232 ani-

340 2275 543 2304 mum-ne
563 2268 758 2303 nostrum
783 2274 858 2318 per
879 2258 1162 2317 cogitationes
1179 2274 1275 2302 suas
1296 2258 1549 2317 impellunt,
1574 2267 1623 2302 ut
1645 2273 1724 2304 nos
1785 2278 1787 2286 ⁴

339 2332 466 2375 etiam
491 2346 540 2375 ea
562 2329 793 2389 cogitando
816 2329 1133 2386 imaginemur?
1155 2332 1222 2373 An
1242 2329 1332 2389 ipsa
1354 2330 1398 2374 in
1415 2345 1494 2375 suo
1517 2343 1718 2388 corpore,

338 2403 407 2448 vel
435 2403 479 2446 in
509 2417 584 2446 sua
608 2401 831 2460 phantasia
847 2436 858 2456 ‚
892 2399 1005 2445 facta
1030 2400 1155 2445 nobis
1177 2401 1371 2446 offerunt
1391 2410 1435 2445 et
1456 2399 1718 2458 ostendunt3

389 2506 396 2522 ¹
417 2503 500 2537 Alias
520 2514 706 2546 ccuv.quae
718 2507 824 2535 autem
842 2513 894 2535 vin
915 2506 995 2543 erat,
1008 2512 1090 2535 nvnc
1110 2512 1263 2535 xvvni.—-
1280 2502 1404 2544 Scripta
1417 2501 1511 2544 paulo
1526 2507 1596 2544 post
1613 2505 1719 2545 poste·
1743 2513 1745 2518 ·

338 2560 454 2593 riorem
476 2559 575 2602 Epist.
