1790 3187
236 151 287 177 m:
321 150 507 177 mvnneus
539 150 695 185 Qcffistr.
733 150 787 176 An
818 152 1076 178 51MPLIC1AN.
1112 154 1193 178 Llss.
1231 155 1259 178 1.
1359 143 1439 182 163

10 138 13 177 Ι

9 191 13 281 i
58 222 412 268 commemorata,
442 229 529 273 qua
566 213 733 258 dictum
760 224 849 271 est,
879 233 899 258 «
923 219 980 261 Et
1013 218 1149 277 major
1175 219 1331 262 serviet
1359 221 1441 263 mi-

60 303 80 327 »
106 285 223 329 nori:
258 302 278 325 »
313 293 356 328 et
387 293 487 328 ante
516 300 647 344 quam
682 286 772 329 nati
802 296 844 330 et
878 286 1043 347 aliquid
1080 290 1245 347 operati
1278 299 1434 334 essent.

0 373 2 393 ÷
58 355 324 413 Undeigitur
345 355 422 398 ista
438 354 607 411 electio,
626 355 694 399 vel
713 356 849 416 qualis
863 356 1033 413 electio,
1054 359 1089 402 si
1107 359 1306 403 nondum
1326 361 1438 405 natis

0 456 1 462 ,
55 425 338 485 nondumque
358 425 522 485 aliquid
545 428 730 485 operatis
753 427 872 472 nulla
893 439 995 473 sunt
1018 439 1239 474 momenta
1262 432 1439 476 merito-

54 497 178 540 rum?
192 498 259 540 An
275 496 389 540 forte
406 506 508 541 sunt
522 496 666 557 aliqua
682 501 962 543 naturarum?
982 500 1088 553 Quis
1106 501 1188 545 hoc
1202 501 1434 561 intelligat,

0 587 1 591 ¹
52 581 102 610 ex
125 581 212 610 uno
235 575 371 625 patre,
409 582 460 610 ex
494 583 579 612 una
607 578 766 623 matre,
793 585 845 613 ex
868 586 956 614 uno
978 571 1240 626 concubitu,
1268 588 1318 615 ex
1349 589 1437 618 uno

51 638 267 680 creatore?
284 639 353 680 An
371 637 742 697 quemadmodum
761 655 812 683 ex
829 640 979 684 eadem
1005 651 1118 685 terra
1132 641 1249 686 idem
1270 652 1437 688 creator

0 731 1 743 2
50 706 251 765 produxit
283 706 448 751 diversa
479 708 765 753 animantium
790 719 923 769 atque
956 712 1233 769 gignentium
1256 729 1430 772 genera,

0 802 1 817 2
50 776 107 820 ita
139 791 189 820 ex
220 776 372 821 eodem
409 779 633 823 hominum
666 780 870 840 conjugio
905 790 1036 840 atque
1068 783 1301 842 complexu
1338 800 1439 843 pro-

0 879 1 886 i
51 847 175 891 duxit
196 848 239 891 in
263 849 442 905 geminis
459 849 671 894 diversam
691 850 872 909 prolem,
899 867 1029 894 unam
1055 868 1188 911 quam
1214 854 1435 911 diligeret,

51 917 228 961 alteram
248 934 379 977 quam
410 919 595 963 odisset?
620 920 749 966 Nulla
776 936 879 980 ergo
912 921 1140 977 electione,
1177 932 1274 967 ante
1302 941 1434 983 quam

49 997 156 1032 esset
175 989 294 1048 quod
313 988 559 1048 eligeretur.
583 990 625 1035 Si
645 991 761 1034 enim
788 992 929 1034 bonus
960 991 1099 1036 factus
1123 1002 1186 1037 est
1209 994 1365 1048 Jacob,
1391 1005 1439 1039 ut

0 1065 2 1092 ἲ
50 1058 258 1118 placeret,
284 1060 399 1103 unde
422 1059 586 1119 placuit
609 1070 709 1105 ante
731 1077 861 1121 quam
884 1062 1020 1116 fieret,
1048 1072 1097 1106 ut
1117 1064 1260 1108 bonus
1282 1064 1434 1109 fieret?

0 1150 3 1172 ι
45 1132 142 1176 Non
162 1129 310 1191 itaque
340 1131 503 1175 electus
528 1141 591 1176 est
612 1141 661 1176 ut
684 1133 804 1176 fieret
836 1133 992 1186 bonus,
1023 1133 1099 1177 sed
1126 1134 1268 1179 bonus
1289 1136 1433 1180 factus

44 1200 140 1258 eligi
162 1201 320 1260 potuit.

102 1274 146 1316 5⁰
176 1275 244 1316 An
269 1271 368 1317 ideo
401 1292 419 1314 «
454 1273 692 1317 secundum
723 1273 1004 1328 electionem,
1045 1294 1062 1313 »
1100 1276 1200 1334 quia
1231 1278 1429 1321 omnium

0 1359 2 1388 ῑ
43 1344 154 1386 Deus
172 1343 372 1402 praescius
387 1344 513 1387 etiam
530 1342 722 1386 futuram
743 1343 872 1386 fidem
891 1343 1000 1387 vidit
1016 1344 1058 1386 in
1077 1345 1214 1388 Jacob
1229 1347 1426 1390 nondum

0 1442 3 1455 .
42 1415 172 1456 nato?
196 1423 245 1457 ut
263 1416 459 1473 quamvis
486 1429 574 1457 non
598 1430 647 1456 ex
669 1414 870 1473 operibus
892 1413 978 1456 suis
996 1413 1226 1473 justificari
1245 1416 1429 1476 quisque

0 1501 2 1530 t
43 1493 282 1538 mereatur,
319 1483 676 1544 quandoquidem
708 1485 819 1527 bene
853 1485 1021 1543 operari
1054 1484 1133 1528 nisi
1166 1486 1429 1544 justificatus

41 1569 127 1598 non
145 1564 302 1613 potest,
329 1564 474 1599 tamen
496 1556 597 1614 quia
619 1570 668 1599 ex
691 1554 776 1598 fide
793 1554 1002 1614 justificat
1016 1565 1165 1612 gentes
1185 1559 1320 1613 Deus,
1346 1574 1426 1603 nec

0 1650 5 1667 ·.
39 1624 174 1668 credit
191 1625 344 1685 aliquis
366 1626 445 1669 nisi
463 1625 595 1669 libera
620 1625 844 1670 voluntate
861 1628 890 1679 ¹,
920 1625 1031 1669 hanc
1060 1626 1196 1684 ipsam
1220 1627 1322 1671 fidei
1347 1645 1426 1673 vo-

3 1731 5 1735 .
40 1694 249 1740 luntatem
272 1696 466 1740 futuram
485 1697 726 1755 praevidens
744 1699 876 1749 Deus,
898 1696 1026 1738 etiam
1052 1696 1252 1740 nondum
1271 1708 1425 1743 natum

0 1783 5 1811 ,ἰ
37 1767 320 1824 praescientia,
348 1782 475 1825 quem
505 1766 783 1826 justificaret,
815 1765 1007 1825 elegerit.
1041 1768 1084 1811 Si
1114 1767 1248 1825 igitur
1274 1769 1427 1814 electio

0 1852 6 1885 ζ.
37 1850 112 1893 per
155 1836 490 1894 praescientiam,
525 1836 738 1895 praescivit
776 1845 921 1879 autem
956 1840 1069 1880 Deus
1101 1837 1234 1881 fidem
1263 1841 1423 1898 Jacob,

0 1931 3 1956 5
37 1907 155 1950 unde
177 1908 334 1966 probas
361 1909 464 1967 quia
493 1923 581 1952 non
604 1908 732 1951 etiam
759 1923 809 1950 ex
843 1907 1049 1967 operibus
1079 1907 1208 1967 elegit
1228 1912 1359 1953 eum?
1384 1913 1427 1956 Si

36 1987 263 2037 propterea
294 1979 394 2038 quia
425 1978 620 2022 nondum
657 1978 748 2021 nati
781 1987 925 2032 erant,
963 1987 1006 2022 et
1029 1978 1226 2022 nondum
1257 1980 1423 2039 aliquid

0 2076 3 2095 ³
37 2059 211 2107 egerant
234 2050 400 2094 bonum
426 2065 502 2094 seu
520 2050 706 2106 malum,
730 2049 788 2094 ita
811 2050 941 2092 etiam
960 2048 1160 2093 nondum
1180 2052 1425 2097 crediderat

0 2149 2 2171 ‚
37 2119 189 2179 aliquis
210 2135 376 2164 eorum.
403 2120 486 2165 Sed
501 2120 767 2179 praescientia
785 2118 893 2163 vidit
915 2120 1220 2164 crediturum?
1239 2124 1301 2165 Ita
1318 2138 1431 2181 prae-

0 2214 4 2242 ἶ
35 2189 208 2234 scientia
231 2190 378 2234 videre
401 2199 569 2249 poterat
597 2198 878 2248 operaturum
908 2208 915 2232 :
944 2198 993 2232 ut
1019 2189 1247 2249 quomodo
1269 2190 1428 2235 dicitur

0 2284 3 2312 Ι
33 2260 192 2305 electus
227 2271 406 2321 propter
439 2261 571 2306 fidem
593 2260 788 2305 futuram
809 2295 819 2315 ‚
843 2275 974 2319 quam
999 2261 1256 2319 praesciebat
1287 2265 1424 2319 Deus,

0 2357 2 2383 g
34 2331 91 2376 sic
112 2332 217 2378 alius
244 2333 375 2393 possit
401 2333 561 2388 dicere,
592 2343 772 2393 propter
802 2331 950 2375 futura
979 2347 1111 2391 opera
1134 2333 1278 2392 potius
1306 2335 1424 2379 elec-

0 2452 2 2457 ,
34 2418 124 2470 tum
141 2437 152 2458 ,
196 2419 295 2464 quae
343 2402 624 2449 nihilominus
664 2401 920 2463 praesciebat
960 2404 1101 2457 Deus,
1147 2404 1424 2464 Quapropter

73 2492 79 2508 ¹
107 2488 195 2520 Gali
229 2489 248 2520 8

1153 2542 1213 2580 11.

20 2578 24 2712 ²

22 2815 25 2868 Ι
