1790 3187
233 167 283 192 οε
319 166 504 191 DtVssttsts
538 166 693 199 QtsicsT.
732 165 785 191 Αι)
817 166 1073 192 slMPLtciAN.
1112 167 1192 191 Lm.
1232 169 1257 191 ι,
1363 155 1437 192 147

67 253 86 274 »
113 230 370 283 nesciebam,
396 230 475 273 nisi
493 228 563 272 lex
583 229 770 284 diceret,
790 233 887 276 Non
908 232 1183 291 concupisces
1210 234 1240 274 ¹.
1269 249 1289 272 »
1322 232 1443 276 Unde

63 310 240 363 apparet
261 299 657 359 concupiscentiam
687 315 760 359 per
781 300 921 360 legem
945 318 1032 346 non
1056 302 1225 346 insitam
1241 337 1251 356 ‚
1271 301 1346 346 sed
1365 302 1443 346 de-

64 380 358 417 monstratam.

88 454 89 458 ’
121 445 180 487 3⁰.
225 444 505 501 Consequens
554 449 697 484 autem
742 451 833 486 erat
860 478 868 497 ,
914 452 963 487 ut
1002 443 1210 503 quoniam
1246 442 1443 487 nondum

62 523 235 572 accepta
249 513 383 572 gratia
405 512 771 572 concupiscentiae
795 514 929 558 resisti
948 530 1037 558 non
1055 523 1240 574 poterat,
1262 529 1445 572 augere-

63 594 133 629 tur
148 585 276 628 etiam
291 603 299 628 z
316 584 417 640 quia
432 586 616 644 majores
633 585 743 628 vires
761 585 892 628 habet
903 585 1253 644 concupiscentia
1267 585 1448 629 crimine

63 655 418 716 praevaricationis
450 655 658 715 adjuncto
684 692 694 711 ,
720 672 819 700 cum
837 656 965 700 etiam
985 666 1136 700 contra
1158 655 1295 714 legem
1312 655 1417 701 facit
1434 691 1445 711 ,

61 741 190 786 quam
225 726 260 770 si
293 725 412 769 nulla
443 725 537 784 lege
576 727 897 786 prohiberetur.
934 729 1265 786 Consequenter
1301 728 1448 786 itaque

61 797 282 856 subjungit
301 815 309 840 :
331 815 351 839 «
372 797 610 841 Occasione
633 806 777 841 autem
801 805 975 855 accepta
988 806 1214 855 peceatum
1237 812 1315 856 per
1332 812 1451 841 man-

65 886 85 908 »
106 867 253 911 datum
277 878 504 926 operatum
529 876 594 911 est
615 868 659 910 in
681 883 749 911 me
772 882 944 911 omnem
970 868 1368 925 concupiscentiam
1384 870 1447 910 2.»

62 941 164 982 Erat
194 938 307 981 enim
337 947 381 981 et
419 947 520 982 ante
552 938 691 997 legem
711 973 721 992 ,
741 938 816 981 sed
834 953 922 981 non
957 938 1098 981 omnis
1126 947 1242 992 erat,
1273 938 1452 998 quando

61 1010 221 1054 crimen
264 1009 630 1068 praevaricationis
668 1010 813 1053 adhuc
860 1009 1022 1052 deerat.
1069 1008 1194 1053 Unde
1228 1008 1313 1053 alio
1355 1009 1451 1054 loco

61 1081 166 1126 dicit
194 1100 201 1124 ι
233 1101 251 1121 α
284 1080 367 1124 Ubi
390 1081 502 1123 enim
528 1096 617 1124 non
640 1090 703 1124 est
720 1080 806 1135 lex,
832 1096 912 1124 nec
935 1080 1232 1139 praevaricatio
1256 1082 1317 1124 3.»

121 1155 178 1195 4⁰.
205 1151 333 1205 Quod
358 1163 502 1196 autem
533 1153 730 1211 adjungit
752 1171 760 1196 ε
793 1173 810 1192 «ι
836 1152 934 1195 Sine
959 1151 1052 1209 lege
1084 1152 1200 1195 enim
1224 1161 1450 1211 peccatum

65 1240 84 1263 »
120 1232 340 1267 mortuum
365 1232 429 1267 est
460 1224 474 1248 ⁴
511 1243 519 1266 :
564 1242 582 1262 »
611 1238 688 1281 pro
711 1238 761 1266 eo
792 1222 976 1280 positum
1015 1231 1106 1276 est,
1133 1238 1181 1266 ac
1215 1223 1249 1266 si
1269 1222 1449 1278 diceret,

60 1293 164 1338 latet
190 1330 200 1347 ,
222 1295 306 1338 hoc
329 1304 392 1338 est
417 1330 428 1347 ,
455 1303 676 1338 mortuum
702 1304 882 1352 putatur
909 1313 917 1337 ε
944 1294 1063 1353 quod
1094 1294 1226 1353 paulo
1250 1303 1345 1353 post
1367 1295 1451 1339 evi-

61 1365 231 1409 dentius
259 1365 456 1409 dicturus
479 1374 556 1413 est.
582 1385 601 1406 «
629 1368 722 1423 Ego
745 1374 887 1408 autern
908 1400 918 1416 ,
946 1365 1114 1423 inquit,
1138 1365 1339 1408 vivebam
1360 1365 1452 1408 sine

65 1455 85 1477 »ι
110 1436 202 1494 lege
224 1436 484 1496 aliquando⁵
507 1455 515 1480 :
538 1455 555 1476 υ
574 1436 616 1479 id
635 1445 715 1489 est,
733 1434 851 1479 nulla
869 1445 1046 1493 peccato
1070 1444 1210 1479 morte
1229 1435 1450 1493 terrebar3

61 1508 158 1566 quia
173 1522 258 1550 non
275 1507 526 1566 apparebat,
542 1520 639 1549 cum
659 1505 725 1549 lex
745 1521 832 1550 non
849 1514 973 1548 esset.
993 1505 1293 1550 «Adveniente
1305 1515 1452 1550 autem

65 1596 84 1620 »
110 1578 313 1622 mandato
329 1613 339 1632 ,
366 1586 592 1636 peecatum
617 1577 796 1634 revixit3
825 1595 843 1617 »
866 1577 948 1620 hoc
966 1585 1045 1630 est,
1072 1578 1287 1635 apparuit.
1313 1596 1332 1619 «
1358 1580 1452 1635 Ego

65 1667 83 1688 n
109 1658 252 1692 autem
295 1658 491 1692 mortuus
521 1663 615 1692 sum
643 1649 658 1673 ⁰
699 1667 706 1691 :
744 1666 762 1687 »
794 1647 836 1690 id
868 1655 960 1701 est,
995 1656 1218 1691 mortuum
1258 1663 1326 1691 me
1363 1663 1452 1691 esse

61 1720 242 1777 cognovi
270 1741 281 1776 3
305 1720 374 1763 vel
396 1719 497 1778 quia
536 1727 679 1761 reatus
712 1717 1078 1776 praevaricationis
1108 1728 1273 1761 certum
1301 1720 1451 1762 mortis

63 1790 321 1849 supplicium
358 1790 660 1833 comminatur.
705 1792 814 1833 Sane
850 1790 968 1848 quod
1005 1789 1062 1831 ait
1100 1808 1108 1832 1
1155 1809 1174 1830 «
1218 1793 1451 1833 Peccatum

67 1881 85 1901 »
109 1861 259 1904 revixit
277 1860 535 1904 adveniente
560 1860 782 1913 mandato,
799 1879 817 1900 »
836 1859 935 1902 satis
946 1859 1204 1917 significavit
1219 1860 1302 1904 hoc
1319 1860 1451 1905 modo

62 1931 298 1990 aliquando
325 1932 476 1975 vixisse
510 1941 734 1990 peccatum
756 1966 766 1987 ,
786 1930 829 1973 id
859 1940 921 1973 est
943 1965 952 1983 ,
980 1940 1134 1973 notum
1159 1930 1289 1975 fnisse
1306 1966 1316 1986 ,
1341 1932 1452 1976 sicut

63 2004 248 2048 arbitror
269 2039 278 2056 ‚
305 2003 349 2046 in
384 2002 738 2061 praevaricatione
773 2002 900 2060 primi
928 2002 1115 2045 hominis
1136 2037 1145 2056 ,
1167 2003 1266 2061 quia
1296 2012 1338 2046 et
1361 2004 1451 2062 ipse

64 2075 316 2118 mandatum
348 2082 570 2131 acceperat
601 2075 630 2115 ⁷.
668 2075 774 2117 Nam
799 2081 841 2116 et
863 2071 948 2116 alio
969 2072 1066 2116 loco
1087 2071 1191 2116 dicit
1217 2092 1224 2117 :
1255 2093 1272 2114 «
1293 2074 1451 2119 Mulier

30 2134 33 2139 ’
67 2163 86 2187 »
111 2155 255 2190 autem
273 2145 449 2189 seducta
467 2145 512 2187 in
532 2145 884 2203 praevaricatione
901 2143 1012 2188 facta
1033 2146 1171 2187 estS.»
1189 2147 1242 2188 Et
1260 2145 1417 2189 iterum
1439 2165 1447 2190 ε

69 2234 87 2257 «
114 2219 163 2260 ln
191 2214 471 2259 similitudfne
505 2215 868 2274 praevaricationis
911 2215 1017 2258 Adae
1044 2249 1054 2268 ,
1095 2216 1170 2274 qui
1209 2224 1272 2258 est
1312 2214 1448 2259 forma

68 2305 85 2328 n
112 2285 248 2330 futuri
271 2288 300 2328 ⁰.
335 2304 353 2326 »
376 2288 471 2330 Non
495 2285 609 2328 enim
636 2294 774 2344 potest
805 2284 1081 2339 reviviscere,
1107 2284 1188 2328 nisi
1205 2285 1324 2344 quod
1345 2286 1449 2330 vixit

65 2356 308 2417 aliquando.
338 2355 421 2402 Sed
439 2365 659 2400 mortuum
683 2355 842 2410 fuerat,
860 2354 904 2399 id
928 2365 1006 2409 est,
1032 2355 1319 2411 occultatum,
1342 2372 1442 2402 cum

114 2467 120 2482 ¹
143 2463 231 2492 Rom.
254 2472 314 2501 vn,
336 2472 365 2499 '.-'·
383 2477 417 2482 -—-
441 2468 453 2483 ²
474 2460 553 2492 lbid.
583 2460 614 2492 8.
631 2458 700 2482 —3
722 2459 835 2497 ld.1v,
871 2459 917 2489 15.
932 2457 1066 2490 -41d.
1088 2469 1145 2493 vn.
1164 2460 1196 2490 8.
1214 2475 1255 2481 -·-
1271 2456 1285 2481 5
1308 2458 1389 2492 Ibid.
1412 2462 1442 2491 9.

67 2514 132 2539 —5
151 2517 229 2550 lbid.
258 2529 304 2549 ιο.
325 2525 389 2549 —7
411 2519 488 2549 Gen.
509 2528 540 2547 ιι.
567 2527 614 2555 ¹7·
630 2533 671 2537 —
687 2514 701 2537 ’ἶ
731 2527 740 2546 1
764 2514 843 2547 Tim.
866 2526 897 2551 τι,
924 2514 970 2555 14.
991 2531 1031 2536 -—-
1047 2517 1061 2544 0
1091 2517 1179 2545 Rom.
1201 2525 1232 2547 v.
1262 2514 1308 2555 ¹4·

39 2734 45 2947 1
