1790 3187
550 271 751 301 mnemon
785 271 927 302 xxxii.
1353 259 1436 303 363

46 398 1435 419 mmwvvwn⁴mmvnmwu¹wwmwummmwmmmwmmmmmmmmmwwu

444 509 775 557 EPISTOLA
819 511 851 554 ’Χῖ
864 510 999 555 YXll
1036 547 1047 556 .

151 647 286 679 Domino
303 646 417 679 merito
434 644 645 689 praedicabili,
662 649 697 677 et
712 645 897 677 honorando
914 645 1005 677 fratri
1023 643 1327 685 ROMANIANO,

473 702 704 735 PAULINUS
731 705 765 734 et
787 701 1034 734 THERASIA.

46 817 288 872 Paulinus
326 819 664 875 Romaniano,
698 816 959 882 gratulans
997 816 1209 864 ecclesis&
1247 814 1307 863 H
1305 820 1442 879 [ppo-

106 894 267 947 nensz',
288 889 421 949 quod
429 892 479 934 A
483 890 757 952 agustinum
777 889 953 933 meruit
963 887 1438 949 epc'seopt'collegum.

103 961 396 1017 Licentimn,
412 977 504 1021 pro
528 976 620 1020 quo
642 962 907 1021 scripserat
924 960 1225 1021 Augustinus
1238 996 1254 1016 ,
1278 958 1443 1009 horta-

104 1026 259 1077 tur‘et
284 1047 434 1093 prosu
468 1041 513 1076 et
534 1032 775 1089 carmine,
804 1041 856 1076 ut
877 1041 1101 1076 contento
1123 1028 1250 1077 uulae
1266 1031 1440 1094 ficstu,

103 1119 156 1149 se
178 1102 367 1148 dedicet
392 1103 599 1148 Christo.

104 1243 141 1284 Ι.
181 1259 201 1282 «
229 1243 382 1284 anm
406 1255 540 1300 quam
562 1240 639 1283 has
661 1237 888 1294 daremus,
916 1239 1093 1283 reversis
1118 1253 1170 1281 ex
1194 1236 1340 1282 Africa
1358 1235 1441 1282 sra-

50 1311 186 1359 tribus
210 1311 388 1366 nostris,
415 1327 604 1371 quorum
627 1311 929 1370 expectatione
957 1325 1036 1354 nos
1056 1308 1246 1369 pendere
1266 1309 1438 1364 vidisti,

43 1384 309 1442 optatissime
344 1394 592 1427 sanctorum
623 1393 666 1427 et
697 1382 1047 1427 charissimorum
1079 1382 1299 1434 virorum,
1338 1381 1441 1424 inde

42 1455 248 1515 epistolas
271 1470 571 1515 receperamus
587 1490 598 1511 ,
624 1454 669 1499 id
693 1464 757 1499 est
773 1454 960 1510 Aurelii,
983 1454 1126 1514 Alypii
1143 1489 1154 1509 ,
1181 1453 1437 1512 Augustini,

43 1527 295 1583 Profuturi,
342 1528 516 1581 Severi,
552 1529 643 1587 jam
678 1527 875 1571 omnium
909 1526 1071 1585 pariter
1102 1526 1435 1585 Episcoporum.

41 1600 157 1656 Ergo
175 1608 241 1643 tot
254 1608 503 1642 sanctorum
527 1597 681 1642 talium
705 1597 1008 1643 recentissimis
1025 1597 1322 1651 sermonibus,
1345 1612 1440 1655 gra-

43 1669 232 1717 tulantes
254 1670 582 1729 properavimus
605 1670 659 1713 ad
687 1678 728 1712 te
752 1678 942 1713 nostram
964 1666 1122 1712 referre
1144 1667 1366 1721 laetitiam,
1392 1677 1441 1710 ut

43 1741 122 1785 tibi
153 1756 331 1800 quoquc
361 1750 637 1799 expectatum
666 1741 707 1783 in
732 1739 1083 1798 peregrinatione
1115 1737 1296 1782 sollicita
1335 1753 1442 1796 gau-

44 1810 164 1861 dium
189 1812 467 1855 festivissimis
486 1810 782 1854 conferremus
805 1809 989 1854 indiciis.
1019 1811 1058 1854 Si
1080 1808 1192 1853 forte
1214 1809 1366 1853 eadem
1386 1809 1441 1852 de

43 1881 366 1927 venerabilibus
389 1893 432 1925 et
454 1882 756 1926 amantissimis
785 1881 886 1926 viris
911 1897 985 1940 per
1015 1880 1198 1924 aliarum
1228 1880 1441 1924 adventus

45 1953 221 1996 navium
256 1953 537 2012 comperisti,
572 1968 649 2011 per
685 1968 762 1996 nos
797 1952 924 1995 etiam
964 1953 1147 2010 repetita
1183 1951 1330 2010 accipe
1351 1986 1361 2003 ,
1400 1959 1442 1994 et

36 2024 167 2083 ,quasi
196 2033 400 2068 renovata
432 2024 648 2068 hilaritate
683 2040 830 2068 rursus
861 2023 1020 2067 exulta.
1054 2022 1182 2076 Quod
1212 2024 1242 2065 si
1276 2021 1442 2082 primus

45 2094 116 2147 hic
138 2111 160 2138 a
184 2094 311 2139 nobis
333 2095 410 2139 tibi
428 2095 610 2139 nuntius
631 2095 778 2139 veniet
794 2130 804 2150 ‚
826 2094 1043 2152 gratulare
1063 2103 1228 2138 tantam
1251 2092 1377 2137 nobis
1397 2093 1442 2136 in

49 2174 121 2215 tua
141 2167 278 2226 patria
306 2167 562 2210 charitatem
590 2167 762 2211 Christo
784 2166 978 2210 donante
1007 2176 1198 2226 partam,
1237 2174 1284 2209 ut
1312 2163 1442 2224 quid-

49 2238 157 2297 quid
181 2236 268 2280 illic
287 2237 433 2281 divina
456 2237 727 2297 providentia
744 2246 886 2296 gerat,
915 2256 934 2278 «
956 2235 1164 2280 mirabilis
1185 2250 1353 2294 semper
1375 2236 1444 2290 <ut

52 2325 73 2350 »
97 2309 307 2368 scriptum
337 2311 424 2366 est)
453 2309 499 2352 in
522 2309 680 2353 sanctis
712 2310 801 2353 suis
820 2312 859 2363 ²,
895 2329 913 2349 n
954 2308 1024 2353 vel
1056 2308 1214 2367 primi,
1244 2305 1313 2350 vel
1342 2320 1442 2350 cum

50 2381 198 2439 primis
220 2380 420 2424 sciamus.
451 2398 471 2421 »

54 2442 58 2443 ⁷
111 2455 168 2496 ΙΙ.
208 2471 228 2493 «
255 2454 352 2496 Non
374 2461 520 2495 autem
543 2460 713 2495 tantum
739 2451 823 2495 hoc
845 2449 1073 2494 scribimus
1104 2445 1440 2508 gratulandum,

95 2566 105 2583 ¹
124 2565 205 2597 Alias
221 2576 330 2598 xxxvr.
351 2577 420 2609 quae
435 2570 543 2598 autem
560 2576 648 2598 xxxir
666 2571 749 2607 erat,
769 2576 854 2597 nunc
874 2575 972 2596 xxvn.
991 2581 1030 2588 -·-
1047 2564 1173 2606 Scripta
1192 2562 1285 2606 paulo
1307 2565 1379 2605 post
1392 2571 1445 2597 su-

52 2620 225 2662 periorem.
241 2639 283 2644 —-
302 2620 314 2644 3
334 2621 415 2653 Psal.
443 2633 544 2660 van,
565 2622 618 2654 36.
