1790 3187
349 207 433 246 404
758 220 791 244 s.
828 215 1057 243 Acous'ruw
1091 216 1272 243 El’lsCOPI

348 300 369 324 »
395 296 637 326 sermonem
664 295 801 339 usque
830 279 883 323 ad
918 279 1109 323 medium
1139 279 1276 323 noctis
1311 279 1341 320 ¹.
1379 294 1399 318 »
1428 275 1592 320 Deinde
1624 292 1724 321 cum

345 351 634 397 descendisset
657 350 710 394 de
732 350 974 405 coenaculo,
993 351 1067 394 ubi
1084 348 1334 409 congregati
1357 357 1493 403 erant,
1514 347 1568 391 ad
1591 363 1728 392 resus-

346 422 569 470 citandum
600 421 939 477 adolescentem,
966 422 1042 482 qui
1064 431 1263 480 gravatus
1290 435 1441 464 somno
1463 419 1517 463 de
1540 418 1727 463 fenestra

345 494 561 540 ceciderat
577 502 620 537 et
641 502 839 537 mortuus
860 491 1267 551 ferebatur,deipso
1280 489 1487 550 Apostolo
1508 490 1728 548 Scriptura
1789 548 1790 551 Ἴ

343 566 403 611 sic
430 564 642 624 loquitur,
678 582 699 606 «
733 564 981 608 Ascendens
1015 572 1177 619 autem,
1213 562 1373 622 inquit,
1399 576 1499 606 cum
1533 559 1730 618 fregisset

347 654 367 677 »
381 651 537 695 panem
561 644 692 695 atque
708 635 1133 695 gustasset,satisque
1155 643 1261 678 esset
1286 632 1500 677 allocutus
1518 646 1656 690 usque
1674 629 1730 674 ad

347 724 368 748 »
381 705 642 759 diluculum,
673 706 732 749 sic
760 705 981 764 profectus
1004 715 1080 749 est.
1102 723 1122 746 »
1144 704 1265 748 Absit
1292 712 1342 747 ut
1360 704 1442 747 hoc
1469 702 1528 746 sic
1547 700 1728 760 accipia-

343 785 431 832 tur,
460 786 667 836 tanquam
690 775 879 820 solerent
900 774 1095 834 Apostoli
1128 774 1353 819 Dominico
1381 774 1451 817 die
1481 771 1730 817 solemniter

337 848 552 906 jejunare.
587 849 680 890 Una
712 846 827 890 enim
867 846 1037 890 sabbati
1067 855 1174 890 tunc
1202 844 1503 905 appellabatur
1526 843 1631 897 dies,
1656 842 1732 901 qui

342 933 462 961 nunc
494 918 743 961 Dominicus
768 916 1029 976 appellatur,
1061 916 1181 976 quod
1203 917 1247 960 in
1280 916 1523 974 Evangeliis
1542 914 1732 974 apertius

340 989 576 1033 invenitur.
602 991 710 1034 Nam
740 989 828 1031 dies
850 989 1174 1032 resurrectionis
1192 987 1381 1041 Domini,
1405 988 1543 1046 prima
1565 984 1734 1029 sabbati

343 1075 368 1102 a
390 1060 601 1103 Mauhaeo
617 1061 651 1114 ²,
678 1075 700 1102 a
721 1060 887 1103 caeteris
909 1069 1056 1103 autem
1073 1059 1228 1112 tribus,
1254 1073 1340 1102 una
1362 1057 1532 1102 sabbati
1548 1055 1730 1100 dicitur:

342 1144 475 1188 quem
497 1138 667 1173 constat
690 1144 790 1172 eum
810 1144 915 1184 esse,
941 1130 1017 1188 qui
1045 1129 1295 1173 Dominicus
1314 1136 1462 1186 postea
1492 1126 1735 1186 appellatus

344 1208 422 1244 est.
447 1202 537 1244 Aut
569 1214 672 1258 ergo
694 1207 790 1258 post
813 1207 1036 1257 peractum
1069 1199 1185 1242 diem
1215 1197 1411 1252 sabbati,
1447 1197 1585 1242 noctis
1610 1196 1735 1241 initio
1788 1240 1790 1244 ,

345 1269 520 1314 fuerant
546 1270 813 1329 congregati,
840 1285 939 1329 quae
961 1270 1115 1329 utique
1132 1285 1219 1313 nox
1233 1270 1323 1329 jam
1346 1268 1400 1312 ad
1417 1267 1531 1313 diem
1546 1267 1736 1312 Domini·
1788 1281 1790 1285 ·

345 1357 470 1397 cum,
495 1342 580 1386 hoc
603 1350 681 1397 est,
709 1341 764 1385 ad
786 1356 919 1385 unam
936 1341 1107 1385 sabbati
1129 1340 1376 1399 pertinebat
1403 1358 1411 1384 :
1438 1348 1482 1384 et
1509 1339 1567 1383 ita
1585 1338 1737 1382 eadem
1789 1386 1790 1391 ¹

346 1421 475 1456 nocte
488 1411 704 1456 fracturus
728 1427 901 1470 panem,
915 1412 1026 1455 sicut
1048 1410 1266 1469 frangitur
1285 1411 1331 1454 in
1353 1418 1622 1455 sacramento
1639 1424 1737 1453 cor-

347 1484 465 1543 poris
491 1484 668 1538 Christi,
689 1482 894 1542 produxit
913 1497 1157 1527 sermonem
1178 1498 1315 1542 usque
1338 1482 1392 1526 ad
1416 1481 1609 1526 medium
1633 1496 1740 1525 noc-

349 1553 425 1608 tis,
452 1562 502 1597 ut
531 1563 627 1612 post
649 1561 912 1597 sacramenta
935 1552 1176 1608 celebrata,
1204 1568 1349 1597 rursus
1372 1567 1509 1610 usque
1545 1551 1599 1596 ad
1622 1551 1740 1595 dilu-

350 1624 500 1669 culum
524 1623 751 1683 alloquens
771 1632 1056 1682 congregatos
1073 1658 1083 1677 ,
1110 1623 1317 1681 quoniam
1340 1622 1531 1666 multum
1559 1620 1741 1664 festina-

348 1694 440 1749 bat,
462 1703 511 1738 ut
530 1693 777 1738 lucescente
794 1694 1140 1752 proficisceretur
1161 1692 1387 1736 Dominico
1410 1692 1494 1735 die.
1515 1695 1604 1735 Aut
1626 1700 1742 1734 certe

349 1766 383 1809 si
406 1766 450 1808 iu
474 1781 560 1809 una
579 1765 745 1808 sabbati
772 1779 860 1808 non
886 1780 964 1823 per
986 1773 1176 1818 noctem,
1196 1762 1269 1807 sed
1292 1779 1369 1822 per
1392 1762 1507 1806 diem
1527 1762 1634 1806 hora
1652 1764 1742 1806 Do-

351 1836 501 1880 minici
514 1836 691 1880 fucrant
711 1836 957 1893 congregati
972 1857 981 1892 ς
1004 1852 1055 1881 eo
1070 1836 1163 1895 ipso
1180 1851 1268 1895 quo
1283 1835 1446 1878 dictum
1461 1843 1569 1889 est,«
1582 1832 1742 1877 Paulus

356 1908 638 1967 »disputabat
652 1907 735 1951 illis
751 1908 944 1952 exiturus
969 1908 1050 1951 alia
1071 1907 1187 1962 die,»
1203 1922 1396 1966 expressa
1420 1916 1482 1950 cst
1501 1921 1626 1950 causa
1642 1920 1742 1963 pro-

353 1978 544 2021 ducendi
566 1978 788 2032 sermonis,
815 1978 917 2037 quia
940 1978 1084 2021 fuerat
1105 1978 1313 2030 exiturus,
1332 1985 1374 2020 et
1387 1992 1457 2020 cos
1479 1975 1743 2019 sufficienter

353 2047 564 2092 instruere
602 2048 818 2107 cupiebat.
851 2050 948 2093 Non
985 2061 1085 2104 ergo
1113 2046 1363 2091 solemniter
1406 2046 1476 2090 die
1516 2045 1742 2089 Dominico

347 2118 573 2177 jejunabat
603 2118 677 2161 sed
704 2118 967 2162 necessarius
990 2131 1146 2171 sermo,
1173 2116 1248 2175 qui
1279 2115 1410 2160 studii
1438 2114 1741 2159 ferventissimi

354 2190 646 2233 audiebantur
660 2188 829 2243 ardore,
841 2188 1063 2232 reficiendi
1077 2188 1268 2246 corporis
1277 2202 1402 2231 causa
1416 2187 1741 2245 interrumpen-

354 2259 434 2303 dus
448 2274 537 2303 esse
559 2274 648 2304 non
669 2259 785 2303 visus
798 2267 862 2302 est
875 2257 1124 2317 profecturo
1137 2257 1447 2317 Apostolo,qui
1464 2272 1551 2311 eos,
1564 2264 1742 2315 propter

354 2329 458 2374 alios
487 2346 585 2374 suos
612 2345 926 2390 usquequaque
955 2329 1187 2382 discursus,
1209 2328 1280 2373 vel
1302 2328 1403 2372 alias
1426 2341 1651 2387 nunquam
1672 2323 1742 2370 vel

355 2401 567 2445 rarissime
580 2401 806 2458 visitabat,
822 2401 1060 2460 praesertim
1078 2401 1180 2461 quia
1202 2408 1309 2444 tunc
1326 2415 1377 2444 ex
1394 2399 1476 2443 illis
1493 2399 1613 2444 terris
1630 2397 1742 2441 sicut

353 2473 665 2532 consequentia
680 2472 856 2526 docent,
872 2472 930 2516 ita
952 2471 1215 2515 discessurus
1230 2479 1335 2526 erat,
1356 2479 1406 2515 ut
1419 2471 1509 2529 jam
1526 2483 1615 2514 non
1631 2473 1741 2512 esset

404 2561 413 2578 ¹
436 2558 508 2590 Act.
530 2566 585 2596 xit,
609 2567 639 2598 7.
654 2563 719 2580 -2
739 2555 860 2588 Matth.
882 2566 997 2597 xxvm,
1022 2565 1052 2587 1.
