<?xml version="1.0" encoding="UTF-8"?>
<!DOCTYPE html PUBLIC "-//W3C//DTD XHTML 1.0 Transitional//EN"
    "http://www.w3.org/TR/xhtml1/DTD/xhtml1-transitional.dtd">
<html xmlns="http://www.w3.org/1999/xhtml" xml:lang="en" lang="en">
 <head>
  <title>
</title>
<meta http-equiv="Content-Type" content="text/html;charset=utf-8" />
  <meta name='ocr-system' content='tesseract 3.04.00' />
  <meta name='ocr-capabilities' content='ocr_page ocr_carea ocr_par ocr_line ocrx_word'/>
</head>
<body>
  <div class='ocr_page' id='page_1' title='image "./operaomniaaccura38auguuoft_0041.png"; bbox 0 0 1790 3187; ppageno 0'>
   <div class='ocr_carea' id='block_1_1' title="bbox 344 206 1464 253">
    <p class='ocr_par' dir='ltr' id='par_1_1' title="bbox 344 206 1464 253">
     <span class='ocr_line' id='line_1_1' title="bbox 344 206 1464 253; baseline 0 -9"><span class='ocrx_word' id='word_1_1' title='bbox 344 218 397 244; x_wconf 71' lang='lat' dir='ltr'>nn</span> <span class='ocrx_word' id='word_1_2' title='bbox 430 214 621 245; x_wconf 70' lang='lat' dir='ltr'>mvnnsts</span> <span class='ocrx_word' id='word_1_3' title='bbox 649 217 805 253; x_wconf 73' lang='lat' dir='ltr'>QUAEs&#39;r.</span> <span class='ocrx_word' id='word_1_4' title='bbox 842 217 990 244; x_wconf 76' lang='lat' dir='ltr'>ocToG.</span> <span class='ocrx_word' id='word_1_5' title='bbox 1025 217 1199 244; x_wconf 71' lang='lat' dir='ltr'>nunus.</span> <span class='ocrx_word' id='word_1_6' title='bbox 1415 206 1464 244; x_wconf 87' lang='grc'>31</span> 
     </span>
    </p>
   </div>
   <div class='ocr_carea' id='block_1_2' title="bbox 58 280 1470 2608">
    <p class='ocr_par' dir='ltr' id='par_1_2' title="bbox 76 280 1470 413">
     <span class='ocr_line' id='line_1_2' title="bbox 76 280 1470 342; baseline -0.001 -17"><span class='ocrx_word' id='word_1_7' title='bbox 76 297 162 342; x_wconf 89' lang='lat' dir='ltr'>que</span> <span class='ocrx_word' id='word_1_8' title='bbox 189 281 410 325; x_wconf 84' lang='lat' dir='ltr'>noscenda</span> <span class='ocrx_word' id='word_1_9' title='bbox 445 290 531 336; x_wconf 87' lang='lat' dir='ltr'>est,</span> <span class='ocrx_word' id='word_1_10' title='bbox 559 281 605 324; x_wconf 91' lang='lat' dir='ltr'>in</span> <span class='ocrx_word' id='word_1_11' title='bbox 637 288 852 340; x_wconf 81' lang='lat' dir='ltr'>potestate</span> <span class='ocrx_word' id='word_1_12' title='bbox 879 280 1124 325; x_wconf 89' lang='lat' dir='ltr'>constitutis</span> <span class='ocrx_word' id='word_1_13' title='bbox 1167 280 1392 325; x_wconf 82' lang='lat' dir='ltr'>vocabulis</span> <span class='ocrx_word' id='word_1_14' title='bbox 1420 290 1470 325; x_wconf 91' lang='lat' dir='ltr'>ut</span> 
     </span>
     <span class='ocr_line' id='line_1_3' title="bbox 78 350 1311 413; baseline -0.002 -16"><span class='ocrx_word' id='word_1_15' title='bbox 78 352 200 413; x_wconf 90' lang='lat' dir='ltr'>quod</span> <span class='ocrx_word' id='word_1_16' title='bbox 215 350 331 397; x_wconf 84' lang='lat' dir='ltr'>volet</span> <span class='ocrx_word' id='word_1_17' title='bbox 347 353 548 411; x_wconf 86' lang='lat' dir='ltr'>quisque,</span> <span class='ocrx_word' id='word_1_18' title='bbox 575 350 764 411; x_wconf 85' lang='lat' dir='ltr'>appellet</span> <span class='ocrx_word' id='word_1_19' title='bbox 782 366 871 395; x_wconf 88' lang='lat' dir='ltr'>rem</span> <span class='ocrx_word' id='word_1_20' title='bbox 890 367 1022 411; x_wconf 87' lang='lat' dir='ltr'>quam</span> <span class='ocrx_word' id='word_1_21' title='bbox 1041 352 1311 410; x_wconf 82' lang='lat' dir='ltr'>cognoverit.</span> 
     </span>
    </p>

    <p class='ocr_par' dir='ltr' id='par_1_3' title="bbox 58 421 1470 2608">
     <span class='ocr_line' id='line_1_4' title="bbox 134 421 1470 481; baseline 0 -15"><span class='ocrx_word' id='word_1_22' title='bbox 134 424 196 466; x_wconf 73' lang='lat'>2⁰,</span> <span class='ocrx_word' id='word_1_23' title='bbox 232 423 355 466; x_wconf 79' lang='lat' dir='ltr'>[deas</span> <span class='ocrx_word' id='word_1_24' title='bbox 385 422 518 480; x_wconf 85' lang='lat' dir='ltr'>igitur</span> <span class='ocrx_word' id='word_1_25' title='bbox 535 421 671 466; x_wconf 84' lang='lat' dir='ltr'>latine</span> <span class='ocrx_word' id='word_1_26' title='bbox 692 436 920 480; x_wconf 88' lang='lat' dir='ltr'>possumus</span> <span class='ocrx_word' id='word_1_27' title='bbox 940 421 1008 467; x_wconf 82' lang='lat' dir='ltr'>vel</span> <span class='ocrx_word' id='word_1_28' title='bbox 1029 421 1190 466; x_wconf 87' lang='lat' dir='ltr'>formas</span> <span class='ocrx_word' id='word_1_29' title='bbox 1214 422 1284 466; x_wconf 89' lang='lat' dir='ltr'>vel</span> <span class='ocrx_word' id='word_1_30' title='bbox 1303 422 1470 481; x_wconf 88' lang='lat' dir='ltr'>species</span> 
     </span>
     <span class='ocr_line' id='line_1_5' title="bbox 77 491 1470 547; baseline -0.001 -10"><span class='ocrx_word' id='word_1_31' title='bbox 77 492 233 547; x_wconf 81' lang='lat' dir='ltr'>dicere,</span> <span class='ocrx_word' id='word_1_32' title='bbox 255 501 304 536; x_wconf 90' lang='lat' dir='ltr'>ut</span> <span class='ocrx_word' id='word_1_33' title='bbox 320 491 502 537; x_wconf 87' lang='lat' dir='ltr'>verbum</span> <span class='ocrx_word' id='word_1_34' title='bbox 523 507 546 536; x_wconf 92' lang='lat' dir='ltr'>e</span> <span class='ocrx_word' id='word_1_35' title='bbox 566 491 707 537; x_wconf 88' lang='lat' dir='ltr'>verbo</span> <span class='ocrx_word' id='word_1_36' title='bbox 735 491 968 536; x_wconf 86' lang='lat' dir='ltr'>transferre</span> <span class='ocrx_word' id='word_1_37' title='bbox 985 492 1226 537; x_wconf 88' lang='lat' dir='ltr'>videamur.</span> <span class='ocrx_word' id='word_1_38' title='bbox 1257 492 1300 537; x_wconf 91' lang='lat' dir='ltr'>Si</span> <span class='ocrx_word' id='word_1_39' title='bbox 1323 502 1470 536; x_wconf 90' lang='lat' dir='ltr'>autem</span> 
     </span>
     <span class='ocr_line' id='line_1_6' title="bbox 58 562 1469 622; baseline 0 -16"><span class='ocrx_word' id='word_1_40' title='bbox 58 563 263 607; x_wconf 34' lang='lat' dir='ltr'>*rationes</span> <span class='ocrx_word' id='word_1_41' title='bbox 284 577 356 606; x_wconf 89' lang='lat' dir='ltr'>eas</span> <span class='ocrx_word' id='word_1_42' title='bbox 377 577 584 607; x_wconf 88' lang='lat' dir='ltr'>vocemus</span> <span class='ocrx_word' id='word_1_43' title='bbox 601 597 611 617; x_wconf 95' lang='lat'>,</span> <span class='ocrx_word' id='word_1_44' title='bbox 638 562 694 606; x_wconf 91' lang='lat' dir='ltr'>ab</span> <span class='ocrx_word' id='word_1_45' title='bbox 723 562 1039 621; x_wconf 88' lang='lat' dir='ltr'>interpretandi</span> <span class='ocrx_word' id='word_1_46' title='bbox 1064 562 1244 622; x_wconf 90' lang='lat' dir='ltr'>quidem</span> <span class='ocrx_word' id='word_1_47' title='bbox 1270 563 1469 622; x_wconf 86' lang='lat' dir='ltr'>proprie—</span> 
     </span>
     <span class='ocr_line' id='line_1_7' title="bbox 78 633 1467 693; baseline 0 -16"><span class='ocrx_word' id='word_1_48' title='bbox 78 641 166 677; x_wconf 83' lang='lat' dir='ltr'>tate</span> <span class='ocrx_word' id='word_1_49' title='bbox 189 633 480 690; x_wconf 78' lang='lat' dir='ltr'>discedimus3</span> <span class='ocrx_word' id='word_1_50' title='bbox 515 634 700 678; x_wconf 86' lang='lat' dir='ltr'>rationes</span> <span class='ocrx_word' id='word_1_51' title='bbox 731 634 847 678; x_wconf 85' lang='lat' dir='ltr'>enim</span> <span class='ocrx_word' id='word_1_52' title='bbox 877 649 1016 692; x_wconf 83' lang='lat' dir='ltr'>graece</span> <span class='ocrx_word' id='word_1_53' title='bbox 1042 642 1128 688; x_wconf 70' lang='grc' dir='ltr'><strong>λόγοι</strong></span> <span class='ocrx_word' id='word_1_54' title='bbox 1166 633 1467 693; x_wconf 84' lang='lat' dir='ltr'>appellantur,</span> 
     </span>
     <span class='ocr_line' id='line_1_8' title="bbox 78 703 1467 764; baseline 0 -17"><span class='ocrx_word' id='word_1_55' title='bbox 78 718 166 748; x_wconf 85' lang='lat' dir='ltr'>non</span> <span class='ocrx_word' id='word_1_56' title='bbox 187 704 297 748; x_wconf 83' lang='lat' dir='ltr'>ideae</span> <span class='ocrx_word' id='word_1_57' title='bbox 321 723 331 749; x_wconf 94' lang='lat'><strong>:</strong></span> <span class='ocrx_word' id='word_1_58' title='bbox 353 704 428 749; x_wconf 90' lang='lat' dir='ltr'>sed</span> <span class='ocrx_word' id='word_1_59' title='bbox 452 714 596 750; x_wconf 88' lang='lat' dir='ltr'>tamen</span> <span class='ocrx_word' id='word_1_60' title='bbox 610 705 805 764; x_wconf 87' lang='lat' dir='ltr'>quisquis</span> <span class='ocrx_word' id='word_1_61' title='bbox 826 705 909 749; x_wconf 85' lang='lat' dir='ltr'>hoe</span> <span class='ocrx_word' id='word_1_62' title='bbox 930 703 1147 749; x_wconf 88' lang='lat' dir='ltr'>vocabulo</span> <span class='ocrx_word' id='word_1_63' title='bbox 1166 705 1229 748; x_wconf 91' lang='lat' dir='ltr'>uti</span> <span class='ocrx_word' id='word_1_64' title='bbox 1251 703 1440 749; x_wconf 85' lang='lat' dir='ltr'>voluerit</span> <span class='ocrx_word' id='word_1_65' title='bbox 1455 738 1467 759; x_wconf 87' lang='lat'>,</span> 
     </span>
     <span class='ocr_line' id='line_1_9' title="bbox 79 774 1469 834; baseline 0.001 -18"><span class='ocrx_word' id='word_1_66' title='bbox 79 789 102 817; x_wconf 88' lang='lat' dir='ltr'>a</span> <span class='ocrx_word' id='word_1_67' title='bbox 132 789 178 817; x_wconf 91' lang='lat' dir='ltr'>re</span> <span class='ocrx_word' id='word_1_68' title='bbox 207 774 298 833; x_wconf 89' lang='lat' dir='ltr'>ipsa</span> <span class='ocrx_word' id='word_1_69' title='bbox 322 791 411 820; x_wconf 91' lang='lat' dir='ltr'>non</span> <span class='ocrx_word' id='word_1_70' title='bbox 445 775 679 820; x_wconf 82' lang='lat' dir='ltr'>aberrabit.</span> <span class='ocrx_word' id='word_1_71' title='bbox 717 777 828 820; x_wconf 88' lang='lat' dir='ltr'>Sunt</span> <span class='ocrx_word' id='word_1_72' title='bbox 855 789 1045 834; x_wconf 82' lang='lat' dir='ltr'>namque</span> <span class='ocrx_word' id='word_1_73' title='bbox 1069 775 1180 818; x_wconf 83' lang='lat' dir='ltr'>ideae</span> <span class='ocrx_word' id='word_1_74' title='bbox 1209 774 1469 833; x_wconf 83' lang='lat' dir='ltr'>principales</span> 
     </span>
     <span class='ocr_line' id='line_1_10' title="bbox 77 843 1467 905; baseline 0.001 -18"><span class='ocrx_word' id='word_1_75' title='bbox 77 843 230 888; x_wconf 84' lang='lat' dir='ltr'>formae</span> <span class='ocrx_word' id='word_1_76' title='bbox 252 845 470 905; x_wconf 81' lang='lat' dir='ltr'>quaedam,</span> <span class='ocrx_word' id='word_1_77' title='bbox 494 845 563 891; x_wconf 85' lang='lat' dir='ltr'>vel</span> <span class='ocrx_word' id='word_1_78' title='bbox 581 846 766 890; x_wconf 85' lang='lat' dir='ltr'>rationes</span> <span class='ocrx_word' id='word_1_79' title='bbox 784 860 926 890; x_wconf 85' lang='lat' dir='ltr'>rerum</span> <span class='ocrx_word' id='word_1_80' title='bbox 951 845 1127 889; x_wconf 88' lang='lat' dir='ltr'>stabiles</span> <span class='ocrx_word' id='word_1_81' title='bbox 1143 854 1275 904; x_wconf 88' lang='lat' dir='ltr'>atque</span> <span class='ocrx_word' id='word_1_82' title='bbox 1298 846 1467 888; x_wconf 75' lang='lat' dir='ltr'>iucem--</span> 
     </span>
     <span class='ocr_line' id='line_1_11' title="bbox 78 915 1469 976; baseline 0.001 -18"><span class='ocrx_word' id='word_1_83' title='bbox 78 915 329 971; x_wconf 87' lang='lat' dir='ltr'>mutabiles,</span> <span class='ocrx_word' id='word_1_84' title='bbox 375 932 474 976; x_wconf 86' lang='lat' dir='ltr'>quae</span> <span class='ocrx_word' id='word_1_85' title='bbox 518 917 620 975; x_wconf 81' lang='lat' dir='ltr'>ipsae</span> <span class='ocrx_word' id='word_1_86' title='bbox 657 915 855 961; x_wconf 78' lang='lat' dir='ltr'>formatae</span> <span class='ocrx_word' id='word_1_87' title='bbox 890 931 980 959; x_wconf 88' lang='lat' dir='ltr'>non</span> <span class='ocrx_word' id='word_1_88' title='bbox 1019 924 1148 970; x_wconf 87' lang='lat' dir='ltr'>sunt,</span> <span class='ocrx_word' id='word_1_89' title='bbox 1189 930 1237 958; x_wconf 88' lang='lat' dir='ltr'>ac</span> <span class='ocrx_word' id='word_1_90' title='bbox 1275 930 1351 973; x_wconf 89' lang='lat' dir='ltr'>per</span> <span class='ocrx_word' id='word_1_91' title='bbox 1386 915 1469 959; x_wconf 84' lang='lat' dir='ltr'>hoc</span> 
     </span>
     <span class='ocr_line' id='line_1_12' title="bbox 76 985 1470 1046; baseline 0 -18"><span class='ocrx_word' id='word_1_92' title='bbox 76 993 249 1030; x_wconf 84' lang='lat' dir='ltr'>aeternae</span> <span class='ocrx_word' id='word_1_93' title='bbox 278 1002 326 1031; x_wconf 89' lang='lat' dir='ltr'>ac</span> <span class='ocrx_word' id='word_1_94' title='bbox 353 1002 523 1046; x_wconf 87' lang='lat' dir='ltr'>semper</span> <span class='ocrx_word' id='word_1_95' title='bbox 557 986 713 1032; x_wconf 87' lang='lat' dir='ltr'>eodem</span> <span class='ocrx_word' id='word_1_96' title='bbox 738 987 870 1031; x_wconf 80' lang='lat' dir='ltr'>modo</span> <span class='ocrx_word' id='word_1_97' title='bbox 907 1001 997 1030; x_wconf 86' lang='lat' dir='ltr'>sese</span> <span class='ocrx_word' id='word_1_98' title='bbox 1026 986 1259 1039; x_wconf 79' lang='lat' dir='ltr'>habentes,</span> <span class='ocrx_word' id='word_1_99' title='bbox 1295 1000 1394 1045; x_wconf 78' lang='lat' dir='ltr'>quae</span> <span class='ocrx_word' id='word_1_100' title='bbox 1424 985 1470 1028; x_wconf 92' lang='lat' dir='ltr'>in</span> 
     </span>
     <span class='ocr_line' id='line_1_13' title="bbox 74 1054 1470 1118; baseline -0.001 -18"><span class='ocrx_word' id='word_1_101' title='bbox 74 1054 218 1102; x_wconf 84' lang='lat' dir='ltr'>divina</span> <span class='ocrx_word' id='word_1_102' title='bbox 234 1058 520 1118; x_wconf 84' lang='lat' dir='ltr'>intelligentia</span> <span class='ocrx_word' id='word_1_103' title='bbox 537 1059 832 1103; x_wconf 86' lang='lat' dir='ltr'>continentur.</span> <span class='ocrx_word' id='word_1_104' title='bbox 855 1060 1027 1102; x_wconf 86' lang='lat' dir='ltr'>Etcum</span> <span class='ocrx_word' id='word_1_105' title='bbox 1046 1059 1150 1115; x_wconf 81' lang='lat' dir='ltr'>ipsae</span> <span class='ocrx_word' id='word_1_106' title='bbox 1170 1072 1315 1116; x_wconf 90' lang='lat' dir='ltr'>neque</span> <span class='ocrx_word' id='word_1_107' title='bbox 1331 1056 1470 1101; x_wconf 87' lang='lat' dir='ltr'>orian-</span> 
     </span>
     <span class='ocr_line' id='line_1_14' title="bbox 75 1127 1469 1188; baseline -0.001 -17"><span class='ocrx_word' id='word_1_108' title='bbox 75 1135 162 1182; x_wconf 85' lang='lat' dir='ltr'>tur,</span> <span class='ocrx_word' id='word_1_109' title='bbox 182 1143 324 1188; x_wconf 90' lang='lat' dir='ltr'>neque</span> <span class='ocrx_word' id='word_1_110' title='bbox 337 1130 552 1174; x_wconf 82' lang='lat' dir='ltr'>intereant</span> <span class='ocrx_word' id='word_1_111' title='bbox 568 1150 579 1188; x_wconf 76' lang='lat'>3</span> <span class='ocrx_word' id='word_1_112' title='bbox 597 1129 836 1174; x_wconf 87' lang='lat' dir='ltr'>seeundum</span> <span class='ocrx_word' id='word_1_113' title='bbox 857 1144 926 1173; x_wconf 82' lang='lat' dir='ltr'>eas</span> <span class='ocrx_word' id='word_1_114' title='bbox 942 1138 1090 1173; x_wconf 90' lang='lat' dir='ltr'>tamen</span> <span class='ocrx_word' id='word_1_115' title='bbox 1113 1127 1290 1173; x_wconf 76' lang='lat' dir='ltr'>formari</span> <span class='ocrx_word' id='word_1_116' title='bbox 1309 1127 1469 1172; x_wconf 89' lang='lat' dir='ltr'>dieitur</span> 
     </span>
     <span class='ocr_line' id='line_1_15' title="bbox 73 1199 1469 1261; baseline 0 -18"><span class='ocrx_word' id='word_1_117' title='bbox 73 1214 202 1244; x_wconf 90' lang='lat' dir='ltr'>omne</span> <span class='ocrx_word' id='word_1_118' title='bbox 223 1201 343 1259; x_wconf 84' lang='lat' dir='ltr'>quod</span> <span class='ocrx_word' id='word_1_119' title='bbox 366 1202 466 1246; x_wconf 89' lang='lat' dir='ltr'>oriri</span> <span class='ocrx_word' id='word_1_120' title='bbox 489 1212 532 1246; x_wconf 87' lang='lat' dir='ltr'>et</span> <span class='ocrx_word' id='word_1_121' title='bbox 562 1202 738 1247; x_wconf 87' lang='lat' dir='ltr'>interire</span> <span class='ocrx_word' id='word_1_122' title='bbox 768 1210 935 1261; x_wconf 85' lang='lat' dir='ltr'>potest,</span> <span class='ocrx_word' id='word_1_123' title='bbox 969 1210 1012 1244; x_wconf 89' lang='lat' dir='ltr'>et</span> <span class='ocrx_word' id='word_1_124' title='bbox 1033 1216 1164 1245; x_wconf 90' lang='lat' dir='ltr'>omne</span> <span class='ocrx_word' id='word_1_125' title='bbox 1187 1199 1309 1259; x_wconf 88' lang='lat' dir='ltr'>quod</span> <span class='ocrx_word' id='word_1_126' title='bbox 1330 1199 1469 1243; x_wconf 83' lang='lat' dir='ltr'>oritur</span> 
     </span>
     <span class='ocr_line' id='line_1_16' title="bbox 74 1270 1467 1331; baseline 0 -17"><span class='ocrx_word' id='word_1_127' title='bbox 74 1279 118 1314; x_wconf 90' lang='lat' dir='ltr'>et</span> <span class='ocrx_word' id='word_1_128' title='bbox 162 1271 326 1316; x_wconf 90' lang='lat' dir='ltr'>interit.</span> <span class='ocrx_word' id='word_1_129' title='bbox 359 1273 516 1317; x_wconf 85' lang='lat' dir='ltr'>Anima</span> <span class='ocrx_word' id='word_1_130' title='bbox 547 1288 649 1317; x_wconf 83' lang='lat' dir='ltr'>vero</span> <span class='ocrx_word' id='word_1_131' title='bbox 682 1282 865 1331; x_wconf 82' lang='lat' dir='ltr'>negatur</span> <span class='ocrx_word' id='word_1_132' title='bbox 901 1287 970 1316; x_wconf 90' lang='lat' dir='ltr'>eas</span> <span class='ocrx_word' id='word_1_133' title='bbox 1007 1271 1167 1315; x_wconf 89' lang='lat' dir='ltr'>intueri</span> <span class='ocrx_word' id='word_1_134' title='bbox 1208 1287 1350 1330; x_wconf 81' lang='lat' dir='ltr'>posse,</span> <span class='ocrx_word' id='word_1_135' title='bbox 1386 1270 1467 1314; x_wconf 90' lang='lat' dir='ltr'>nisi</span> 
     </span>
     <span class='ocr_line' id='line_1_17' title="bbox 77 1342 1468 1402; baseline 0 -19"><span class='ocrx_word' id='word_1_136' title='bbox 77 1342 296 1387; x_wconf 84' lang='lat' dir='ltr'>rationalis</span> <span class='ocrx_word' id='word_1_137' title='bbox 311 1357 359 1387; x_wconf 87' lang='lat' dir='ltr'>ea</span> <span class='ocrx_word' id='word_1_138' title='bbox 377 1344 441 1387; x_wconf 83' lang='lat' dir='ltr'>sui</span> <span class='ocrx_word' id='word_1_139' title='bbox 457 1353 577 1402; x_wconf 82' lang='lat' dir='ltr'>parte</span> <span class='ocrx_word' id='word_1_140' title='bbox 590 1358 676 1402; x_wconf 84' lang='lat' dir='ltr'>qua</span> <span class='ocrx_word' id='word_1_141' title='bbox 696 1342 879 1396; x_wconf 82' lang='lat' dir='ltr'>excellit,</span> <span class='ocrx_word' id='word_1_142' title='bbox 900 1342 946 1385; x_wconf 90' lang='lat' dir='ltr'>id</span> <span class='ocrx_word' id='word_1_143' title='bbox 966 1350 1044 1396; x_wconf 86' lang='lat' dir='ltr'>est,</span> <span class='ocrx_word' id='word_1_144' title='bbox 1064 1342 1152 1399; x_wconf 89' lang='lat' dir='ltr'>ipsa</span> <span class='ocrx_word' id='word_1_145' title='bbox 1171 1350 1317 1384; x_wconf 87' lang='lat' dir='ltr'>mente</span> <span class='ocrx_word' id='word_1_146' title='bbox 1336 1348 1468 1399; x_wconf 84' lang='lat' dir='ltr'>atque</span> 
     </span>
     <span class='ocr_line' id='line_1_18' title="bbox 77 1411 1467 1472; baseline -0.001 -18"><span class='ocrx_word' id='word_1_147' title='bbox 77 1411 243 1455; x_wconf 76' lang='lat' dir='ltr'>ratione</span> <span class='ocrx_word' id='word_1_148' title='bbox 259 1446 270 1465; x_wconf 89' lang='lat'>,</span> <span class='ocrx_word' id='word_1_149' title='bbox 290 1413 413 1471; x_wconf 88' lang='lat' dir='ltr'>quasi</span> <span class='ocrx_word' id='word_1_150' title='bbox 428 1413 617 1472; x_wconf 87' lang='lat' dir='ltr'>quadam</span> <span class='ocrx_word' id='word_1_151' title='bbox 639 1412 750 1457; x_wconf 86' lang='lat' dir='ltr'>facie</span> <span class='ocrx_word' id='word_1_152' title='bbox 771 1412 841 1457; x_wconf 89' lang='lat' dir='ltr'>vel</span> <span class='ocrx_word' id='word_1_153' title='bbox 855 1411 984 1464; x_wconf 85' lang='lat' dir='ltr'>oculo</span> <span class='ocrx_word' id='word_1_154' title='bbox 1004 1426 1083 1455; x_wconf 89' lang='lat' dir='ltr'>suo</span> <span class='ocrx_word' id='word_1_155' title='bbox 1106 1411 1313 1455; x_wconf 87' lang='lat' dir='ltr'>interiore</span> <span class='ocrx_word' id='word_1_156' title='bbox 1334 1419 1467 1469; x_wconf 84' lang='lat' dir='ltr'>atque</span> 
     </span>
     <span class='ocr_line' id='line_1_19' title="bbox 74 1480 1465 1542; baseline 0.001 -18"><span class='ocrx_word' id='word_1_157' title='bbox 74 1480 354 1540; x_wconf 77' lang='lat' dir='ltr'>intelligibili.</span> <span class='ocrx_word' id='word_1_158' title='bbox 380 1485 437 1527; x_wconf 91' lang='lat' dir='ltr'>Et</span> <span class='ocrx_word' id='word_1_159' title='bbox 456 1498 506 1527; x_wconf 89' lang='lat' dir='ltr'>ea</span> <span class='ocrx_word' id='word_1_160' title='bbox 528 1483 707 1542; x_wconf 87' lang='lat' dir='ltr'>quidem</span> <span class='ocrx_word' id='word_1_161' title='bbox 730 1484 820 1542; x_wconf 85' lang='lat' dir='ltr'>ipsa</span> <span class='ocrx_word' id='word_1_162' title='bbox 842 1481 1063 1527; x_wconf 86' lang='lat' dir='ltr'>rationalis</span> <span class='ocrx_word' id='word_1_163' title='bbox 1086 1482 1230 1526; x_wconf 88' lang='lat' dir='ltr'>anima</span> <span class='ocrx_word' id='word_1_164' title='bbox 1252 1497 1342 1526; x_wconf 91' lang='lat' dir='ltr'>non</span> <span class='ocrx_word' id='word_1_165' title='bbox 1368 1496 1465 1525; x_wconf 90' lang='lat' dir='ltr'>om-</span> 
     </span>
     <span class='ocr_line' id='line_1_20' title="bbox 74 1551 1467 1614; baseline 0.001 -20"><span class='ocrx_word' id='word_1_166' title='bbox 74 1551 138 1595; x_wconf 88' lang='lat' dir='ltr'>nis</span> <span class='ocrx_word' id='word_1_167' title='bbox 159 1560 201 1595; x_wconf 90' lang='lat' dir='ltr'>ct</span> <span class='ocrx_word' id='word_1_168' title='bbox 217 1552 440 1611; x_wconf 79' lang='lat' dir='ltr'>quaelibet,</span> <span class='ocrx_word' id='word_1_169' title='bbox 462 1554 536 1597; x_wconf 89' lang='lat' dir='ltr'>sed</span> <span class='ocrx_word' id='word_1_170' title='bbox 557 1570 657 1614; x_wconf 80' lang='lat' dir='ltr'>quae</span> <span class='ocrx_word' id='word_1_171' title='bbox 672 1562 819 1598; x_wconf 85' lang='lat' dir='ltr'>sancta</span> <span class='ocrx_word' id='word_1_172' title='bbox 836 1562 880 1597; x_wconf 90' lang='lat' dir='ltr'>et</span> <span class='ocrx_word' id='word_1_173' title='bbox 896 1568 1003 1612; x_wconf 87' lang='lat' dir='ltr'>pura</span> <span class='ocrx_word' id='word_1_174' title='bbox 1017 1551 1168 1607; x_wconf 86' lang='lat' dir='ltr'>fuerit,</span> <span class='ocrx_word' id='word_1_175' title='bbox 1192 1553 1285 1596; x_wconf 85' lang='lat' dir='ltr'>haec</span> <span class='ocrx_word' id='word_1_176' title='bbox 1309 1551 1467 1596; x_wconf 87' lang='lat' dir='ltr'>asseri-</span> 
     </span>
     <span class='ocr_line' id='line_1_21' title="bbox 73 1621 1466 1684; baseline 0.001 -19"><span class='ocrx_word' id='word_1_177' title='bbox 73 1631 144 1666; x_wconf 87' lang='lat' dir='ltr'>tur</span> <span class='ocrx_word' id='word_1_178' title='bbox 160 1621 222 1666; x_wconf 89' lang='lat' dir='ltr'>illi</span> <span class='ocrx_word' id='word_1_179' title='bbox 241 1623 392 1668; x_wconf 87' lang='lat' dir='ltr'>visioni</span> <span class='ocrx_word' id='word_1_180' title='bbox 414 1640 502 1669; x_wconf 88' lang='lat' dir='ltr'>esse</span> <span class='ocrx_word' id='word_1_181' title='bbox 523 1623 681 1670; x_wconf 88' lang='lat' dir='ltr'>idonea</span> <span class='ocrx_word' id='word_1_182' title='bbox 707 1643 716 1669; x_wconf 76' lang='lat' dir='ltr'><strong><em>z</em></strong></span> <span class='ocrx_word' id='word_1_183' title='bbox 741 1623 787 1668; x_wconf 87' lang='lat' dir='ltr'>id</span> <span class='ocrx_word' id='word_1_184' title='bbox 808 1633 888 1679; x_wconf 86' lang='lat' dir='ltr'>est,</span> <span class='ocrx_word' id='word_1_185' title='bbox 916 1639 1016 1684; x_wconf 84' lang='lat' dir='ltr'>quae</span> <span class='ocrx_word' id='word_1_186' title='bbox 1039 1623 1164 1668; x_wconf 89' lang='lat' dir='ltr'>illum</span> <span class='ocrx_word' id='word_1_187' title='bbox 1187 1623 1331 1682; x_wconf 87' lang='lat' dir='ltr'>ipsum</span> <span class='ocrx_word' id='word_1_188' title='bbox 1355 1638 1466 1667; x_wconf 86' lang='lat' dir='ltr'>ocu-</span> 
     </span>
     <span class='ocr_line' id='line_1_22' title="bbox 72 1692 1467 1754; baseline 0.001 -18"><span class='ocrx_word' id='word_1_189' title='bbox 72 1692 185 1748; x_wconf 84' lang='lat' dir='ltr'>lum,</span> <span class='ocrx_word' id='word_1_190' title='bbox 209 1710 298 1754; x_wconf 88' lang='lat' dir='ltr'>quo</span> <span class='ocrx_word' id='word_1_191' title='bbox 326 1695 530 1740; x_wconf 87' lang='lat' dir='ltr'>videntur</span> <span class='ocrx_word' id='word_1_192' title='bbox 550 1697 652 1751; x_wconf 87' lang='lat' dir='ltr'>ista,</span> <span class='ocrx_word' id='word_1_193' title='bbox 673 1711 827 1741; x_wconf 88' lang='lat' dir='ltr'>sanum</span> <span class='ocrx_word' id='word_1_194' title='bbox 849 1705 893 1740; x_wconf 90' lang='lat' dir='ltr'>et</span> <span class='ocrx_word' id='word_1_195' title='bbox 913 1697 1129 1740; x_wconf 88' lang='lat' dir='ltr'>sincerum</span> <span class='ocrx_word' id='word_1_196' title='bbox 1149 1704 1194 1740; x_wconf 92' lang='lat' dir='ltr'>et</span> <span class='ocrx_word' id='word_1_197' title='bbox 1206 1710 1407 1739; x_wconf 88' lang='lat' dir='ltr'>serenum</span> <span class='ocrx_word' id='word_1_198' title='bbox 1423 1702 1467 1738; x_wconf 91' lang='lat' dir='ltr'>et</span> 
     </span>
     <span class='ocr_line' id='line_1_23' title="bbox 71 1765 1466 1826; baseline 0 -18"><span class='ocrx_word' id='word_1_199' title='bbox 71 1765 254 1809; x_wconf 88' lang='lat' dir='ltr'>similem</span> <span class='ocrx_word' id='word_1_200' title='bbox 274 1766 340 1810; x_wconf 83' lang='lat' dir='ltr'>his</span> <span class='ocrx_word' id='word_1_201' title='bbox 362 1768 515 1825; x_wconf 86' lang='lat' dir='ltr'>rebus,</span> <span class='ocrx_word' id='word_1_202' title='bbox 539 1782 647 1826; x_wconf 86' lang='lat' dir='ltr'>quas</span> <span class='ocrx_word' id='word_1_203' title='bbox 681 1767 828 1811; x_wconf 86' lang='lat' dir='ltr'>videre</span> <span class='ocrx_word' id='word_1_204' title='bbox 860 1766 1051 1810; x_wconf 86' lang='lat' dir='ltr'>intendit</span> <span class='ocrx_word' id='word_1_205' title='bbox 1068 1801 1078 1820; x_wconf 89' lang='lat'>,</span> <span class='ocrx_word' id='word_1_206' title='bbox 1113 1766 1330 1810; x_wconf 82' lang='lat' dir='ltr'>habuerit.</span> <span class='ocrx_word' id='word_1_207' title='bbox 1357 1765 1466 1818; x_wconf 89' lang='lat' dir='ltr'>Quis</span> 
     </span>
     <span class='ocr_line' id='line_1_24' title="bbox 72 1835 1466 1896; baseline 0.001 -18"><span class='ocrx_word' id='word_1_208' title='bbox 72 1844 219 1879; x_wconf 90' lang='lat' dir='ltr'>autern</span> <span class='ocrx_word' id='word_1_209' title='bbox 241 1835 463 1896; x_wconf 82' lang='lat' dir='ltr'>religiosus</span> <span class='ocrx_word' id='word_1_210' title='bbox 485 1846 527 1882; x_wconf 91' lang='lat' dir='ltr'>et</span> <span class='ocrx_word' id='word_1_211' title='bbox 543 1853 643 1883; x_wconf 89' lang='lat' dir='ltr'>vera</span> <span class='ocrx_word' id='word_1_212' title='bbox 664 1838 872 1895; x_wconf 84' lang='lat' dir='ltr'>religione</span> <span class='ocrx_word' id='word_1_213' title='bbox 893 1838 1106 1892; x_wconf 90' lang='lat' dir='ltr'>imbutus,</span> <span class='ocrx_word' id='word_1_214' title='bbox 1132 1837 1330 1896; x_wconf 90' lang='lat' dir='ltr'>quamvis</span> <span class='ocrx_word' id='word_1_215' title='bbox 1352 1850 1466 1889; x_wconf 85' lang='lat' dir='ltr'>non-</span> 
     </span>
     <span class='ocr_line' id='line_1_25' title="bbox 71 1907 1464 1968; baseline 0 -18"><span class='ocrx_word' id='word_1_216' title='bbox 71 1907 177 1950; x_wconf 87' lang='lat' dir='ltr'>dum</span> <span class='ocrx_word' id='word_1_217' title='bbox 194 1908 329 1966; x_wconf 84' lang='lat' dir='ltr'>possit-</span> <span class='ocrx_word' id='word_1_218' title='bbox 350 1910 442 1953; x_wconf 87' lang='lat' dir='ltr'>haec</span> <span class='ocrx_word' id='word_1_219' title='bbox 469 1909 652 1964; x_wconf 86' lang='lat' dir='ltr'>intueri,</span> <span class='ocrx_word' id='word_1_220' title='bbox 688 1923 845 1968; x_wconf 86' lang='lat' dir='ltr'>negare</span> <span class='ocrx_word' id='word_1_221' title='bbox 875 1917 1024 1953; x_wconf 90' lang='lat' dir='ltr'>tamen</span> <span class='ocrx_word' id='word_1_222' title='bbox 1052 1908 1238 1962; x_wconf 85' lang='lat' dir='ltr'>audeat,</span> <span class='ocrx_word' id='word_1_223' title='bbox 1264 1908 1352 1952; x_wconf 89' lang='lat' dir='ltr'>imo</span> <span class='ocrx_word' id='word_1_224' title='bbox 1375 1922 1464 1950; x_wconf 91' lang='lat' dir='ltr'>non</span> 
     </span>
     <span class='ocr_line' id='line_1_26' title="bbox 71 1976 1464 2039; baseline 0 -19"><span class='ocrx_word' id='word_1_225' title='bbox 71 1976 200 2021; x_wconf 89' lang='lat' dir='ltr'>etiam</span> <span class='ocrx_word' id='word_1_226' title='bbox 224 1979 495 2036; x_wconf 73' lang='lat' dir='ltr'>profiteatur,</span> <span class='ocrx_word' id='word_1_227' title='bbox 523 1979 669 2024; x_wconf 82' lang='lat' dir='ltr'>omnia</span> <span class='ocrx_word' id='word_1_228' title='bbox 697 1995 798 2039; x_wconf 86' lang='lat' dir='ltr'>quae</span> <span class='ocrx_word' id='word_1_229' title='bbox 832 1988 955 2034; x_wconf 89' lang='lat' dir='ltr'>sunt,</span> <span class='ocrx_word' id='word_1_230' title='bbox 981 1978 1028 2023; x_wconf 90' lang='lat' dir='ltr'>id</span> <span class='ocrx_word' id='word_1_231' title='bbox 1049 1988 1114 2023; x_wconf 89' lang='lat' dir='ltr'>est</span> <span class='ocrx_word' id='word_1_232' title='bbox 1133 2013 1144 2033; x_wconf 85' lang='lat'>,</span> <span class='ocrx_word' id='word_1_233' title='bbox 1170 1992 1464 2038; x_wconf 85' lang='lat' dir='ltr'>quaecumque</span> 
     </span>
     <span class='ocr_line' id='line_1_27' title="bbox 70 2047 1461 2110; baseline 0.001 -20"><span class='ocrx_word' id='word_1_234' title='bbox 70 2047 116 2091; x_wconf 91' lang='lat' dir='ltr'>in</span> <span class='ocrx_word' id='word_1_235' title='bbox 133 2063 212 2092; x_wconf 91' lang='lat' dir='ltr'>suo</span> <span class='ocrx_word' id='word_1_236' title='bbox 227 2063 384 2107; x_wconf 86' lang='lat' dir='ltr'>genere</span> <span class='ocrx_word' id='word_1_237' title='bbox 397 2051 569 2110; x_wconf 88' lang='lat' dir='ltr'>propria</span> <span class='ocrx_word' id='word_1_238' title='bbox 587 2050 778 2110; x_wconf 86' lang='lat' dir='ltr'>quadam</span> <span class='ocrx_word' id='word_1_239' title='bbox 791 2059 947 2094; x_wconf 89' lang='lat' dir='ltr'>natura</span> <span class='ocrx_word' id='word_1_240' title='bbox 964 2050 1267 2105; x_wconf 87' lang='lat' dir='ltr'>continentur,</span> <span class='ocrx_word' id='word_1_241' title='bbox 1294 2057 1343 2093; x_wconf 90' lang='lat' dir='ltr'>ut</span> <span class='ocrx_word' id='word_1_242' title='bbox 1359 2050 1461 2103; x_wconf 90' lang='lat' dir='ltr'>sint,</span> 
     </span>
     <span class='ocr_line' id='line_1_28' title="bbox 73 2119 1464 2183; baseline 0.001 -21"><span class='ocrx_word' id='word_1_243' title='bbox 73 2121 161 2164; x_wconf 89' lang='lat' dir='ltr'>Deo</span> <span class='ocrx_word' id='word_1_244' title='bbox 179 2130 357 2166; x_wconf 86' lang='lat' dir='ltr'>auctore</span> <span class='ocrx_word' id='word_1_245' title='bbox 370 2137 460 2167; x_wconf 88' lang='lat' dir='ltr'>esse</span> <span class='ocrx_word' id='word_1_246' title='bbox 481 2132 722 2183; x_wconf 83' lang='lat' dir='ltr'>procreata,</span> <span class='ocrx_word' id='word_1_247' title='bbox 751 2137 893 2182; x_wconf 87' lang='lat' dir='ltr'>eoque</span> <span class='ocrx_word' id='word_1_248' title='bbox 915 2130 1093 2166; x_wconf 88' lang='lat' dir='ltr'>auctore</span> <span class='ocrx_word' id='word_1_249' title='bbox 1114 2121 1261 2166; x_wconf 90' lang='lat' dir='ltr'>omnia</span> <span class='ocrx_word' id='word_1_250' title='bbox 1273 2136 1374 2180; x_wconf 83' lang='lat' dir='ltr'>quae</span> <span class='ocrx_word' id='word_1_251' title='bbox 1394 2119 1464 2164; x_wconf 92' lang='lat' dir='ltr'>vi—</span> 
     </span>
     <span class='ocr_line' id='line_1_29' title="bbox 70 2192 1463 2255; baseline -0.001 -20"><span class='ocrx_word' id='word_1_252' title='bbox 70 2200 180 2236; x_wconf 88' lang='lat' dir='ltr'>vunt</span> <span class='ocrx_word' id='word_1_253' title='bbox 199 2193 359 2249; x_wconf 87' lang='lat' dir='ltr'>vivere,</span> <span class='ocrx_word' id='word_1_254' title='bbox 381 2203 511 2255; x_wconf 90' lang='lat' dir='ltr'>atque</span> <span class='ocrx_word' id='word_1_255' title='bbox 526 2194 814 2240; x_wconf 85' lang='lat' dir='ltr'>universalem</span> <span class='ocrx_word' id='word_1_256' title='bbox 834 2209 980 2237; x_wconf 87' lang='lat' dir='ltr'>rerum</span> <span class='ocrx_word' id='word_1_257' title='bbox 996 2192 1364 2247; x_wconf 81' lang='lat' dir='ltr'>incolumitatem,</span> <span class='ocrx_word' id='word_1_258' title='bbox 1389 2206 1463 2235; x_wconf 86' lang='lat' dir='ltr'>or·-</span> 
     </span>
     <span class='ocr_line' id='line_1_30' title="bbox 71 2259 1462 2325; baseline 0 -20"><span class='ocrx_word' id='word_1_259' title='bbox 71 2261 306 2324; x_wconf 88' lang='lat' dir='ltr'>dinemque</span> <span class='ocrx_word' id='word_1_260' title='bbox 328 2265 470 2324; x_wconf 86' lang='lat' dir='ltr'>ipsum</span> <span class='ocrx_word' id='word_1_261' title='bbox 493 2280 583 2325; x_wconf 89' lang='lat' dir='ltr'>quo</span> <span class='ocrx_word' id='word_1_262' title='bbox 610 2281 659 2309; x_wconf 89' lang='lat' dir='ltr'>ea</span> <span class='ocrx_word' id='word_1_263' title='bbox 680 2280 781 2325; x_wconf 85' lang='lat' dir='ltr'>quae</span> <span class='ocrx_word' id='word_1_264' title='bbox 808 2274 1051 2319; x_wconf 89' lang='lat' dir='ltr'>mutantur,</span> <span class='ocrx_word' id='word_1_265' title='bbox 1082 2278 1181 2308; x_wconf 85' lang='lat' dir='ltr'>suos</span> <span class='ocrx_word' id='word_1_266' title='bbox 1203 2259 1462 2322; x_wconf 88' lang='lat' dir='ltr'>temporales</span> 
     </span>
     <span class='ocr_line' id='line_1_31' title="bbox 70 2332 1464 2391; baseline -0.001 -14"><span class='ocrx_word' id='word_1_267' title='bbox 70 2348 217 2378; x_wconf 88' lang='lat' dir='ltr'>cursus</span> <span class='ocrx_word' id='word_1_268' title='bbox 239 2345 357 2381; x_wconf 84' lang='lat' dir='ltr'>certo</span> <span class='ocrx_word' id='word_1_269' title='bbox 391 2337 687 2382; x_wconf 86' lang='lat' dir='ltr'>moderamine</span> <span class='ocrx_word' id='word_1_270' title='bbox 711 2336 964 2390; x_wconf 83' lang='lat' dir='ltr'>celebrant,</span> <span class='ocrx_word' id='word_1_271' title='bbox 997 2334 1158 2379; x_wconf 88' lang='lat' dir='ltr'>summi</span> <span class='ocrx_word' id='word_1_272' title='bbox 1186 2333 1266 2378; x_wconf 91' lang='lat' dir='ltr'>Dei</span> <span class='ocrx_word' id='word_1_273' title='bbox 1293 2332 1464 2391; x_wconf 80' lang='lat' dir='ltr'>legibus</span> 
     </span>
     <span class='ocr_line' id='line_1_32' title="bbox 72 2405 1460 2467; baseline 0 -19"><span class='ocrx_word' id='word_1_274' title='bbox 72 2405 284 2450; x_wconf 86' lang='lat' dir='ltr'>contineri</span> <span class='ocrx_word' id='word_1_275' title='bbox 319 2417 362 2452; x_wconf 90' lang='lat' dir='ltr'>et</span> <span class='ocrx_word' id='word_1_276' title='bbox 385 2408 649 2467; x_wconf 79' lang='lat' dir='ltr'>gubernari?</span> <span class='ocrx_word' id='word_1_277' title='bbox 678 2410 776 2461; x_wconf 90' lang='lat' dir='ltr'>Quo</span> <span class='ocrx_word' id='word_1_278' title='bbox 804 2407 1044 2452; x_wconf 86' lang='lat' dir='ltr'>constituto</span> <span class='ocrx_word' id='word_1_279' title='bbox 1072 2415 1204 2465; x_wconf 90' lang='lat' dir='ltr'>atque</span> <span class='ocrx_word' id='word_1_280' title='bbox 1237 2419 1460 2461; x_wconf 81' lang='lat' dir='ltr'>concesso3</span> 
     </span>
     <span class='ocr_line' id='line_1_33' title="bbox 71 2474 1462 2537; baseline -0.002 -16"><span class='ocrx_word' id='word_1_281' title='bbox 71 2478 166 2537; x_wconf 88' lang='lat' dir='ltr'>quis</span> <span class='ocrx_word' id='word_1_282' title='bbox 204 2477 361 2524; x_wconf 87' lang='lat' dir='ltr'>audeat</span> <span class='ocrx_word' id='word_1_283' title='bbox 392 2478 537 2524; x_wconf 85' lang='lat' dir='ltr'>dicere</span> <span class='ocrx_word' id='word_1_284' title='bbox 567 2482 707 2524; x_wconf 88' lang='lat' dir='ltr'>Deum</span> <span class='ocrx_word' id='word_1_285' title='bbox 740 2476 1096 2523; x_wconf 85' lang='lat' dir='ltr'>irrationabiliter</span> <span class='ocrx_word' id='word_1_286' title='bbox 1128 2476 1276 2522; x_wconf 87' lang='lat' dir='ltr'>omnia</span> <span class='ocrx_word' id='word_1_287' title='bbox 1307 2474 1462 2520; x_wconf 87' lang='lat' dir='ltr'>condi-</span> 
     </span>
     <span class='ocr_line' id='line_1_34' title="bbox 73 2546 1462 2608; baseline -0.001 -17"><span class='ocrx_word' id='word_1_288' title='bbox 73 2546 196 2592; x_wconf 90' lang='lat' dir='ltr'>disse.</span> <span class='ocrx_word' id='word_1_289' title='bbox 223 2549 353 2603; x_wconf 89' lang='lat' dir='ltr'>Quod</span> <span class='ocrx_word' id='word_1_290' title='bbox 376 2549 411 2594; x_wconf 93' lang='lat' dir='ltr'>si</span> <span class='ocrx_word' id='word_1_291' title='bbox 438 2558 553 2595; x_wconf 87' lang='lat' dir='ltr'>reete</span> <span class='ocrx_word' id='word_1_292' title='bbox 579 2549 666 2594; x_wconf 87' lang='lat' dir='ltr'>dici</span> <span class='ocrx_word' id='word_1_293' title='bbox 699 2549 770 2595; x_wconf 88' lang='lat' dir='ltr'>vel</span> <span class='ocrx_word' id='word_1_294' title='bbox 799 2549 917 2594; x_wconf 85' lang='lat' dir='ltr'>credi</span> <span class='ocrx_word' id='word_1_295' title='bbox 945 2563 1035 2594; x_wconf 91' lang='lat' dir='ltr'>non</span> <span class='ocrx_word' id='word_1_296' title='bbox 1064 2557 1227 2608; x_wconf 88' lang='lat' dir='ltr'>potest,</span> <span class='ocrx_word' id='word_1_297' title='bbox 1255 2555 1387 2592; x_wconf 87' lang='lat' dir='ltr'>restat</span> <span class='ocrx_word' id='word_1_298' title='bbox 1412 2554 1462 2590; x_wconf 92' lang='lat' dir='ltr'>ut</span> 
     </span>
    </p>
   </div>
  </div>
 </body>
</html>
