1790 3187
297 242 382 283 204
735 257 768 282 s.
805 253 1036 282 Auens‘rim
1066 254 1249 282 EPISCOPI

298 319 460 364 eisdem
493 320 619 364 rebus
648 319 807 364 futuris
839 329 930 364 erat
964 320 1233 380 praescientia
1260 338 1268 363 ε
1295 327 1338 362 et
1374 334 1474 363 cum
1503 334 1549 362 ea
1579 335 1677 379 quae

298 393 563 451 praescientia
581 401 670 435 erat
693 392 832 450 prius',
860 401 1007 451 postea
1031 392 1203 435 scientia
1230 390 1362 434 fiatin
1382 393 1493 445 Deo,
1509 390 1680 437 admitit

299 463 656 518 mutabilitatem,
682 472 724 507 et
747 463 994 522 temporalis
1023 473 1108 521 est3
1134 478 1233 507 cum
1255 463 1308 506 sit
1330 465 1460 518 Deus,
1482 462 1558 523 qui
1579 477 1679 508 vere

302 550 559 594 summeque
576 543 654 589 est,
676 549 756 578 nec
773 533 862 578 ulla
874 550 925 579 ex
946 544 1067 594 parte
1089 534 1325 588 mutabilis,
1351 549 1430 578 nec
1447 532 1539 577 ullo
1558 541 1681 578 motu

302 605 465 649 novitio
489 602 747 661 temporalis.
771 603 916 649 Placet
933 621 1035 664 ergo
1059 615 1108 648 ut
1130 620 1219 649 non
1239 605 1433 648 dicamus
1455 604 1683 663 praescien-

303 675 406 718 tiam
431 668 532 729 Dei,
564 675 639 719 sed
662 675 969 720 tantummodo
998 676 1220 720 scientiam
1243 695 1252 720 ;
1274 689 1517 735 quaeramus
1537 683 1581 718 et
1601 675 1684 719 hoc

303 745 541 804 quomodo.
568 747 664 790 Non
694 746 806 789 enim
843 746 1064 790 scientiam
1086 746 1273 790 solemus
1296 746 1439 790 dicere
1465 746 1509 789 in
1537 745 1683 801 nobis,

305 815 386 859 nisi
409 831 508 859 cum
527 831 649 860 sensa
665 825 707 860 et
728 815 947 861 intellecta
969 817 1176 861 memoria
1199 817 1456 874 retinemus3
1475 830 1574 860 cum
1598 830 1689 859 me-

307 887 512 931 minimus
536 886 699 947 aliquid
722 888 901 931 sensisse
929 904 1006 932 nos
1028 887 1097 932 vel
1129 888 1387 931 intellexisse
1403 922 1413 942 ,
1438 896 1488 931 ut
1514 886 1559 930 id
1589 901 1689 930 cum

309 956 510 1001 volumus
531 957 786 1002 recolamus.
813 958 938 1012 Quod
957 959 989 1002 si
1008 959 1064 1002 ita
1087 959 1130 1001 in
1150 962 1239 1002 Deo
1257 967 1319 1002 est
1334 993 1344 1012 ,
1369 967 1417 1002 ut
1439 957 1572 1017 possit
1596 971 1691 1016 pro·
1711 961 1713 966 ⁴

309 1029 402 1086 prie
424 1027 524 1083 dici,
552 1028 761 1087 Intelligit
783 1038 826 1072 et
849 1028 1082 1083 intellexit,
1108 1031 1237 1073 sentit
1261 1038 1304 1072 et
1326 1029 1456 1073 sensit
1474 1049 1484 1086 3
1505 1027 1694 1072 admittit

311 1108 506 1158 tempus,
539 1109 582 1143 et
615 1100 810 1158 subrepit
839 1100 1122 1144 nihilominus
1158 1100 1229 1144 illa
1260 1100 1550 1154 mutabilitas,
1596 1113 1693 1158 quae

311 1169 481 1228 longea
506 1170 580 1212 Dei
612 1170 849 1213 substantia
880 1169 1141 1214 removenda
1174 1179 1250 1214 est.
1285 1174 1340 1213 Et
1367 1178 1510 1214 tamen
1544 1178 1586 1213 et
1618 1169 1696 1213 seit

313 1243 445 1294 Deus,
468 1249 510 1283 et
531 1241 702 1300 praescit
719 1243 831 1284 Deus
846 1239 1059 1284 ineffabili
1080 1240 1209 1284 modo
1230 1260 1236 1285 :
1257 1241 1315 1284 sic
1334 1256 1433 1284 cum
1454 1251 1496 1284 et
1512 1240 1698 1299 poenitet

314 1310 529 1355 ineffabili
561 1311 706 1356 modo.
733 1314 845 1357 Cum
872 1312 986 1356 enim
1017 1313 1190 1356 scientia
1220 1311 1296 1356 Dei
1325 1312 1454 1371 longe
1482 1311 1611 1356 distet
1644 1311 1697 1355 ab

317 1384 507 1427 humana
536 1384 710 1438 sientia,
736 1384 793 1428 ita
816 1393 864 1428 ut
885 1383 1103 1428 irridenda
1126 1385 1180 1428 sit
1203 1384 1485 1444 comparatio,
1515 1392 1699 1443 utraque

318 1465 463 1499 tamen
477 1456 655 1500 scientia
672 1465 853 1500 vocatur
875 1476 883 1500 :
910 1466 951 1500 et
968 1457 1061 1499 haec
1083 1456 1261 1516 quidem
1280 1457 1471 1500 humana
1493 1454 1589 1499 talis
1612 1463 1696 1510 est,

318 1535 366 1569 ut
381 1526 496 1570 dicat
512 1525 566 1569 de
585 1525 657 1569 illa
675 1526 906 1584 Apostolus
925 1527 1075 1581 etiam,
1102 1546 1120 1568 «
1149 1528 1332 1571 Scicntia
1352 1527 1625 1570 destruetur1
1642 1543 1650 1569 z
1680 1544 1694 1565 »

320 1597 440 1657 quod
472 1596 594 1641 nullo
626 1597 756 1641 modo
780 1607 893 1641 recte
916 1598 970 1641 de
987 1599 1163 1642 scientia
1182 1598 1254 1642 Dci
1279 1598 1363 1641 dici
1386 1606 1541 1657 potest.
1572 1597 1638 1641 Sic
1660 1604 1702 1639 et

321 1669 381 1712 ira
418 1669 606 1712 hominis
632 1669 805 1712 turbida
828 1678 891 1712 est
915 1678 958 1712 et
990 1685 1076 1712 non
1105 1670 1196 1712 sinc
1228 1669 1422 1713 cruciatu
1458 1667 1619 1711 animi:
1642 1667 1702 1710 ira

322 1755 424 1784 vero
453 1740 552 1794 Dei,
578 1739 632 1783 de
665 1755 750 1799 qua
774 1739 932 1784 dicitur
955 1740 998 1782 in
1018 1739 1277 1798 Evangelio,
1302 1759 1319 1781 «
1343 1738 1426 1784 Sed
1448 1739 1508 1782 ira
1530 1738 1604 1781 Dei
1620 1753 1704 1781 ma-

326 1829 345 1851 »
372 1820 447 1855 net
472 1826 601 1870 super
624 1812 750 1855 eum²
771 1830 780 1855 ς
806 1830 824 1851 »
846 1821 889 1854 ct
919 1810 1172 1870 Apostolus,
1209 1830 1226 1851 «
1256 1810 1488 1855 Revelatur
1510 1807 1625 1853 enim
1645 1809 1706 1852 ira

327 1901 346 1924 n
374 1883 449 1926 Dei
483 1882 537 1926 de
568 1882 680 1927 coelo
713 1898 841 1942 super
863 1898 1034 1927 omnem
1060 1883 1365 1941 impietatem33
1391 1901 1409 1923 »
1436 1881 1511 1925 illo
1526 1881 1571 1924 in
1590 1890 1707 1924 tran-

325 1954 540 2015 quillitate
569 1955 728 2015 jugiter
763 1964 988 2009 manente,
1023 1956 1066 1998 in
1101 1965 1297 1998 creatura
1337 1953 1511 1998 subdita
1543 1960 1710 1996 exercet

327 2024 570 2069 admirabili
600 2025 805 2085 aequitate
829 2025 1081 2069 vindictam.
1114 2024 1405 2068 Misericoidia
1430 2039 1606 2083 quoque
1629 2024 1708 2066 ho-

328 2096 454 2139 minis
475 2097 607 2139 habet
629 2095 886 2140 nonnullam
915 2096 1055 2139 cordis
1088 2096 1326 2149 miseriam,
1360 2094 1477 2137 unde
1515 2094 1643 2137 etiam
1666 2092 1709 2136 in

330 2166 481 2211 Latina
504 2166 649 2224 lingua
672 2182 831 2210 nomen
864 2165 1044 2225 accepit.
1071 2168 1176 2210 Nam
1209 2165 1310 2208 inde
1330 2174 1392 2208 est
1410 2165 1538 2207 etiam
1556 2199 1566 2217 ,
1592 2161 1710 2223 quod

330 2252 418 2280 non
437 2234 577 2280 solum
602 2235 787 2294 gaudere
811 2251 909 2280 cum
930 2235 1236 2294 gaudentibus,
1258 2235 1332 2278 sed
1355 2235 1480 2278 etiam
1496 2234 1600 2277 flere
1614 2246 1712 2277 cum

331 2307 537 2351 flentibus
564 2308 763 2351 hortatur
795 2307 1026 2367 Apostolus
1044 2308 1074 2349 4.
1114 2308 1214 2358 Quis
1253 2315 1397 2350 autem
1435 2320 1540 2349 sano
1575 2304 1714 2363 capite

332 2379 511 2433 dixerit,
550 2378 636 2423 ulla
676 2379 841 2422 miseria
879 2379 995 2437 tangi
1020 2380 1182 2421 Deum?
1213 2393 1342 2436 quem
1377 2386 1522 2420 tamen
1553 2376 1715 2435 ubique

337 2449 555 2508 Scriptura
595 2450 915 2494 misericordem
953 2464 1041 2493 esse
1072 2457 1267 2492 testatur.
1302 2451 1366 2491 Ita
1388 2446 1526 2490 zelum
1561 2447 1716 2490 huma-

337 2535 443 2563 num
472 2535 561 2564 non
589 2521 681 2564 sine
702 2529 823 2580 peste
853 2519 997 2565 livoris
1025 2518 1307 2577 intelligimus
1339 2538 1346 2562 :
1379 2517 1591 2561 zelantem
1615 2530 1716 2562 vero
1756 2554 1759 2565 ,

390 2611 397 2626 ¹
423 2616 433 2636 1
456 2606 527 2638 Cor.
548 2616 613 2647 xiii,
632 2607 665 2638 8.
682 2623 724 2628 —
739 2611 752 2627 ²
771 2606 862 2638 Joan.
884 2615 930 2644 111,
947 2604 1001 2637 36.
1018 2621 1058 2628 —
1075 2602 1087 2627 3
1106 2605 1198 2635 Rom.
1221 2615 1242 2644 ι,
1266 2602 1316 2635 18.
1333 2600 1403 2631 -4
1423 2602 1469 2635 ld.
1489 2612 1544 2641 xu,
1567 2601 1617 2633 15.

1752 1966 1758 2340 Ι
