1790 3187
322 229 406 269 470
760 240 790 266 s.
830 242 1059 268 tineosum
1092 242 1272 268 EPlscom

322 368 675 386 ινννυνννιωνυιωννηινω
681 367 1707 389 wmwummcvmnmwvmmummmwummwmmmmmw

720 475 1047 525 EPISTOLA
1082 478 1251 525 XLIX
1266 473 1299 524 ¹.

321 612 581 649 HONORATO
615 612 766 656 episcopo
789 612 889 655 partis
912 612 1027 646 Donati
1052 612 1344 649 AUGUSTINUS
1367 614 1535 658 episcopus
1559 615 1709 651 Ecclesiae

927 670 1106 703 catholicae.

321 788 623 850 Augustinus
644 784 905 832 Honorato
926 785 1224 832 Donatianae
1246 788 1427 847 partis,
1452 796 1502 833 ut
1519 804 1610 848 per
1631 787 1708 834 lit-

381 868 512 903 teras
535 856 731 918 placide
766 857 941 903 reddat
973 860 1233 915 rationem,
1268 857 1505 917 quomodo
1536 875 1709 906 nomen

375 929 630 985 Ecclesiae,
656 945 761 987 qzue
779 931 940 988 utique
963 930 1011 974 ιή
1034 939 1130 974 toto
1152 929 1266 974 orbe
1281 930 1457 988 fictura
1470 929 1708 991 proedicta

375 1003 423 1047 in
443 1001 480 1048 S
482 1002 705 1061 criptulis
712 1036 728 1057 ,
752 1000 824 1046 ud
842 1001 969 1061 ipsos
986 1000 1113 1046 solos
1132 999 1367 1047 reciderit.

378 1140 415 1182 I.
452 1138 697 1182 CONSILIUM
726 1145 853 1180 tuum
894 1136 1019 1181 nobis
1048 1136 1239 1180 multum
1261 1136 1448 1196 placuit,
1485 1137 1605 1197 quod
1632 1152 1710 1197 per

317 1209 496 1255 fratrem
520 1210 697 1252 Erotem
720 1206 1019 1251 charissimum
1049 1207 1174 1252 nobis
1190 1242 1201 1264 ,
1231 1216 1273 1251 et
1294 1209 1340 1252 in
1362 1208 1532 1253 Christo
1554 1207 1709 1254 lauda-

317 1280 450 1326 bilem
480 1280 620 1324 virum
653 1279 861 1322 mandare
889 1278 1091 1338 dignatus
1119 1294 1189 1334 eS,
1224 1288 1273 1323 ut
1305 1279 1458 1323 litteris
1494 1280 1607 1324 inter
1631 1295 1710 1325 nos

317 1367 518 1411 agamus,
539 1352 615 1395 ubi
638 1350 787 1395 nullus
809 1351 1037 1395 turbarum
1060 1350 1275 1395 tumultus
1299 1351 1554 1410 perturbare
1577 1352 1710 1411 possit

317 1423 658 1482 disputationem
693 1431 910 1478 nostram,
942 1438 1042 1483 quae
1076 1438 1176 1467 cum
1206 1432 1297 1467 tota
1320 1423 1497 1468 lenitate
1527 1432 1570 1467 et
1604 1438 1711 1482 pace

317 1493 450 1538 animi
472 1492 746 1552 suscipienda
779 1502 822 1538 et
851 1493 1019 1552 agenda
1040 1502 1129 1548 est,
1165 1493 1278 1537 sicut
1302 1493 1407 1537 dicit
1437 1492 1672 1552 Apostolus
1698 1513 1707 1539 :

322 1584 343 1607 «
368 1569 549 1608 Servum
572 1573 718 1607 autem
744 1564 917 1607 Domini
939 1563 1108 1623 litigare
1130 1579 1219 1608 non
1241 1573 1441 1622 oportet,
1466 1563 1542 1608 sed
1561 1565 1711 1609 mitem

324 1653 344 1676 υ
370 1649 461 1678 esse
478 1634 534 1678 ad
555 1650 705 1679 omnes
719 1669 730 1688 ,
753 1633 985 1678 docibilem
1003 1669 1014 1689 ,
1041 1635 1276 1693 patientem
1292 1668 1303 1689 ,
1329 1635 1373 1678 in
1391 1633 1600 1678 modestia
1615 1651 1712 1679 cor-

321 1724 343 1748 »
369 1706 599 1765 ripientem
630 1705 797 1749 diversa
826 1705 1060 1750 sentientes
1073 1707 1105 1747 2.
1143 1724 1159 1745 >›
1201 1707 1354 1763 ltaque
1387 1705 1574 1750 breviter
1606 1706 1711 1749 insi-

319 1792 528 1831 nuamus,
554 1775 663 1836 quid
680 1792 702 1819 a
726 1784 767 1819 te
788 1774 1039 1834 responderi
1061 1773 1369 1818 desideremus.
1632 1779 1635 1783 ’

380 1850 440 1891 II.
477 1847 694 1900 Quoniam
725 1846 963 1890 Ecclesiam
991 1845 1098 1901 Dei,
1136 1861 1235 1905 quae
1277 1843 1490 1890 catholica
1520 1844 1709 1902 dicitur,

321 1918 433 1962 sicut
455 1916 510 1960 de
529 1916 601 1960 illa
625 1917 935 1975 prophetatum
955 1925 1019 1960 est
1036 1951 1046 1971 ,
1073 1931 1148 1975 per
1165 1916 1317 1960 orbem
1338 1925 1550 1960 terrarum
1573 1916 1712 1959 diflu-

321 2004 411 2033 sam
426 1989 626 2032 videmus
649 2007 656 2033 ς
679 1988 940 2031 arbitramur
957 2003 1034 2032 nos
1046 2003 1134 2031 non
1152 1987 1312 2031 debere
1328 1987 1529 2032 dubitare
1548 1987 1602 2030 de
1622 1995 1711 2031 tam

324 2058 643 2103 evidentissima
670 2058 961 2117 completione
983 2066 1144 2101 sanctae
1172 2058 1434 2116 prophetiae,
1461 2072 1592 2116 quam
1621 2059 1712 2101 Do·-

322 2130 466 2173 minus
495 2128 623 2172 etiam
654 2129 697 2171 in
734 2127 971 2185 Evangelio
1005 2128 1278 2172 confirmavit
1312 2136 1354 2171 et
1386 2126 1608 2186 Apostoli,
1634 2142 1711 2186 per

322 2215 430 2260 quos
455 2200 605 2243 eadem
629 2199 816 2243 Ecclesia
840 2198 1018 2243 dilatata
1037 2208 1126 2254 est,
1151 2199 1263 2242 sicut
1286 2198 1341 2242 de
1363 2198 1433 2243 illa
1454 2198 1711 2258 praedictum

322 2273 545 2315 erat.Nam
566 2282 608 2314 et
630 2271 672 2313 in
692 2270 832 2329 capite
853 2269 1111 2313 sacrosancti
1130 2269 1321 2313 Psalterii
1343 2271 1552 2329 scriptum
1573 2278 1637 2314 est
1655 2268 1710 2314 de
1772 2321 1773 2326 Ἰ

323 2342 435 2386 Filio
461 2342 533 2384 Dei
559 2362 569 2398 3
599 2361 617 2382 «
643 2341 848 2385 Dominus
870 2341 975 2385 dixit
993 2340 1047 2384 ad
1071 2356 1138 2384 me
1158 2360 1166 2385 :
1184 2340 1318 2385 Filius
1332 2357 1453 2385 meus
1471 2356 1514 2385 es
1536 2350 1604 2395 tu,
1631 2354 1710 2398 ego

327 2428 347 2452 >›
374 2411 504 2455 hodie
523 2411 652 2469 genui
676 2420 718 2454 te
743 2430 752 2455 :
778 2411 948 2470 postula
970 2427 993 2454 a
1024 2426 1121 2466 me,
1148 2421 1191 2455 et
1216 2411 1329 2455 dabo
1351 2411 1429 2455 tibi
1453 2420 1599 2470 gentes
1626 2412 1708 2454 he-

374 2527 381 2542 ¹
402 2521 483 2552 Alias
499 2532 577 2551 cmi.
597 2532 666 2562 quac
679 2526 786 2552 aulem
804 2531 873 2552 xmx
898 2526 977 2560 crat,
993 2530 1076 2551 nunc
1099 2531 1151 2551 cn.
1171 2537 1206 2542 κ»
1221 2520 1345 2562 Scripta
1363 2519 1448 2552 circa
1465 2520 1550 2552 idem
1566 2524 1703 2561 teinpuS.

328 2582 395 2598 -Ζ
425 2585 442 2607 9
462 2577 542 2608 Tim.
568 2588 601 2615 ιι,
630 2576 681 2617 24.
