1790 3187
557 274 755 305 Busa-om
787 275 941 303 xxxtv.
1358 263 1440 302 377

57 345 172 390 illius
194 359 216 388 a
238 345 391 388 misera
414 342 546 387 vidua
567 351 609 386 et
636 341 827 386 desolata
860 349 1118 400 compescat,
1141 348 1185 385 et
1202 355 1320 396 eum,
1344 342 1444 401 qui-

59 417 140 460 bus
164 414 302 459 modis
330 415 473 469 novit,
499 430 520 458 a
544 423 630 458 tam
654 413 859 457 scelerata
887 412 1169 472 dispositione
1191 411 1407 457 deterreat
1431 431 1441 457 ε

57 496 359 533 verumtamen
386 501 468 544 ego
494 494 616 529 tanto
644 485 776 530 animi
801 484 951 530 dolore
973 500 1198 544 percussus
1214 519 1225 538 ,
1247 483 1356 544 quid
1379 483 1446 528 fa-

56 572 198 602 cerem
231 557 312 600 nisi
344 555 496 600 saltem
516 556 753 615 loquerer?
777 559 844 599 An
874 571 976 599 vero
999 556 1076 599 ista
1103 554 1163 599 illi
1184 553 1376 610 faciunt,
1401 564 1445 599 et

56 629 162 673 mihi
181 627 340 673 dicitur
356 629 483 673 tace?
498 631 677 672 Avertat
700 642 724 671 a
745 642 815 671 me
834 627 1045 671 Dominus
1062 627 1176 671 hanc
1191 626 1443 683 amentiam,

55 708 105 744 ut
127 714 227 743 cum
248 700 339 759 ipse
356 699 463 742 mihi
480 699 663 759 imperet
686 712 763 757 per
780 697 1038 757 Apostolum
1067 712 1218 753 suurn,
1243 706 1287 742 et
1308 696 1442 753 dicat,

57 769 111 814 ab
133 770 336 829 episcopo
358 769 498 813 refelli
527 778 726 829 oportere
750 769 955 814 docentes
981 784 1081 829 quae
1103 784 1192 814 non
1222 778 1396 829 oportet
1412 771 1444 824 ¹,

58 855 138 899 ego
167 839 344 884 illorum
374 839 746 897 indignationibus
767 840 942 885 territus
963 842 1156 885 taceam?
1176 839 1306 893 Quod
1329 840 1447 884 enim

56 910 243 971 publicis
266 912 406 956 Gestis
431 912 594 955 haerere
616 911 735 955 volui
750 920 836 954 tam
855 911 1111 968 sacrilegum
1130 909 1266 964 nefas,
1287 909 1342 953 ad
1364 911 1448 955 hoc

54 983 206 1042 utique
229 983 362 1036 volui,
384 998 438 1025 ne
462 997 532 1025 me
549 982 798 1041 quisquam,
823 981 1009 1024 maxime
1027 981 1072 1024 in
1091 979 1184 1025 aliis
1202 981 1449 1025 civitatibus

55 1052 133 1095 ubi
162 1061 462 1112 opportunum
485 1052 617 1095 fuerit
636 1086 646 1106 ,
670 1051 750 1095 ista
772 1050 1074 1110 deplorantem
1097 1051 1261 1109 fingere
1281 1050 1447 1111 aliquid

54 1123 307 1180 arbitretur,
324 1123 504 1184 quando
521 1123 650 1167 etiam
674 1125 790 1182 apud
813 1124 949 1182 ipsam
964 1123 1328 1182 Hypponemjam
1345 1122 1448 1166 dici-

56 1202 142 1248 tur,
175 1209 263 1238 non
298 1196 380 1239 hoc
410 1193 743 1238 Proculeianum
776 1194 1019 1248 mandasse,
1058 1192 1179 1252 quod
1220 1191 1447 1252 publicum

55 1265 320 1309 renuntiavit
337 1265 546 1309 officium.

113 1337 167 1379 V.
207 1335 324 1388 Quid
356 1345 501 1380 autem
526 1335 764 1379 modestius
800 1349 927 1393 agere
954 1349 1202 1393 possumus,
1228 1348 1361 1393 quam
1399 1341 1449 1376 ut

57 1414 145 1450 tam
167 1421 338 1464 gravem
355 1422 544 1461 causam,
570 1422 647 1466 per
671 1415 711 1450 te
734 1415 880 1450 tamen
903 1420 1044 1464 agam,
1066 1405 1208 1449 virum
1234 1413 1277 1447 et
1298 1403 1448 1448 claris-

56 1476 161 1520 sima
196 1477 409 1536 dignitate
436 1477 669 1537 praeditum
699 1485 742 1520 et
769 1476 1192 1520 considerantissima
1221 1474 1449 1518 voluntate

56 1548 370 1608 tranquillum?
384 1553 489 1594 Peto
503 1549 636 1608 igitur
648 1548 758 1593 sieut
767 1549 855 1608 jam
874 1549 1006 1607 petivi
1022 1563 1099 1607 per
1112 1546 1265 1591 fratres
1281 1555 1451 1590 nostros

55 1619 194 1663 bonos
221 1630 353 1680 atque
381 1622 586 1665 honestos
618 1620 749 1675 viros,
775 1635 884 1679 quos
912 1619 967 1663 ad
1000 1629 1123 1663 tuam
1158 1618 1450 1662 eximietatem

57 1691 175 1745 misi,
213 1701 262 1735 ut
283 1707 478 1751 quaerere
509 1693 700 1750 digneris
719 1727 730 1746 ,
755 1701 905 1735 utrum
929 1690 1201 1734 Proeuleiani
1221 1688 1451 1748 presbyter

58 1763 207 1807 Victor
222 1779 311 1806 non
328 1764 411 1807 hoc
431 1764 485 1806 ab
501 1765 705 1822 episcopo
720 1778 798 1807 suo
810 1763 1067 1806 mandatum
1086 1760 1313 1820 acceperit,
1330 1758 1452 1819 quod

58 1834 209 1878 officio
228 1833 405 1893 publico
432 1835 699 1878 renuntiavit
721 1855 732 1891 3
757 1850 811 1878 an
834 1832 947 1877 forte
973 1848 1073 1876 cum
1103 1842 1145 1876 et
1178 1833 1268 1891 ipse
1300 1831 1452 1875 Victor

59 1902 179 1948 aliud
196 1903 368 1959 dixerit,
387 1903 545 1947 falsum
570 1904 632 1948 illi
655 1903 772 1963 apud
791 1907 896 1948 Aeta
916 1903 1133 1962 prosecuti
1151 1901 1330 1955 fuerint,
1351 1914 1451 1944 cum

58 1975 144 2019 sint
173 1976 492 2020 communionis
529 1975 758 2035 ejusdem?
781 1979 869 2019 Aut
903 1976 935 2018 si
971 1975 1204 2028 consentit,
1226 1982 1275 2016 ut
1313 1972 1451 2030 ipsam

60 2055 192 2090 totam
224 2047 512 2106 quaestionem
534 2046 809 2090 dissensionis
840 2054 1000 2089 nostrae
1018 2044 1187 2104 placide
1210 2050 1450 2102 pertracte-

60 2131 156 2160 mus
172 2151 182 2171 ,
207 2125 257 2160 ut
283 2131 402 2160 error
423 2115 499 2175 qui
519 2117 608 2175 jam
630 2114 882 2159 manifestus
910 2124 994 2170 est,
1018 2113 1289 2158 manifestius
1320 2113 1451 2156 inno-

0 2236 2 2246 ,
61 2196 209 2242 tescat,
235 2187 423 2231 libenter
442 2187 693 2246 amplector.
720 2187 880 2231 Audivi
908 2187 1023 2229 enim
1058 2186 1179 2245 quod
1204 2183 1374 2237 dixerit,
1403 2192 1450 2228 ut

0 2257 5 2301 i
61 2258 150 2302 sine
176 2257 369 2301 tumultu
396 2257 595 2316 populari
625 2256 768 2301 adsint
801 2257 1030 2300 nobiscum
1064 2256 1165 2299 deni
1188 2271 1237 2298 ex
1266 2263 1452 2312 utraque

0 2348 5 2359 ·
64 2337 181 2388 parte
199 2344 348 2387 graves
371 2337 414 2371 et
436 2329 605 2371 honesti
626 2329 723 2383 viri,
741 2337 783 2371 et
805 2326 1046 2371 secundum
1069 2326 1325 2383 Scripturas,
1346 2322 1452 2384 quid

0 2415 3 2418 ’
62 2399 107 2442 in
133 2415 236 2443 vero
268 2400 345 2453 sit,
382 2400 698 2459 perquiramus.
731 2402 839 2443 Nam
880 2398 990 2440 illud
1023 2396 1143 2457 quod
1171 2411 1317 2439 rursus
1349 2409 1449 2438 eum

63 2470 215 2513 dixisse
239 2470 440 2514 nonnulli
468 2471 522 2514 ad
546 2486 614 2513 me
636 2470 929 2530 pertulerunt,
950 2484 1028 2512 cur
1056 2484 1144 2512 non
1168 2468 1288 2510 ierim
1313 2468 1452 2510 Cons-

67 2540 291 2595 tantinam,
313 2541 490 2600 quando
512 2541 573 2584 ibi
594 2541 740 2599 plures
766 2540 844 2598 ipsi
868 2549 1007 2592 erant,
1033 2538 1100 2581 vel
1125 2552 1192 2580 me
1214 2536 1372 2581 debere
1389 2536 1450 2579 ire.

111 2631 119 2649 ¹
139 2626 200 2658 Tit.
219 2636 241 2667 1,
261 2637 293 2668 9.
