<?xml version="1.0" encoding="UTF-8"?>
<!DOCTYPE html PUBLIC "-//W3C//DTD XHTML 1.0 Transitional//EN"
    "http://www.w3.org/TR/xhtml1/DTD/xhtml1-transitional.dtd">
<html xmlns="http://www.w3.org/1999/xhtml" xml:lang="en" lang="en">
 <head>
  <title>
</title>
<meta http-equiv="Content-Type" content="text/html;charset=utf-8" />
  <meta name='ocr-system' content='tesseract 3.04.00' />
  <meta name='ocr-capabilities' content='ocr_page ocr_carea ocr_par ocr_line ocrx_word'/>
</head>
<body>
  <div class='ocr_page' id='page_1' title='image "./operaomniaaccura38auguuoft_0397.png"; bbox 0 0 1790 3187; ppageno 0'>
   <div class='ocr_carea' id='block_1_1' title="bbox 537 234 1426 274">
    <p class='ocr_par' dir='ltr' id='par_1_1' title="bbox 537 234 1426 274">
     <span class='ocr_line' id='line_1_1' title="bbox 537 234 1426 274; baseline 0.001 -3"><span class='ocrx_word' id='word_1_1' title='bbox 537 241 737 273; x_wconf 69' lang='lat' dir='ltr'>Emsron</span> <span class='ocrx_word' id='word_1_2' title='bbox 770 244 922 273; x_wconf 76' lang='lat' dir='ltr'>xxxvi.</span> <span class='ocrx_word' id='word_1_3' title='bbox 1342 234 1426 274; x_wconf 90' lang='grc'>387</span> 
     </span>
    </p>
   </div>
   <div class='ocr_carea' id='block_1_2' title="bbox 0 309 1447 2528">
    <p class='ocr_par' dir='ltr' id='par_1_2' title="bbox 40 309 1442 1437">
     <span class='ocr_line' id='line_1_2' title="bbox 102 309 1428 370; baseline 0 -14"><span class='ocrx_word' id='word_1_4' title='bbox 102 314 178 356; x_wconf 90' lang='lat' dir='ltr'>VI.</span> <span class='ocrx_word' id='word_1_5' title='bbox 212 310 342 364; x_wconf 89' lang='lat' dir='ltr'>Quod</span> <span class='ocrx_word' id='word_1_6' title='bbox 379 317 525 354; x_wconf 86' lang='lat' dir='ltr'>autem</span> <span class='ocrx_word' id='word_1_7' title='bbox 562 319 792 370; x_wconf 86' lang='lat' dir='ltr'>propterea</span> <span class='ocrx_word' id='word_1_8' title='bbox 827 310 933 356; x_wconf 90' lang='lat' dir='ltr'>dicit</span> <span class='ocrx_word' id='word_1_9' title='bbox 971 309 1154 356; x_wconf 87' lang='lat' dir='ltr'>sabbato</span> <span class='ocrx_word' id='word_1_10' title='bbox 1195 311 1428 370; x_wconf 86' lang='lat' dir='ltr'>Apostolos</span> 
     </span>
     <span class='ocr_line' id='line_1_3' title="bbox 43 381 1430 444; baseline -0.001 -16"><span class='ocrx_word' id='word_1_11' title='bbox 43 382 327 428; x_wconf 86' lang='lat' dir='ltr'><strong>manducasse</strong></span> <span class='ocrx_word' id='word_1_12' title='bbox 341 415 353 437; x_wconf 84' lang='lat'>‚</span> <span class='ocrx_word' id='word_1_13' title='bbox 377 381 480 442; x_wconf 90' lang='lat' dir='ltr'>quia</span> <span class='ocrx_word' id='word_1_14' title='bbox 512 381 713 427; x_wconf 91' lang='lat' dir='ltr'>nondum</span> <span class='ocrx_word' id='word_1_15' title='bbox 734 390 826 427; x_wconf 88' lang='lat' dir='ltr'>erat</span> <span class='ocrx_word' id='word_1_16' title='bbox 852 391 1025 442; x_wconf 88' lang='lat' dir='ltr'>tempus</span> <span class='ocrx_word' id='word_1_17' title='bbox 1045 390 1095 427; x_wconf 89' lang='lat' dir='ltr'>ut</span> <span class='ocrx_word' id='word_1_18' title='bbox 1116 381 1296 427; x_wconf 87' lang='lat' dir='ltr'>sabbato</span> <span class='ocrx_word' id='word_1_19' title='bbox 1313 383 1430 444; x_wconf 86' lang='lat' dir='ltr'>jeju·-</span> 
     </span>
     <span class='ocr_line' id='line_1_4' title="bbox 42 451 1431 514; baseline 0 -16"><span class='ocrx_word' id='word_1_20' title='bbox 42 462 223 512; x_wconf 76' lang='lat' dir='ltr'>narent3</span> <span class='ocrx_word' id='word_1_21' title='bbox 246 452 369 514; x_wconf 90' lang='lat' dir='ltr'>quod</span> <span class='ocrx_word' id='word_1_22' title='bbox 390 451 555 498; x_wconf 87' lang='lat' dir='ltr'>scilicet</span> <span class='ocrx_word' id='word_1_23' title='bbox 575 462 774 499; x_wconf 87' lang='lat' dir='ltr'>veterum</span> <span class='ocrx_word' id='word_1_24' title='bbox 794 452 969 499; x_wconf 89' lang='lat' dir='ltr'>traditio</span> <span class='ocrx_word' id='word_1_25' title='bbox 987 453 1247 514; x_wconf 89' lang='lat' dir='ltr'>prohibebat</span> <span class='ocrx_word' id='word_1_26' title='bbox 1267 472 1276 499; x_wconf 75' lang='grc' dir='ltr'>ε</span> <span class='ocrx_word' id='word_1_27' title='bbox 1296 468 1431 498; x_wconf 92' lang='lat' dir='ltr'>num-</span> 
     </span>
     <span class='ocr_line' id='line_1_5' title="bbox 41 523 1433 584; baseline 0.001 -17"><span class='ocrx_word' id='word_1_28' title='bbox 41 523 151 584; x_wconf 90' lang='lat' dir='ltr'>quid</span> <span class='ocrx_word' id='word_1_29' title='bbox 189 539 292 584; x_wconf 86' lang='lat' dir='ltr'>ergo</span> <span class='ocrx_word' id='word_1_30' title='bbox 321 525 413 584; x_wconf 85' lang='lat' dir='ltr'>jam</span> <span class='ocrx_word' id='word_1_31' title='bbox 444 532 536 569; x_wconf 88' lang='lat' dir='ltr'>erat</span> <span class='ocrx_word' id='word_1_32' title='bbox 571 533 743 584; x_wconf 88' lang='lat' dir='ltr'>tempus</span> <span class='ocrx_word' id='word_1_33' title='bbox 773 533 825 569; x_wconf 92' lang='lat' dir='ltr'>ut</span> <span class='ocrx_word' id='word_1_34' title='bbox 855 525 1038 570; x_wconf 86' lang='lat' dir='ltr'>sabbato</span> <span class='ocrx_word' id='word_1_35' title='bbox 1069 538 1161 570; x_wconf 89' lang='lat' dir='ltr'>non</span> <span class='ocrx_word' id='word_1_36' title='bbox 1196 525 1433 570; x_wconf 79' lang='lat' dir='ltr'>vacarent?</span> 
     </span>
     <span class='ocr_line' id='line_1_6' title="bbox 41 596 1434 657; baseline -0.001 -15"><span class='ocrx_word' id='word_1_37' title='bbox 41 597 198 642; x_wconf 87' lang='lat' dir='ltr'>Nonne</span> <span class='ocrx_word' id='word_1_38' title='bbox 220 606 265 642; x_wconf 91' lang='lat' dir='ltr'>et</span> <span class='ocrx_word' id='word_1_39' title='bbox 287 597 371 642; x_wconf 88' lang='lat' dir='ltr'>hoc</span> <span class='ocrx_word' id='word_1_40' title='bbox 392 596 568 642; x_wconf 89' lang='lat' dir='ltr'>traditio</span> <span class='ocrx_word' id='word_1_41' title='bbox 586 605 785 642; x_wconf 89' lang='lat' dir='ltr'>veterum</span> <span class='ocrx_word' id='word_1_42' title='bbox 807 597 1092 657; x_wconf 88' lang='lat' dir='ltr'>prohibebat,</span> <span class='ocrx_word' id='word_1_43' title='bbox 1112 605 1157 642; x_wconf 88' lang='lat' dir='ltr'>et</span> <span class='ocrx_word' id='word_1_44' title='bbox 1176 611 1332 643; x_wconf 88' lang='lat' dir='ltr'>vacare</span> <span class='ocrx_word' id='word_1_45' title='bbox 1355 611 1434 641; x_wconf 90' lang='lat' dir='ltr'>co-</span> 
     </span>
     <span class='ocr_line' id='line_1_7' title="bbox 43 666 1435 730; baseline -0.001 -19"><span class='ocrx_word' id='word_1_46' title='bbox 43 666 195 726; x_wconf 80' lang='lat' dir='ltr'>gebat3</span> <span class='ocrx_word' id='word_1_47' title='bbox 219 675 264 712; x_wconf 85' lang='lat' dir='ltr'>et</span> <span class='ocrx_word' id='word_1_48' title='bbox 282 675 430 712; x_wconf 86' lang='lat' dir='ltr'>tamen</span> <span class='ocrx_word' id='word_1_49' title='bbox 457 682 509 712; x_wconf 89' lang='lat' dir='ltr'>eo</span> <span class='ocrx_word' id='word_1_50' title='bbox 526 668 620 728; x_wconf 90' lang='lat' dir='ltr'>ipso</span> <span class='ocrx_word' id='word_1_51' title='bbox 641 667 811 713; x_wconf 89' lang='lat' dir='ltr'>sabbati</span> <span class='ocrx_word' id='word_1_52' title='bbox 833 668 904 713; x_wconf 90' lang='lat' dir='ltr'>die</span> <span class='ocrx_word' id='word_1_53' title='bbox 920 703 931 725; x_wconf 88' lang='lat'>,</span> <span class='ocrx_word' id='word_1_54' title='bbox 956 684 1046 730; x_wconf 90' lang='lat' dir='ltr'>quo</span> <span class='ocrx_word' id='word_1_55' title='bbox 1071 668 1231 715; x_wconf 87' lang='lat' dir='ltr'><strong>Christi</strong></span> <span class='ocrx_word' id='word_1_56' title='bbox 1247 666 1435 727; x_wconf 85' lang='lat' dir='ltr'>legimus</span> 
     </span>
     <span class='ocr_line' id='line_1_8' title="bbox 42 737 1437 800; baseline 0.001 -19"><span class='ocrx_word' id='word_1_57' title='bbox 42 737 329 784; x_wconf 86' lang='lat' dir='ltr'>manducasse</span> <span class='ocrx_word' id='word_1_58' title='bbox 356 737 622 798; x_wconf 87' lang='lat' dir='ltr'>discipulos,</span> <span class='ocrx_word' id='word_1_59' title='bbox 659 738 889 785; x_wconf 86' lang='lat' dir='ltr'>vulserunt</span> <span class='ocrx_word' id='word_1_60' title='bbox 924 740 1080 800; x_wconf 89' lang='lat' dir='ltr'>utique</span> <span class='ocrx_word' id='word_1_61' title='bbox 1111 740 1274 800; x_wconf 88' lang='lat' dir='ltr'>spicas,</span> <span class='ocrx_word' id='word_1_62' title='bbox 1313 738 1437 799; x_wconf 91' lang='lat' dir='ltr'>quod</span> 
     </span>
     <span class='ocr_line' id='line_1_9' title="bbox 42 808 1433 872; baseline 0 -19"><span class='ocrx_word' id='word_1_63' title='bbox 42 808 227 855; x_wconf 84' lang='lat' dir='ltr'>sabbato</span> <span class='ocrx_word' id='word_1_64' title='bbox 258 825 349 855; x_wconf 90' lang='lat' dir='ltr'>non</span> <span class='ocrx_word' id='word_1_65' title='bbox 381 809 563 867; x_wconf 84' lang='lat' dir='ltr'>licebat,</span> <span class='ocrx_word' id='word_1_66' title='bbox 596 811 699 872; x_wconf 91' lang='lat' dir='ltr'>quia</span> <span class='ocrx_word' id='word_1_67' title='bbox 725 819 925 856; x_wconf 85' lang='lat' dir='ltr'>veterum</span> <span class='ocrx_word' id='word_1_68' title='bbox 952 811 1128 856; x_wconf 88' lang='lat' dir='ltr'>traditio</span> <span class='ocrx_word' id='word_1_69' title='bbox 1155 810 1433 871; x_wconf 88' lang='lat' dir='ltr'>prohibebat.</span> 
     </span>
     <span class='ocr_line' id='line_1_10' title="bbox 42 878 1437 941; baseline -0.001 -17"><span class='ocrx_word' id='word_1_70' title='bbox 42 878 200 925; x_wconf 87' lang='lat' dir='ltr'>Videat</span> <span class='ocrx_word' id='word_1_71' title='bbox 220 881 352 939; x_wconf 86' lang='lat' dir='ltr'>igitur</span> <span class='ocrx_word' id='word_1_72' title='bbox 372 896 428 926; x_wconf 87' lang='lat' dir='ltr'>ne</span> <span class='ocrx_word' id='word_1_73' title='bbox 450 880 566 926; x_wconf 86' lang='lat' dir='ltr'>forte</span> <span class='ocrx_word' id='word_1_74' title='bbox 587 882 901 941; x_wconf 84' lang='lat' dir='ltr'>congruentius</span> <span class='ocrx_word' id='word_1_75' title='bbox 925 882 964 926; x_wconf 94' lang='lat' dir='ltr'>ei</span> <span class='ocrx_word' id='word_1_76' title='bbox 993 882 1310 941; x_wconf 84' lang='lat' dir='ltr'>respondeatur</span> <span class='ocrx_word' id='word_1_77' title='bbox 1337 880 1437 924; x_wconf 94' lang='lat' dir='ltr'>ideo</span> 
     </span>
     <span class='ocr_line' id='line_1_11' title="bbox 40 951 1437 1011; baseline 0 -17"><span class='ocrx_word' id='word_1_78' title='bbox 40 951 276 996; x_wconf 88' lang='lat' dir='ltr'>Dominum</span> <span class='ocrx_word' id='word_1_79' title='bbox 294 951 366 996; x_wconf 90' lang='lat' dir='ltr'>die</span> <span class='ocrx_word' id='word_1_80' title='bbox 381 951 456 996; x_wconf 90' lang='lat' dir='ltr'>illo</span> <span class='ocrx_word' id='word_1_81' title='bbox 474 967 498 996; x_wconf 89' lang='lat' dir='ltr'>a</span> <span class='ocrx_word' id='word_1_82' title='bbox 510 951 734 1011; x_wconf 81' lang='lat' dir='ltr'>discipulis</span> <span class='ocrx_word' id='word_1_83' title='bbox 747 953 841 996; x_wconf 86' lang='lat' dir='ltr'>haec</span> <span class='ocrx_word' id='word_1_84' title='bbox 854 952 944 996; x_wconf 90' lang='lat' dir='ltr'>duo</span> <span class='ocrx_word' id='word_1_85' title='bbox 959 952 1052 995; x_wconf 86' lang='lat' dir='ltr'>fieri</span> <span class='ocrx_word' id='word_1_86' title='bbox 1065 951 1252 995; x_wconf 85' lang='lat' dir='ltr'>voluisse</span> <span class='ocrx_word' id='word_1_87' title='bbox 1269 966 1281 994; x_wconf 93' lang='lat'>.·</span> <span class='ocrx_word' id='word_1_88' title='bbox 1297 964 1437 994; x_wconf 90' lang='lat' dir='ltr'>unum</span> 
     </span>
     <span class='ocr_line' id='line_1_12' title="bbox 41 1018 1440 1080; baseline 0 -16"><span class='ocrx_word' id='word_1_89' title='bbox 41 1018 98 1064; x_wconf 93' lang='lat' dir='ltr'>de</span> <span class='ocrx_word' id='word_1_90' title='bbox 131 1021 257 1080; x_wconf 91' lang='lat' dir='ltr'>spicis</span> <span class='ocrx_word' id='word_1_91' title='bbox 286 1021 525 1077; x_wconf 83' lang='lat' dir='ltr'>vellendis,</span> <span class='ocrx_word' id='word_1_92' title='bbox 557 1021 743 1066; x_wconf 86' lang='lat' dir='ltr'>alterum</span> <span class='ocrx_word' id='word_1_93' title='bbox 779 1022 835 1065; x_wconf 92' lang='lat' dir='ltr'>de</span> <span class='ocrx_word' id='word_1_94' title='bbox 861 1021 1077 1065; x_wconf 83' lang='lat' dir='ltr'>alimentis</span> <span class='ocrx_word' id='word_1_95' title='bbox 1106 1020 1353 1076; x_wconf 83' lang='lat' dir='ltr'>sumendis,</span> <span class='ocrx_word' id='word_1_96' title='bbox 1388 1028 1440 1064; x_wconf 91' lang='lat' dir='ltr'>ut</span> 
     </span>
     <span class='ocr_line' id='line_1_13' title="bbox 42 1090 1440 1153; baseline 0 -18"><span class='ocrx_word' id='word_1_97' title='bbox 42 1090 154 1135; x_wconf 92' lang='lat' dir='ltr'>illud</span> <span class='ocrx_word' id='word_1_98' title='bbox 175 1101 285 1137; x_wconf 86' lang='lat' dir='ltr'>esset</span> <span class='ocrx_word' id='word_1_99' title='bbox 315 1092 520 1137; x_wconf 85' lang='lat' dir='ltr'>adversus</span> <span class='ocrx_word' id='word_1_100' title='bbox 541 1108 613 1138; x_wconf 89' lang='lat' dir='ltr'>eos</span> <span class='ocrx_word' id='word_1_101' title='bbox 628 1126 639 1148; x_wconf 89' lang='lat'>‚</span> <span class='ocrx_word' id='word_1_102' title='bbox 665 1092 742 1153; x_wconf 90' lang='lat' dir='ltr'>qui</span> <span class='ocrx_word' id='word_1_103' title='bbox 764 1092 948 1137; x_wconf 87' lang='lat' dir='ltr'>sabbato</span> <span class='ocrx_word' id='word_1_104' title='bbox 975 1092 1130 1137; x_wconf 86' lang='lat' dir='ltr'>volunt</span> <span class='ocrx_word' id='word_1_105' title='bbox 1149 1107 1302 1138; x_wconf 81' lang='lat' dir='ltr'>vacare</span> <span class='ocrx_word' id='word_1_106' title='bbox 1318 1126 1329 1147; x_wconf 94' lang='lat'>,</span> <span class='ocrx_word' id='word_1_107' title='bbox 1355 1092 1440 1135; x_wconf 90' lang='lat' dir='ltr'>hoc</span> 
     </span>
     <span class='ocr_line' id='line_1_14' title="bbox 42 1164 1442 1224; baseline -0.001 -17"><span class='ocrx_word' id='word_1_108' title='bbox 42 1172 188 1207; x_wconf 88' lang='lat' dir='ltr'>autem</span> <span class='ocrx_word' id='word_1_109' title='bbox 211 1164 417 1208; x_wconf 89' lang='lat' dir='ltr'>adversus</span> <span class='ocrx_word' id='word_1_110' title='bbox 451 1180 546 1220; x_wconf 78' lang='lat' dir='ltr'>e08,</span> <span class='ocrx_word' id='word_1_111' title='bbox 579 1164 657 1224; x_wconf 85' lang='lat' dir='ltr'>qui</span> <span class='ocrx_word' id='word_1_112' title='bbox 684 1173 847 1223; x_wconf 85' lang='lat' dir='ltr'>cogunt</span> <span class='ocrx_word' id='word_1_113' title='bbox 878 1164 1061 1209; x_wconf 86' lang='lat' dir='ltr'>sabbato</span> <span class='ocrx_word' id='word_1_114' title='bbox 1079 1165 1276 1224; x_wconf 85' lang='lat' dir='ltr'>jejunare</span> <span class='ocrx_word' id='word_1_115' title='bbox 1303 1181 1312 1207; x_wconf 80' lang='lat' dir='ltr'><em>z</em></span> <span class='ocrx_word' id='word_1_116' title='bbox 1339 1177 1442 1207; x_wconf 86' lang='lat' dir='ltr'>cum</span> 
     </span>
     <span class='ocr_line' id='line_1_15' title="bbox 42 1233 1438 1296; baseline -0.001 -19"><span class='ocrx_word' id='word_1_117' title='bbox 42 1233 154 1278; x_wconf 89' lang='lat' dir='ltr'>illud</span> <span class='ocrx_word' id='word_1_118' title='bbox 168 1244 338 1280; x_wconf 84' lang='lat' dir='ltr'>mutato</span> <span class='ocrx_word' id='word_1_119' title='bbox 353 1244 551 1295; x_wconf 89' lang='lat' dir='ltr'>tempore</span> <span class='ocrx_word' id='word_1_120' title='bbox 563 1236 652 1296; x_wconf 85' lang='lat' dir='ltr'>jam</span> <span class='ocrx_word' id='word_1_121' title='bbox 669 1233 1017 1295; x_wconf 86' lang='lat' dir='ltr'>superstitiosum</span> <span class='ocrx_word' id='word_1_122' title='bbox 1034 1250 1124 1278; x_wconf 90' lang='lat' dir='ltr'>esse</span> <span class='ocrx_word' id='word_1_123' title='bbox 1141 1233 1438 1294; x_wconf 85' lang='lat' dir='ltr'>significasset,</span> 
     </span>
     <span class='ocr_line' id='line_1_16' title="bbox 41 1303 1442 1366; baseline 0 -19"><span class='ocrx_word' id='word_1_124' title='bbox 41 1303 127 1348; x_wconf 90' lang='lat' dir='ltr'>hoc</span> <span class='ocrx_word' id='word_1_125' title='bbox 149 1313 295 1347; x_wconf 81' lang='lat' dir='ltr'>autem</span> <span class='ocrx_word' id='word_1_126' title='bbox 317 1315 505 1365; x_wconf 84' lang='lat' dir='ltr'>utroque</span> <span class='ocrx_word' id='word_1_127' title='bbox 520 1316 716 1366; x_wconf 80' lang='lat' dir='ltr'>tempore</span> <span class='ocrx_word' id='word_1_128' title='bbox 737 1306 927 1350; x_wconf 87' lang='lat' dir='ltr'>liberum</span> <span class='ocrx_word' id='word_1_129' title='bbox 945 1322 1033 1351; x_wconf 89' lang='lat' dir='ltr'>esse</span> <span class='ocrx_word' id='word_1_130' title='bbox 1049 1306 1271 1351; x_wconf 88' lang='lat' dir='ltr'>voluisset.</span> <span class='ocrx_word' id='word_1_131' title='bbox 1290 1308 1442 1363; x_wconf 89' lang='lat' dir='ltr'>Neque</span> 
     </span>
     <span class='ocr_line' id='line_1_17' title="bbox 41 1373 1442 1437; baseline 0 -19"><span class='ocrx_word' id='word_1_132' title='bbox 41 1373 88 1418; x_wconf 92' lang='lat' dir='ltr'>id</span> <span class='ocrx_word' id='word_1_133' title='bbox 110 1375 413 1420; x_wconf 85' lang='lat' dir='ltr'>confirmando</span> <span class='ocrx_word' id='word_1_134' title='bbox 433 1375 613 1420; x_wconf 81' lang='lat' dir='ltr'>dixerim</span> <span class='ocrx_word' id='word_1_135' title='bbox 628 1411 639 1432; x_wconf 91' lang='lat'>,</span> <span class='ocrx_word' id='word_1_136' title='bbox 662 1376 736 1420; x_wconf 89' lang='lat' dir='ltr'>sed</span> <span class='ocrx_word' id='word_1_137' title='bbox 757 1378 866 1437; x_wconf 85' lang='lat' dir='ltr'>quid</span> <span class='ocrx_word' id='word_1_138' title='bbox 893 1378 931 1420; x_wconf 88' lang='lat' dir='ltr'>ei</span> <span class='ocrx_word' id='word_1_139' title='bbox 954 1377 1094 1420; x_wconf 88' lang='lat' dir='ltr'>multo</span> <span class='ocrx_word' id='word_1_140' title='bbox 1117 1375 1283 1435; x_wconf 89' lang='lat' dir='ltr'>aptius,</span> <span class='ocrx_word' id='word_1_141' title='bbox 1308 1387 1442 1434; x_wconf 90' lang='lat' dir='ltr'>quam</span> 
     </span>
    </p>

    <p class='ocr_par' dir='ltr' id='par_1_3' title="bbox 0 1445 1447 2498">
     <span class='ocr_line' id='line_1_18' title="bbox 42 1445 1297 1507; baseline -0.001 -17"><span class='ocrx_word' id='word_1_142' title='bbox 42 1454 144 1490; x_wconf 87' lang='lat' dir='ltr'>sunt</span> <span class='ocrx_word' id='word_1_143' title='bbox 161 1462 210 1491; x_wconf 89' lang='lat' dir='ltr'>ea</span> <span class='ocrx_word' id='word_1_144' title='bbox 224 1463 324 1506; x_wconf 80' lang='lat' dir='ltr'>quae</span> <span class='ocrx_word' id='word_1_145' title='bbox 341 1446 539 1507; x_wconf 87' lang='lat' dir='ltr'>loquitur</span> <span class='ocrx_word' id='word_1_146' title='bbox 555 1483 566 1503; x_wconf 91' lang='lat'>‚</span> <span class='ocrx_word' id='word_1_147' title='bbox 587 1447 840 1507; x_wconf 87' lang='lat' dir='ltr'>responderi</span> <span class='ocrx_word' id='word_1_148' title='bbox 860 1448 993 1506; x_wconf 84' lang='lat' dir='ltr'>possit</span> <span class='ocrx_word' id='word_1_149' title='bbox 1015 1445 1297 1491; x_wconf 84' lang='lat' dir='ltr'>ostenderim.</span> 
     </span>
     <span class='ocr_line' id='line_1_19' title="bbox 103 1515 1443 1578; baseline -0.001 -18.065"><span class='ocrx_word' id='word_1_150' title='bbox 103 1519 204 1560; x_wconf 87' lang='lat' dir='ltr'>Vll.</span> <span class='ocrx_word' id='word_1_151' title='bbox 244 1535 265 1559; x_wconf 86' lang='lat'>«</span> <span class='ocrx_word' id='word_1_152' title='bbox 290 1518 546 1570; x_wconf 77' lang='lat' dir='ltr'>Quomodo,</span> <span class='ocrx_word' id='word_1_153' title='bbox 570 1518 740 1578; x_wconf 89' lang='lat' dir='ltr'>inquit,</span> <span class='ocrx_word' id='word_1_154' title='bbox 771 1533 860 1561; x_wconf 92' lang='lat' dir='ltr'>non</span> <span class='ocrx_word' id='word_1_155' title='bbox 883 1532 985 1561; x_wconf 88' lang='lat' dir='ltr'>cum</span> <span class='ocrx_word' id='word_1_156' title='bbox 1018 1517 1234 1560; x_wconf 83' lang='lat' dir='ltr'>Pharisaeo</span> <span class='ocrx_word' id='word_1_157' title='bbox 1257 1515 1443 1559; x_wconf 88' lang='lat' dir='ltr'>damna-</span> 
     </span>
     <span class='ocr_line' id='line_1_20' title="bbox 8 1586 1444 1649; baseline -0.001 -20"><span class='ocrx_word' id='word_1_158' title='bbox 8 1604 13 1647; x_wconf 74' lang='lat'>3:</span> <span class='ocrx_word' id='word_1_159' title='bbox 45 1605 67 1629; x_wconf 86' lang='lat'>»</span> <span class='ocrx_word' id='word_1_160' title='bbox 93 1587 243 1632; x_wconf 88' lang='lat' dir='ltr'>bimur</span> <span class='ocrx_word' id='word_1_161' title='bbox 260 1588 325 1632; x_wconf 89' lang='lat' dir='ltr'>bis</span> <span class='ocrx_word' id='word_1_162' title='bbox 346 1590 391 1632; x_wconf 90' lang='lat' dir='ltr'>in</span> <span class='ocrx_word' id='word_1_163' title='bbox 408 1588 591 1633; x_wconf 86' lang='lat' dir='ltr'>sabbato</span> <span class='ocrx_word' id='word_1_164' title='bbox 609 1589 910 1649; x_wconf 70' lang='lat' dir='ltr'>jejunantes¹i&gt;</span> <span class='ocrx_word' id='word_1_165' title='bbox 928 1606 948 1629; x_wconf 85' lang='lat'>»</span> <span class='ocrx_word' id='word_1_166' title='bbox 972 1595 1181 1647; x_wconf 78' lang='lat' dir='ltr'>tanquam</span> <span class='ocrx_word' id='word_1_167' title='bbox 1202 1586 1444 1630; x_wconf 84' lang='lat' dir='ltr'>Pharisaeus</span> 
     </span>
     <span class='ocr_line' id='line_1_21' title="bbox 11 1656 1445 1720; baseline -0.002 -18"><span class='ocrx_word' id='word_1_168' title='bbox 11 1657 17 1713; x_wconf 67' lang='grc' dir='ltr'>ἶ</span> <span class='ocrx_word' id='word_1_169' title='bbox 43 1658 143 1703; x_wconf 91' lang='lat' dir='ltr'>ideo</span> <span class='ocrx_word' id='word_1_170' title='bbox 161 1659 395 1703; x_wconf 83' lang='lat' dir='ltr'>damnetur</span> <span class='ocrx_word' id='word_1_171' title='bbox 412 1694 423 1715; x_wconf 88' lang='lat'>‚</span> <span class='ocrx_word' id='word_1_172' title='bbox 442 1660 545 1720; x_wconf 86' lang='lat' dir='ltr'>quia</span> <span class='ocrx_word' id='word_1_173' title='bbox 561 1659 625 1704; x_wconf 85' lang='lat' dir='ltr'>bis</span> <span class='ocrx_word' id='word_1_174' title='bbox 643 1660 690 1703; x_wconf 92' lang='lat' dir='ltr'>in</span> <span class='ocrx_word' id='word_1_175' title='bbox 704 1659 1126 1718; x_wconf 85' lang='lat' dir='ltr'>sabbatojejunabat</span> <span class='ocrx_word' id='word_1_176' title='bbox 1143 1679 1154 1716; x_wconf 79' lang='lat'>3</span> <span class='ocrx_word' id='word_1_177' title='bbox 1174 1667 1217 1702; x_wconf 88' lang='lat' dir='ltr'>et</span> <span class='ocrx_word' id='word_1_178' title='bbox 1234 1673 1323 1701; x_wconf 89' lang='lat' dir='ltr'>non</span> <span class='ocrx_word' id='word_1_179' title='bbox 1342 1656 1445 1716; x_wconf 85' lang='lat' dir='ltr'>quia</span> 
     </span>
     <span class='ocr_line' id='line_1_22' title="bbox 10 1721 1446 1787; baseline -0.002 -15"><span class='ocrx_word' id='word_1_180' title='bbox 10 1721 17 1780; x_wconf 43' lang='lat'>,³</span> <span class='ocrx_word' id='word_1_181' title='bbox 45 1744 175 1787; x_wconf 88' lang='lat' dir='ltr'>super</span> <span class='ocrx_word' id='word_1_182' title='bbox 210 1729 502 1774; x_wconf 81' lang='lat' dir='ltr'>Publicanum</span> <span class='ocrx_word' id='word_1_183' title='bbox 536 1746 580 1774; x_wconf 89' lang='lat' dir='ltr'>se</span> <span class='ocrx_word' id='word_1_184' title='bbox 611 1730 807 1775; x_wconf 85' lang='lat' dir='ltr'>tumidus</span> <span class='ocrx_word' id='word_1_185' title='bbox 838 1729 1090 1774; x_wconf 84' lang='lat' dir='ltr'>extollebat.</span> <span class='ocrx_word' id='word_1_186' title='bbox 1124 1732 1273 1773; x_wconf 87' lang='lat' dir='ltr'>Potest</span> <span class='ocrx_word' id='word_1_187' title='bbox 1297 1738 1446 1770; x_wconf 79' lang='lat' dir='ltr'>autem</span> 
     </span>
     <span class='ocr_line' id='line_1_23' title="bbox 11 1798 1443 1860; baseline -0.001 -16"><span class='ocrx_word' id='word_1_188' title='bbox 11 1823 19 1828; x_wconf 94' lang='lat'>··</span> <span class='ocrx_word' id='word_1_189' title='bbox 44 1799 124 1844; x_wconf 91' lang='lat' dir='ltr'>iste</span> <span class='ocrx_word' id='word_1_190' title='bbox 158 1798 304 1843; x_wconf 87' lang='lat' dir='ltr'>dicere</span> <span class='ocrx_word' id='word_1_191' title='bbox 323 1834 334 1853; x_wconf 89' lang='lat'>,</span> <span class='ocrx_word' id='word_1_192' title='bbox 371 1801 501 1843; x_wconf 84' lang='lat' dir='ltr'>etiam</span> <span class='ocrx_word' id='word_1_193' title='bbox 523 1800 642 1854; x_wconf 88' lang='lat' dir='ltr'>illos,</span> <span class='ocrx_word' id='word_1_194' title='bbox 676 1801 755 1860; x_wconf 88' lang='lat' dir='ltr'>qui</span> <span class='ocrx_word' id='word_1_195' title='bbox 779 1802 977 1845; x_wconf 89' lang='lat' dir='ltr'>omnium</span> <span class='ocrx_word' id='word_1_196' title='bbox 1005 1801 1231 1843; x_wconf 82' lang='lat' dir='ltr'>fructuum</span> <span class='ocrx_word' id='word_1_197' title='bbox 1263 1812 1443 1842; x_wconf 89' lang='lat' dir='ltr'>suorum</span> 
     </span>
     <span class='ocr_line' id='line_1_24' title="bbox 17 1869 1446 1930; baseline -0.001 -15"><span class='ocrx_word' id='word_1_198' title='bbox 17 1895 18 1898; x_wconf 58' lang='lat'><em>=</em></span> <span class='ocrx_word' id='word_1_199' title='bbox 46 1870 234 1915; x_wconf 87' lang='lat' dir='ltr'>decimas</span> <span class='ocrx_word' id='word_1_200' title='bbox 263 1870 371 1914; x_wconf 86' lang='lat' dir='ltr'>dant</span> <span class='ocrx_word' id='word_1_201' title='bbox 400 1871 691 1930; x_wconf 84' lang='lat' dir='ltr'>pauperibus,</span> <span class='ocrx_word' id='word_1_202' title='bbox 722 1885 823 1915; x_wconf 90' lang='lat' dir='ltr'>cum</span> <span class='ocrx_word' id='word_1_203' title='bbox 846 1870 1064 1914; x_wconf 85' lang='lat' dir='ltr'>Pharisaeo</span> <span class='ocrx_word' id='word_1_204' title='bbox 1086 1869 1284 1914; x_wconf 84' lang='lat' dir='ltr'>damnari</span> <span class='ocrx_word' id='word_1_205' title='bbox 1306 1890 1318 1928; x_wconf 76' lang='lat'>3</span> <span class='ocrx_word' id='word_1_206' title='bbox 1341 1869 1446 1929; x_wconf 86' lang='lat' dir='ltr'>quia</span> 
     </span>
     <span class='ocr_line' id='line_1_25' title="bbox 7 1898 1446 2002; baseline -0.001 -16"><span class='ocrx_word' id='word_1_207' title='bbox 7 1898 23 1981; x_wconf 52' lang='lat' dir='ltr'>i</span> <span class='ocrx_word' id='word_1_208' title='bbox 45 1942 130 1987; x_wconf 87' lang='lat' dir='ltr'>hoc</span> <span class='ocrx_word' id='word_1_209' title='bbox 151 1957 330 2002; x_wconf 81' lang='lat' dir='ltr'>quoque</span> <span class='ocrx_word' id='word_1_210' title='bbox 353 1941 427 1985; x_wconf 89' lang='lat' dir='ltr'>ille</span> <span class='ocrx_word' id='word_1_211' title='bbox 450 1943 563 1985; x_wconf 84' lang='lat' dir='ltr'>inter</span> <span class='ocrx_word' id='word_1_212' title='bbox 585 1957 661 1986; x_wconf 86' lang='lat' dir='ltr'>sua</span> <span class='ocrx_word' id='word_1_213' title='bbox 690 1957 821 2001; x_wconf 89' lang='lat' dir='ltr'>opera</span> <span class='ocrx_word' id='word_1_214' title='bbox 843 1942 1111 2002; x_wconf 81' lang='lat' dir='ltr'>praedicabat</span> <span class='ocrx_word' id='word_1_215' title='bbox 1137 1960 1145 1986; x_wconf 90' lang='lat'>:</span> <span class='ocrx_word' id='word_1_216' title='bbox 1171 1942 1292 2002; x_wconf 90' lang='lat' dir='ltr'>quod</span> <span class='ocrx_word' id='word_1_217' title='bbox 1319 1942 1446 2001; x_wconf 83' lang='lat' dir='ltr'>cupi-</span> 
     </span>
     <span class='ocr_line' id='line_1_26' title="bbox 7 2012 1446 2072; baseline 0 -17"><span class='ocrx_word' id='word_1_218' title='bbox 7 2042 15 2050; x_wconf 69' lang='lat'>--</span> <span class='ocrx_word' id='word_1_219' title='bbox 46 2027 144 2057; x_wconf 88' lang='lat' dir='ltr'>mus</span> <span class='ocrx_word' id='word_1_220' title='bbox 166 2029 188 2057; x_wconf 86' lang='lat' dir='ltr'>a</span> <span class='ocrx_word' id='word_1_221' title='bbox 216 2012 365 2057; x_wconf 90' lang='lat' dir='ltr'>multis</span> <span class='ocrx_word' id='word_1_222' title='bbox 387 2013 480 2056; x_wconf 78' lang='lat' dir='ltr'>fieri</span> <span class='ocrx_word' id='word_1_223' title='bbox 502 2013 780 2065; x_wconf 85' lang='lat' dir='ltr'>Christianis,</span> <span class='ocrx_word' id='word_1_224' title='bbox 806 2022 849 2057; x_wconf 91' lang='lat' dir='ltr'>et</span> <span class='ocrx_word' id='word_1_225' title='bbox 871 2013 942 2057; x_wconf 86' lang='lat' dir='ltr'>vix</span> <span class='ocrx_word' id='word_1_226' title='bbox 967 2012 1249 2072; x_wconf 86' lang='lat' dir='ltr'>paucissimos</span> <span class='ocrx_word' id='word_1_227' title='bbox 1273 2012 1446 2056; x_wconf 88' lang='lat' dir='ltr'>inveni-</span> 
     </span>
     <span class='ocr_line' id='line_1_27' title="bbox 47 2083 1441 2143; baseline 0 -17"><span class='ocrx_word' id='word_1_228' title='bbox 47 2097 159 2127; x_wconf 89' lang='lat' dir='ltr'>mus.</span> <span class='ocrx_word' id='word_1_229' title='bbox 185 2087 275 2127; x_wconf 84' lang='lat' dir='ltr'>Aut</span> <span class='ocrx_word' id='word_1_230' title='bbox 295 2098 399 2127; x_wconf 86' lang='lat' dir='ltr'>vero</span> <span class='ocrx_word' id='word_1_231' title='bbox 417 2084 492 2142; x_wconf 84' lang='lat' dir='ltr'>qui</span> <span class='ocrx_word' id='word_1_232' title='bbox 512 2099 603 2127; x_wconf 89' lang='lat' dir='ltr'>non</span> <span class='ocrx_word' id='word_1_233' title='bbox 622 2083 754 2127; x_wconf 87' lang='lat' dir='ltr'>fuerit</span> <span class='ocrx_word' id='word_1_234' title='bbox 773 2084 959 2143; x_wconf 82' lang='lat' dir='ltr'>injustus</span> <span class='ocrx_word' id='word_1_235' title='bbox 977 2118 988 2137; x_wconf 89' lang='lat'>,</span> <span class='ocrx_word' id='word_1_236' title='bbox 1014 2083 1186 2127; x_wconf 81' lang='lat' dir='ltr'>adulter</span> <span class='ocrx_word' id='word_1_237' title='bbox 1206 2091 1249 2126; x_wconf 91' lang='lat' dir='ltr'>et</span> <span class='ocrx_word' id='word_1_238' title='bbox 1266 2090 1415 2142; x_wconf 86' lang='lat' dir='ltr'>raptor</span> <span class='ocrx_word' id='word_1_239' title='bbox 1430 2117 1441 2138; x_wconf 86' lang='lat'>,</span> 
     </span>
     <span class='ocr_line' id='line_1_28' title="bbox 49 2152 1446 2213; baseline -0.001 -14"><span class='ocrx_word' id='word_1_240' title='bbox 49 2169 150 2199; x_wconf 88' lang='lat' dir='ltr'>cum</span> <span class='ocrx_word' id='word_1_241' title='bbox 180 2154 394 2198; x_wconf 84' lang='lat' dir='ltr'>Pharisaeo</span> <span class='ocrx_word' id='word_1_242' title='bbox 424 2154 733 2212; x_wconf 68' lang='lat' dir='ltr'>damnabitur,</span> <span class='ocrx_word' id='word_1_243' title='bbox 769 2153 870 2213; x_wconf 86' lang='lat' dir='ltr'>quia</span> <span class='ocrx_word' id='word_1_244' title='bbox 900 2152 972 2197; x_wconf 87' lang='lat' dir='ltr'>ille</span> <span class='ocrx_word' id='word_1_245' title='bbox 1000 2169 1044 2198; x_wconf 89' lang='lat' dir='ltr'>se</span> <span class='ocrx_word' id='word_1_246' title='bbox 1068 2152 1198 2197; x_wconf 83' lang='lat' dir='ltr'>talem</span> <span class='ocrx_word' id='word_1_247' title='bbox 1232 2169 1322 2197; x_wconf 89' lang='lat' dir='ltr'>non</span> <span class='ocrx_word' id='word_1_248' title='bbox 1355 2168 1446 2197; x_wconf 87' lang='lat' dir='ltr'>esse</span> 
     </span>
     <span class='ocr_line' id='line_1_29' title="bbox 45 2223 1447 2285; baseline -0.001 -16"><span class='ocrx_word' id='word_1_249' title='bbox 45 2224 236 2284; x_wconf 81' lang='lat' dir='ltr'>jactabat</span> <span class='ocrx_word' id='word_1_250' title='bbox 264 2243 274 2270; x_wconf 67' lang='grc' dir='ltr'>ι</span> <span class='ocrx_word' id='word_1_251' title='bbox 309 2223 432 2284; x_wconf 88' lang='lat' dir='ltr'>quod</span> <span class='ocrx_word' id='word_1_252' title='bbox 462 2233 579 2269; x_wconf 87' lang='lat' dir='ltr'>certe</span> <span class='ocrx_word' id='word_1_253' title='bbox 610 2225 807 2285; x_wconf 86' lang='lat' dir='ltr'>quisquis</span> <span class='ocrx_word' id='word_1_254' title='bbox 840 2224 998 2278; x_wconf 82' lang='lat' dir='ltr'>sentit,</span> <span class='ocrx_word' id='word_1_255' title='bbox 1032 2224 1207 2268; x_wconf 82' lang='lat' dir='ltr'>insanit.</span> <span class='ocrx_word' id='word_1_256' title='bbox 1248 2227 1382 2269; x_wconf 87' lang='lat' dir='ltr'>Porro</span> <span class='ocrx_word' id='word_1_257' title='bbox 1412 2224 1447 2268; x_wconf 92' lang='lat' dir='ltr'>si</span> 
     </span>
     <span class='ocr_line' id='line_1_30' title="bbox 0 2294 1447 2358; baseline -0.001 -19"><span class='ocrx_word' id='word_1_258' title='bbox 0 2348 7 2358; x_wconf 27' lang='grc' dir='ltr'>ῃ</span> <span class='ocrx_word' id='word_1_259' title='bbox 49 2294 145 2340; x_wconf 85' lang='lat' dir='ltr'>haec</span> <span class='ocrx_word' id='word_1_260' title='bbox 165 2295 257 2339; x_wconf 90' lang='lat' dir='ltr'>sine</span> <span class='ocrx_word' id='word_1_261' title='bbox 279 2295 417 2340; x_wconf 89' lang='lat' dir='ltr'>dubio</span> <span class='ocrx_word' id='word_1_262' title='bbox 439 2295 578 2351; x_wconf 81' lang='lat' dir='ltr'>bona,</span> <span class='ocrx_word' id='word_1_263' title='bbox 604 2312 704 2356; x_wconf 78' lang='lat' dir='ltr'>quae</span> <span class='ocrx_word' id='word_1_264' title='bbox 726 2295 809 2340; x_wconf 86' lang='lat' dir='ltr'>sibi</span> <span class='ocrx_word' id='word_1_265' title='bbox 828 2294 1069 2339; x_wconf 83' lang='lat' dir='ltr'>Pharisaeus</span> <span class='ocrx_word' id='word_1_266' title='bbox 1092 2295 1230 2339; x_wconf 88' lang='lat' dir='ltr'>inesse</span> <span class='ocrx_word' id='word_1_267' title='bbox 1251 2309 1447 2339; x_wconf 91' lang='lat' dir='ltr'>comme-</span> 
     </span>
     <span class='ocr_line' id='line_1_31' title="bbox 51 2365 1444 2426; baseline 0.001 -15.967"><span class='ocrx_word' id='word_1_268' title='bbox 51 2367 271 2422; x_wconf 86' lang='lat' dir='ltr'>morabat,</span> <span class='ocrx_word' id='word_1_269' title='bbox 308 2383 398 2411; x_wconf 87' lang='lat' dir='ltr'>non</span> <span class='ocrx_word' id='word_1_270' title='bbox 420 2366 627 2411; x_wconf 87' lang='lat' dir='ltr'>habenda</span> <span class='ocrx_word' id='word_1_271' title='bbox 655 2376 756 2411; x_wconf 84' lang='lat' dir='ltr'>sunt</span> <span class='ocrx_word' id='word_1_272' title='bbox 785 2381 886 2410; x_wconf 84' lang='lat' dir='ltr'>cum</span> <span class='ocrx_word' id='word_1_273' title='bbox 909 2366 1188 2425; x_wconf 88' lang='lat' dir='ltr'>superbiente</span> <span class='ocrx_word' id='word_1_274' title='bbox 1204 2365 1415 2426; x_wconf 84' lang='lat' dir='ltr'>jactantia</span> <span class='ocrx_word' id='word_1_275' title='bbox 1432 2401 1444 2423; x_wconf 87' lang='lat'>,</span> 
     </span>
     <span class='ocr_line' id='line_1_32' title="bbox 0 2435 1447 2528; baseline 0.001 -47.003"><span class='ocrx_word' id='word_1_276' title='bbox 4 2435 9 2447; x_wconf 34' lang='grc' dir='ltr'><strong>λ</strong></span> <span class='ocrx_word' id='word_1_277' title='bbox 0 2452 150 2500; x_wconf 83' lang='lat' dir='ltr'>quae</span> <span class='ocrx_word' id='word_1_278' title='bbox 169 2437 214 2482; x_wconf 92' lang='lat' dir='ltr'>in</span> <span class='ocrx_word' id='word_1_279' title='bbox 231 2436 307 2517; x_wconf 80' lang='lat' dir='ltr'>illo</span> <span class='ocrx_word' id='word_1_280' title='bbox 320 2437 594 2517; x_wconf 83' lang='lat' dir='ltr'>apparebat,</span> <span class='ocrx_word' id='word_1_281' title='bbox 603 2437 694 2518; x_wconf 35' lang='lat' dir='ltr'>’sed</span> <span class='ocrx_word' id='word_1_282' title='bbox 715 2446 861 2482; x_wconf 87' lang='lat' dir='ltr'>tamen</span> <span class='ocrx_word' id='word_1_283' title='bbox 880 2435 1084 2514; x_wconf 78' lang='lat' dir='ltr'>habenda</span> <span class='ocrx_word' id='word_1_284' title='bbox 1106 2446 1208 2517; x_wconf 82' lang='lat' dir='ltr'>sunt</span> <span class='ocrx_word' id='word_1_285' title='bbox 1228 2453 1330 2482; x_wconf 90' lang='lat' dir='ltr'>cum</span> <span class='ocrx_word' id='word_1_286' title='bbox 1351 2438 1447 2528; x_wconf 92' lang='lat' dir='ltr'>pie-</span> 
     </span>
    </p>
   </div>
   <div class='ocr_carea' id='block_1_3' title="bbox 0 77 42 2823">
    <p class='ocr_par' dir='ltr' id='par_1_4' title="bbox 0 77 42 2823">
     <span class='ocr_line' id='line_1_33' title="bbox 0 77 29 687; baseline 0 -142"><span class='ocrx_word' id='word_1_287' title='bbox 0 77 29 687; x_wconf 95' lang='lat' dir='ltr'>    </span> 
     </span>
     <span class='ocr_line' id='line_1_34' title="bbox 0 687 29 1041; baseline 0 0"><span class='ocrx_word' id='word_1_288' title='bbox 0 687 29 1041; x_wconf 95' lang='lat' dir='ltr'>     </span> 
     </span>
     <span class='ocr_line' id='line_1_35' title="bbox 0 1041 29 1254; baseline 0 -143"><span class='ocrx_word' id='word_1_289' title='bbox 0 1041 29 1254; x_wconf 95' lang='lat' dir='ltr'>   </span> 
     </span>
     <span class='ocr_line' id='line_1_36' title="bbox 0 1254 29 1538; baseline 0 -211"><span class='ocrx_word' id='word_1_290' title='bbox 0 1254 29 1538; x_wconf 95' lang='lat' dir='ltr'>    </span> 
     </span>
     <span class='ocr_line' id='line_1_37' title="bbox 0 1538 42 2823; baseline 0 -801"><span class='ocrx_word' id='word_1_291' title='bbox 0 1538 42 2823; x_wconf 95' lang='lat' dir='ltr'>    </span> 
     </span>
    </p>
   </div>
   <div class='ocr_carea' id='block_1_4' title="bbox 1165 2645 1232 2687">
    <p class='ocr_par' dir='ltr' id='par_1_5' title="bbox 1165 2645 1232 2687">
     <span class='ocr_line' id='line_1_38' title="bbox 1165 2645 1232 2687; baseline 0.045 -3"><span class='ocrx_word' id='word_1_292' title='bbox 1165 2645 1232 2687; x_wconf 76' lang='lat'>25.</span> 
     </span>
    </p>
   </div>
  </div>
 </body>
</html>
