<?xml version="1.0" encoding="UTF-8"?>
<!DOCTYPE html PUBLIC "-//W3C//DTD XHTML 1.0 Transitional//EN"
    "http://www.w3.org/TR/xhtml1/DTD/xhtml1-transitional.dtd">
<html xmlns="http://www.w3.org/1999/xhtml" xml:lang="en" lang="en">
 <head>
  <title>
</title>
<meta http-equiv="Content-Type" content="text/html;charset=utf-8" />
  <meta name='ocr-system' content='tesseract 3.04.00' />
  <meta name='ocr-capabilities' content='ocr_page ocr_carea ocr_par ocr_line ocrx_word'/>
</head>
<body>
  <div class='ocr_page' id='page_1' title='image "./operaomniaaccura38auguuoft_0468.png"; bbox 0 0 1790 3187; ppageno 0'>
   <div class='ocr_carea' id='block_1_1' title="bbox 339 263 1283 305">
    <p class='ocr_par' dir='ltr' id='par_1_1' title="bbox 339 263 1283 305">
     <span class='ocr_line' id='line_1_1' title="bbox 339 263 1283 305; baseline -0.002 0"><span class='ocrx_word' id='word_1_1' title='bbox 339 263 422 305; x_wconf 80' lang='lat'><strong>458</strong></span> <span class='ocrx_word' id='word_1_2' title='bbox 775 278 808 305; x_wconf 89' lang='lat' dir='ltr'><strong>s.</strong></span> <span class='ocrx_word' id='word_1_3' title='bbox 844 272 1073 304; x_wconf 69' lang='lat' dir='ltr'><strong>Ancus-run</strong></span> <span class='ocrx_word' id='word_1_4' title='bbox 1104 275 1283 304; x_wconf 69' lang='lat' dir='ltr'><strong>1:1²1sc0121</strong></span> 
     </span>
    </p>
   </div>
   <div class='ocr_carea' id='block_1_2' title="bbox 338 339 1725 2102">
    <p class='ocr_par' dir='ltr' id='par_1_2' title="bbox 338 339 1714 967">
     <span class='ocr_line' id='line_1_2' title="bbox 338 339 1705 402; baseline 0.001 -17"><span class='ocrx_word' id='word_1_5' title='bbox 338 356 426 385; x_wconf 91' lang='lat' dir='ltr'><strong>non</strong></span> <span class='ocrx_word' id='word_1_6' title='bbox 438 341 610 401; x_wconf 74' lang='lat' dir='ltr'><strong>Juratur</strong></span> <span class='ocrx_word' id='word_1_7' title='bbox 631 357 654 385; x_wconf 92' lang='lat' dir='ltr'><strong>a</strong></span> <span class='ocrx_word' id='word_1_8' title='bbox 676 339 876 396; x_wconf 82' lang='lat' dir='ltr'><strong>barbaro,</strong></span> <span class='ocrx_word' id='word_1_9' title='bbox 898 350 939 385; x_wconf 85' lang='lat' dir='ltr'><strong>et</strong></span> <span class='ocrx_word' id='word_1_10' title='bbox 961 341 1068 386; x_wconf 83' lang='lat' dir='ltr'><strong>alter</strong></span> <span class='ocrx_word' id='word_1_11' title='bbox 1086 341 1206 398; x_wconf 85' lang='lat' dir='ltr'>dixit,</span> <span class='ocrx_word' id='word_1_12' title='bbox 1220 341 1321 401; x_wconf 84' lang='lat' dir='ltr'><strong>quia</strong></span> <span class='ocrx_word' id='word_1_13' title='bbox 1329 342 1500 402; x_wconf 84' lang='lat' dir='ltr'><strong>juratur</strong></span> <span class='ocrx_word' id='word_1_14' title='bbox 1514 341 1705 387; x_wconf 85' lang='lat' dir='ltr'><strong>conduc-</strong></span> 
     </span>
     <span class='ocr_line' id='line_1_3' title="bbox 338 411 1702 473; baseline 0 -16"><span class='ocrx_word' id='word_1_15' title='bbox 338 413 435 458; x_wconf 83' lang='lat' dir='ltr'><strong>tori.</strong></span> <span class='ocrx_word' id='word_1_16' title='bbox 469 414 511 458; x_wconf 92' lang='lat' dir='ltr'><strong>Si</strong></span> <span class='ocrx_word' id='word_1_17' title='bbox 533 413 659 457; x_wconf 85' lang='lat' dir='ltr'><strong>etiam</strong></span> <span class='ocrx_word' id='word_1_18' title='bbox 678 411 836 457; x_wconf 84' lang='lat' dir='ltr'><strong>falsum</strong></span> <span class='ocrx_word' id='word_1_19' title='bbox 857 413 963 457; x_wconf 78' lang='lat' dir='ltr'><strong>mihi</strong></span> <span class='ocrx_word' id='word_1_20' title='bbox 980 412 1088 458; x_wconf 83' lang='lat' dir='ltr'><strong>dixit</strong></span> <span class='ocrx_word' id='word_1_21' title='bbox 1112 412 1200 469; x_wconf 87' lang='lat' dir='ltr'><strong>ille,</strong></span> <span class='ocrx_word' id='word_1_22' title='bbox 1221 413 1297 473; x_wconf 89' lang='lat' dir='ltr'><strong>qui</strong></span> <span class='ocrx_word' id='word_1_23' title='bbox 1321 413 1424 458; x_wconf 84' lang='lat' dir='ltr'><strong>dixit</strong></span> <span class='ocrx_word' id='word_1_24' title='bbox 1439 414 1575 473; x_wconf 87' lang='lat' dir='ltr'><strong>jurari</strong></span> <span class='ocrx_word' id='word_1_25' title='bbox 1596 425 1702 458; x_wconf 89' lang='lat' dir='ltr'><strong>con·-</strong></span> 
     </span>
     <span class='ocr_line' id='line_1_4' title="bbox 339 484 1707 544; baseline 0 -16"><span class='ocrx_word' id='word_1_26' title='bbox 339 484 524 538; x_wconf 85' lang='lat' dir='ltr'><strong>ductori‚</strong></span> <span class='ocrx_word' id='word_1_27' title='bbox 549 484 582 527; x_wconf 87' lang='lat' dir='ltr'><strong>si</strong></span> <span class='ocrx_word' id='word_1_28' title='bbox 603 484 693 543; x_wconf 86' lang='lat' dir='ltr'><strong>jam</strong></span> <span class='ocrx_word' id='word_1_29' title='bbox 711 495 789 543; x_wconf 90' lang='lat' dir='ltr'><strong>pro</strong></span> <span class='ocrx_word' id='word_1_30' title='bbox 810 485 893 528; x_wconf 90' lang='lat' dir='ltr'><strong>hoc</strong></span> <span class='ocrx_word' id='word_1_31' title='bbox 911 485 1030 544; x_wconf 90' lang='lat' dir='ltr'><strong>quod</strong></span> <span class='ocrx_word' id='word_1_32' title='bbox 1045 484 1183 529; x_wconf 84' lang='lat' dir='ltr'><strong>solum</strong></span> <span class='ocrx_word' id='word_1_33' title='bbox 1201 484 1361 539; x_wconf 87' lang='lat' dir='ltr'><strong>audivi,</strong></span> <span class='ocrx_word' id='word_1_34' title='bbox 1385 499 1473 529; x_wconf 90' lang='lat' dir='ltr'><strong>non</strong></span> <span class='ocrx_word' id='word_1_35' title='bbox 1490 485 1625 529; x_wconf 84' lang='lat' dir='ltr'>debeo</span> <span class='ocrx_word' id='word_1_36' title='bbox 1642 485 1707 529; x_wconf 88' lang='lat' dir='ltr'><strong>uti</strong></span> 
     </span>
     <span class='ocr_line' id='line_1_5' title="bbox 339 552 1706 614; baseline 0.001 -17"><span class='ocrx_word' id='word_1_37' title='bbox 339 553 394 598; x_wconf 86' lang='lat' dir='ltr'><strong>de</strong></span> <span class='ocrx_word' id='word_1_38' title='bbox 430 555 530 613; x_wconf 84' lang='lat' dir='ltr'><strong>ipsis</strong></span> <span class='ocrx_word' id='word_1_39' title='bbox 557 552 753 612; x_wconf 77' lang='lat' dir='ltr'><strong>frugibus</strong></span> <span class='ocrx_word' id='word_1_40' title='bbox 780 553 846 598; x_wconf 83' lang='lat' dir='ltr'><strong>vel</strong></span> <span class='ocrx_word' id='word_1_41' title='bbox 875 553 929 598; x_wconf 91' lang='lat' dir='ltr'><strong>de</strong></span> <span class='ocrx_word' id='word_1_42' title='bbox 950 555 1087 614; x_wconf 84' lang='lat' dir='ltr'><strong>pretio</strong></span> <span class='ocrx_word' id='word_1_43' title='bbox 1107 555 1293 614; x_wconf 87' lang='lat' dir='ltr'><strong>ipsarum</strong></span> <span class='ocrx_word' id='word_1_44' title='bbox 1315 563 1490 614; x_wconf 85' lang='lat' dir='ltr'><strong>propter</strong></span> <span class='ocrx_word' id='word_1_45' title='bbox 1511 553 1706 599; x_wconf 80' lang='lat' dir='ltr'><strong>auditum</strong></span> 
     </span>
     <span class='ocr_line' id='line_1_6' title="bbox 342 623 1708 685; baseline 0.001 -18"><span class='ocrx_word' id='word_1_46' title='bbox 342 623 497 677; x_wconf 87' lang='lat' dir='ltr'><strong>solum,</strong></span> <span class='ocrx_word' id='word_1_47' title='bbox 517 625 618 684; x_wconf 87' lang='lat' dir='ltr'><strong>quia</strong></span> <span class='ocrx_word' id='word_1_48' title='bbox 640 624 805 668; x_wconf 87' lang='lat' dir='ltr'><strong>dictum</strong></span> <span class='ocrx_word' id='word_1_49' title='bbox 820 633 883 669; x_wconf 90' lang='lat' dir='ltr'><strong>est</strong></span> <span class='ocrx_word' id='word_1_50' title='bbox 903 644 912 669; x_wconf 76' lang='lat' dir='ltr'><em>z</em></span> <span class='ocrx_word' id='word_1_51' title='bbox 934 642 954 667; x_wconf 90' lang='lat'>«</span> <span class='ocrx_word' id='word_1_52' title='bbox 981 626 1023 670; x_wconf 90' lang='lat' dir='ltr'><strong>Si</strong></span> <span class='ocrx_word' id='word_1_53' title='bbox 1039 632 1182 669; x_wconf 89' lang='lat' dir='ltr'><strong>autem</strong></span> <span class='ocrx_word' id='word_1_54' title='bbox 1204 626 1298 685; x_wconf 88' lang='lat' dir='ltr'><strong>quis</strong></span> <span class='ocrx_word' id='word_1_55' title='bbox 1317 625 1486 680; x_wconf 83' lang='lat' dir='ltr'><strong>dixerit,</strong></span> <span class='ocrx_word' id='word_1_56' title='bbox 1511 628 1604 670; x_wconf 88' lang='lat' dir='ltr'><strong>Hoc</strong></span> <span class='ocrx_word' id='word_1_57' title='bbox 1624 625 1708 669; x_wconf 80' lang='lat' dir='ltr'><strong>im-</strong></span> 
     </span>
     <span class='ocr_line' id='line_1_7' title="bbox 346 694 1708 756; baseline 0.004 -21"><span class='ocrx_word' id='word_1_58' title='bbox 346 712 366 736; x_wconf 87' lang='lat'>»</span> <span class='ocrx_word' id='word_1_59' title='bbox 391 694 650 739; x_wconf 83' lang='lat' dir='ltr'><strong>molatitium</strong></span> <span class='ocrx_word' id='word_1_60' title='bbox 671 703 734 739; x_wconf 87' lang='lat' dir='ltr'><strong>est</strong></span> <span class='ocrx_word' id='word_1_61' title='bbox 762 694 903 751; x_wconf 89' lang='lat' dir='ltr'><strong>idolis,</strong></span> <span class='ocrx_word' id='word_1_62' title='bbox 924 696 1056 740; x_wconf 87' lang='lat' dir='ltr'><strong>nolite</strong></span> <span class='ocrx_word' id='word_1_63' title='bbox 1078 694 1354 751; x_wconf 88' lang='lat' dir='ltr'><strong>manducare,</strong></span> <span class='ocrx_word' id='word_1_64' title='bbox 1378 704 1553 756; x_wconf 87' lang='lat' dir='ltr'><strong>propter</strong></span> <span class='ocrx_word' id='word_1_65' title='bbox 1568 695 1708 752; x_wconf 87' lang='lat' dir='ltr'><strong>illum,</strong></span> 
     </span>
     <span class='ocr_line' id='line_1_8' title="bbox 346 765 1713 825; baseline 0.003 -18"><span class='ocrx_word' id='word_1_66' title='bbox 346 785 367 807; x_wconf 74' lang='lat' dir='ltr'><em>n</em></span> <span class='ocrx_word' id='word_1_67' title='bbox 392 765 468 825; x_wconf 89' lang='lat' dir='ltr'><strong>qui</strong></span> <span class='ocrx_word' id='word_1_68' title='bbox 488 766 693 810; x_wconf 83' lang='lat' dir='ltr'><strong>indicavit</strong></span> <span class='ocrx_word' id='word_1_69' title='bbox 716 769 730 792; x_wconf 82' lang='lat'>1</span> <span class='ocrx_word' id='word_1_70' title='bbox 758 785 767 810; x_wconf 89' lang='lat'><strong>:</strong></span> <span class='ocrx_word' id='word_1_71' title='bbox 795 784 816 807; x_wconf 85' lang='lat'>»</span> <span class='ocrx_word' id='word_1_72' title='bbox 847 767 881 810; x_wconf 90' lang='lat' dir='ltr'><strong>si</strong></span> <span class='ocrx_word' id='word_1_73' title='bbox 901 775 1045 811; x_wconf 84' lang='lat' dir='ltr'><strong>tamen</strong></span> <span class='ocrx_word' id='word_1_74' title='bbox 1067 767 1197 811; x_wconf 87' lang='lat' dir='ltr'><strong>etiam</strong></span> <span class='ocrx_word' id='word_1_75' title='bbox 1228 767 1322 811; x_wconf 83' lang='lat' dir='ltr'><strong>haec</strong></span> <span class='ocrx_word' id='word_1_76' title='bbox 1342 782 1467 812; x_wconf 88' lang='lat' dir='ltr'><strong>causa</strong></span> <span class='ocrx_word' id='word_1_77' title='bbox 1487 766 1634 811; x_wconf 89' lang='lat' dir='ltr'><strong>similis</strong></span> <span class='ocrx_word' id='word_1_78' title='bbox 1650 775 1713 811; x_wconf 88' lang='lat' dir='ltr'><strong>est</strong></span> 
     </span>
     <span class='ocr_line' id='line_1_9' title="bbox 343 835 1714 897; baseline 0.001 -16"><span class='ocrx_word' id='word_1_79' title='bbox 343 851 482 881; x_wconf 85' lang='lat' dir='ltr'><strong>causae</strong></span> <span class='ocrx_word' id='word_1_80' title='bbox 503 835 558 879; x_wconf 88' lang='lat' dir='ltr'><strong>de</strong></span> <span class='ocrx_word' id='word_1_81' title='bbox 588 836 874 882; x_wconf 86' lang='lat' dir='ltr'><strong>immolatitio.</strong></span> <span class='ocrx_word' id='word_1_82' title='bbox 916 836 1044 889; x_wconf 88' lang='lat' dir='ltr'><strong>Quod</strong></span> <span class='ocrx_word' id='word_1_83' title='bbox 1081 837 1115 882; x_wconf 89' lang='lat' dir='ltr'><strong>si</strong></span> <span class='ocrx_word' id='word_1_84' title='bbox 1144 837 1204 881; x_wconf 86' lang='lat' dir='ltr'><strong>ita</strong></span> <span class='ocrx_word' id='word_1_85' title='bbox 1237 844 1315 892; x_wconf 87' lang='lat' dir='ltr'><strong>est,</strong></span> <span class='ocrx_word' id='word_1_86' title='bbox 1351 838 1457 897; x_wconf 90' lang='lat' dir='ltr'><strong>quid</strong></span> <span class='ocrx_word' id='word_1_87' title='bbox 1491 837 1629 882; x_wconf 85' lang='lat' dir='ltr'><strong>debeo</strong></span> <span class='ocrx_word' id='word_1_88' title='bbox 1659 836 1714 881; x_wconf 88' lang='lat' dir='ltr'><strong>de</strong></span> 
     </span>
     <span class='ocr_line' id='line_1_10' title="bbox 343 906 1449 967; baseline -0.001 -17"><span class='ocrx_word' id='word_1_89' title='bbox 343 908 443 967; x_wconf 88' lang='lat' dir='ltr'><strong>ipsis</strong></span> <span class='ocrx_word' id='word_1_90' title='bbox 465 906 679 966; x_wconf 85' lang='lat' dir='ltr'><strong>frugibus,</strong></span> <span class='ocrx_word' id='word_1_91' title='bbox 705 907 771 951; x_wconf 89' lang='lat' dir='ltr'><strong>vel</strong></span> <span class='ocrx_word' id='word_1_92' title='bbox 793 909 847 952; x_wconf 86' lang='lat' dir='ltr'><strong>de</strong></span> <span class='ocrx_word' id='word_1_93' title='bbox 868 909 1006 967; x_wconf 85' lang='lat' dir='ltr'><strong>pretio</strong></span> <span class='ocrx_word' id='word_1_94' title='bbox 1022 909 1211 967; x_wconf 87' lang='lat' dir='ltr'><strong>ipsarum</strong></span> <span class='ocrx_word' id='word_1_95' title='bbox 1229 909 1406 953; x_wconf 79' lang='lat' dir='ltr'><strong>facere?</strong></span> <span class='ocrx_word' id='word_1_96' title='bbox 1429 926 1449 950; x_wconf 91' lang='lat'>»</span> 
     </span>
    </p>

    <p class='ocr_par' dir='ltr' id='par_1_3' title="bbox 345 972 1721 1463">
     <span class='ocr_line' id='line_1_11' title="bbox 352 972 1716 1038; baseline 0 -17"><span class='ocrx_word' id='word_1_97' title='bbox 352 972 356 978; x_wconf 41' lang='lat'>‘</span> <span class='ocrx_word' id='word_1_98' title='bbox 403 981 600 1031; x_wconf 70' lang='lat' dir='ltr'><strong>QUAEsno</strong></span> <span class='ocrx_word' id='word_1_99' title='bbox 623 980 697 1021; x_wconf 92' lang='lat' dir='ltr'><strong>IV.</strong></span> <span class='ocrx_word' id='word_1_100' title='bbox 731 1005 784 1010; x_wconf 89' lang='lat'><strong>—-</strong></span> <span class='ocrx_word' id='word_1_101' title='bbox 808 997 827 1019; x_wconf 91' lang='lat'>«</span> <span class='ocrx_word' id='word_1_102' title='bbox 856 978 899 1024; x_wconf 92' lang='lat' dir='ltr'><strong>Si</strong></span> <span class='ocrx_word' id='word_1_103' title='bbox 915 978 1054 1022; x_wconf 85' lang='lat' dir='ltr'><strong>debeo</strong></span> <span class='ocrx_word' id='word_1_104' title='bbox 1085 979 1302 1038; x_wconf 88' lang='lat' dir='ltr'><strong>requirere</strong></span> <span class='ocrx_word' id='word_1_105' title='bbox 1332 980 1387 1023; x_wconf 89' lang='lat' dir='ltr'><strong>de</strong></span> <span class='ocrx_word' id='word_1_106' title='bbox 1420 986 1605 1038; x_wconf 86' lang='lat' dir='ltr'><strong>utroque</strong></span> <span class='ocrx_word' id='word_1_107' title='bbox 1641 978 1716 1038; x_wconf 86' lang='lat' dir='ltr'><strong>qui</strong></span> 
     </span>
     <span class='ocr_line' id='line_1_12' title="bbox 347 1048 1714 1108; baseline -0.001 -15"><span class='ocrx_word' id='word_1_108' title='bbox 347 1049 452 1093; x_wconf 88' lang='lat' dir='ltr'><strong>mihi</strong></span> <span class='ocrx_word' id='word_1_109' title='bbox 484 1049 605 1102; x_wconf 79' lang='lat' dir='ltr'><strong>dixit,</strong></span> <span class='ocrx_word' id='word_1_110' title='bbox 641 1049 742 1108; x_wconf 86' lang='lat' dir='ltr'><strong>quia</strong></span> <span class='ocrx_word' id='word_1_111' title='bbox 767 1064 856 1093; x_wconf 91' lang='lat' dir='ltr'><strong>non</strong></span> <span class='ocrx_word' id='word_1_112' title='bbox 879 1050 1050 1108; x_wconf 86' lang='lat' dir='ltr'><strong>juratur</strong></span> <span class='ocrx_word' id='word_1_113' title='bbox 1070 1049 1346 1106; x_wconf 78' lang='lat' dir='ltr'><strong>conductori3</strong></span> <span class='ocrx_word' id='word_1_114' title='bbox 1378 1057 1452 1094; x_wconf 86' lang='lat' dir='ltr'><strong>aut</strong></span> <span class='ocrx_word' id='word_1_115' title='bbox 1480 1050 1557 1108; x_wconf 86' lang='lat' dir='ltr'><strong>qui</strong></span> <span class='ocrx_word' id='word_1_116' title='bbox 1592 1048 1714 1103; x_wconf 84' lang='lat' dir='ltr'><strong>dixit,</strong></span> 
     </span>
     <span class='ocr_line' id='line_1_13' title="bbox 347 1117 1720 1179; baseline 0.001 -17"><span class='ocrx_word' id='word_1_117' title='bbox 347 1119 448 1178; x_wconf 88' lang='lat' dir='ltr'><strong>quia</strong></span> <span class='ocrx_word' id='word_1_118' title='bbox 475 1119 648 1178; x_wconf 87' lang='lat' dir='ltr'><strong>juratur</strong></span> <span class='ocrx_word' id='word_1_119' title='bbox 668 1117 950 1177; x_wconf 78' lang='lat' dir='ltr'><strong>conductori3</strong></span> <span class='ocrx_word' id='word_1_120' title='bbox 983 1128 1026 1163; x_wconf 86' lang='lat' dir='ltr'><strong>et</strong></span> <span class='ocrx_word' id='word_1_121' title='bbox 1048 1120 1239 1163; x_wconf 89' lang='lat' dir='ltr'><strong>animum</strong></span> <span class='ocrx_word' id='word_1_122' title='bbox 1262 1119 1602 1179; x_wconf 84' lang='lat' dir='ltr'><strong>uniuscujusque</strong></span> <span class='ocrx_word' id='word_1_123' title='bbox 1618 1134 1720 1178; x_wconf 86' lang='lat' dir='ltr'><strong>pro-</strong></span> 
     </span>
     <span class='ocr_line' id='line_1_14' title="bbox 345 1189 1721 1250; baseline 0 -15"><span class='ocrx_word' id='word_1_124' title='bbox 345 1192 448 1235; x_wconf 83' lang='lat' dir='ltr'><strong>bare</strong></span> <span class='ocrx_word' id='word_1_125' title='bbox 468 1205 546 1250; x_wconf 80' lang='lat' dir='ltr'><strong>per</strong></span> <span class='ocrx_word' id='word_1_126' title='bbox 565 1198 707 1244; x_wconf 85' lang='lat' dir='ltr'><strong>testes,</strong></span> <span class='ocrx_word' id='word_1_127' title='bbox 729 1191 804 1250; x_wconf 90' lang='lat' dir='ltr'><strong>qui</strong></span> <span class='ocrx_word' id='word_1_128' title='bbox 821 1206 972 1235; x_wconf 81' lang='lat' dir='ltr'><strong>verum</strong></span> <span class='ocrx_word' id='word_1_129' title='bbox 992 1189 1101 1235; x_wconf 84' lang='lat' dir='ltr'><strong>dixit</strong></span> <span class='ocrx_word' id='word_1_130' title='bbox 1120 1191 1174 1234; x_wconf 90' lang='lat' dir='ltr'><strong>de</strong></span> <span class='ocrx_word' id='word_1_131' title='bbox 1194 1190 1277 1234; x_wconf 87' lang='lat' dir='ltr'><strong>illis</strong></span> <span class='ocrx_word' id='word_1_132' title='bbox 1298 1190 1484 1246; x_wconf 86' lang='lat' dir='ltr'><strong>duobus,</strong></span> <span class='ocrx_word' id='word_1_133' title='bbox 1509 1199 1552 1235; x_wconf 89' lang='lat' dir='ltr'><strong>et</strong></span> <span class='ocrx_word' id='word_1_134' title='bbox 1568 1190 1721 1235; x_wconf 85' lang='lat' dir='ltr'><strong>tandiu</strong></span> 
     </span>
     <span class='ocr_line' id='line_1_15' title="bbox 347 1261 1719 1322; baseline -0.001 -15"><span class='ocrx_word' id='word_1_135' title='bbox 347 1274 435 1307; x_wconf 88' lang='lat' dir='ltr'><strong>non</strong></span> <span class='ocrx_word' id='word_1_136' title='bbox 454 1262 706 1320; x_wconf 83' lang='lat' dir='ltr'><strong>contingere</strong></span> <span class='ocrx_word' id='word_1_137' title='bbox 727 1262 781 1305; x_wconf 82' lang='lat' dir='ltr'><strong>de</strong></span> <span class='ocrx_word' id='word_1_138' title='bbox 806 1262 906 1321; x_wconf 87' lang='lat' dir='ltr'><strong>ipsis</strong></span> <span class='ocrx_word' id='word_1_139' title='bbox 927 1261 1141 1321; x_wconf 80' lang='lat' dir='ltr'><strong>frugibus,</strong></span> <span class='ocrx_word' id='word_1_140' title='bbox 1167 1262 1236 1306; x_wconf 89' lang='lat' dir='ltr'><strong>vel</strong></span> <span class='ocrx_word' id='word_1_141' title='bbox 1257 1262 1311 1306; x_wconf 88' lang='lat' dir='ltr'><strong>de</strong></span> <span class='ocrx_word' id='word_1_142' title='bbox 1342 1263 1496 1322; x_wconf 86' lang='lat' dir='ltr'><strong>pretio,</strong></span> <span class='ocrx_word' id='word_1_143' title='bbox 1526 1261 1719 1322; x_wconf 88' lang='lat' dir='ltr'><strong>quandiu</strong></span> 
     </span>
     <span class='ocr_line' id='line_1_16' title="bbox 347 1332 1720 1393; baseline 0.001 -18"><span class='ocrx_word' id='word_1_144' title='bbox 347 1333 452 1376; x_wconf 90' lang='lat' dir='ltr'><strong>mihi</strong></span> <span class='ocrx_word' id='word_1_145' title='bbox 474 1333 705 1391; x_wconf 80' lang='lat' dir='ltr'><strong>probatum</strong></span> <span class='ocrx_word' id='word_1_146' title='bbox 726 1332 872 1388; x_wconf 86' lang='lat' dir='ltr'><strong>fuerit,</strong></span> <span class='ocrx_word' id='word_1_147' title='bbox 906 1334 940 1377; x_wconf 88' lang='lat' dir='ltr'><strong>si</strong></span> <span class='ocrx_word' id='word_1_148' title='bbox 973 1348 1123 1378; x_wconf 85' lang='lat' dir='ltr'><strong>verum</strong></span> <span class='ocrx_word' id='word_1_149' title='bbox 1146 1333 1252 1377; x_wconf 88' lang='lat' dir='ltr'><strong>dixit</strong></span> <span class='ocrx_word' id='word_1_150' title='bbox 1281 1333 1354 1377; x_wconf 80' lang='lat' dir='ltr'><strong>ille</strong></span> <span class='ocrx_word' id='word_1_151' title='bbox 1369 1334 1445 1393; x_wconf 89' lang='lat' dir='ltr'><strong>qui</strong></span> <span class='ocrx_word' id='word_1_152' title='bbox 1467 1333 1590 1389; x_wconf 82' lang='lat' dir='ltr'><strong>dixit,</strong></span> <span class='ocrx_word' id='word_1_153' title='bbox 1616 1333 1720 1393; x_wconf 87' lang='lat' dir='ltr'><strong>quia</strong></span> 
     </span>
     <span class='ocr_line' id='line_1_17' title="bbox 346 1404 967 1463; baseline -0.003 -16"><span class='ocrx_word' id='word_1_154' title='bbox 346 1419 435 1448; x_wconf 87' lang='lat' dir='ltr'><strong>non</strong></span> <span class='ocrx_word' id='word_1_155' title='bbox 454 1404 625 1463; x_wconf 80' lang='lat' dir='ltr'><strong>juratur</strong></span> <span class='ocrx_word' id='word_1_156' title='bbox 638 1404 893 1449; x_wconf 82' lang='lat' dir='ltr'><strong>conductori</strong></span> <span class='ocrx_word' id='word_1_157' title='bbox 913 1405 931 1448; x_wconf 74' lang='grc' dir='ltr'>Ρ</span> <span class='ocrx_word' id='word_1_158' title='bbox 948 1422 967 1445; x_wconf 84' lang='lat'>»</span> 
     </span>
    </p>

    <p class='ocr_par' dir='ltr' id='par_1_4' title="bbox 339 1476 1725 2102">
     <span class='ocr_line' id='line_1_18' title="bbox 405 1476 1720 1536; baseline 0.001 -18"><span class='ocrx_word' id='word_1_159' title='bbox 405 1477 602 1527; x_wconf 66' lang='lat' dir='ltr'><strong>QuAEsmo</strong></span> <span class='ocrx_word' id='word_1_160' title='bbox 617 1478 668 1519; x_wconf 92' lang='lat' dir='ltr'><strong>V.</strong></span> <span class='ocrx_word' id='word_1_161' title='bbox 693 1495 779 1518; x_wconf 88' lang='lat'><strong>-—«</strong></span> <span class='ocrx_word' id='word_1_162' title='bbox 802 1477 843 1520; x_wconf 92' lang='lat' dir='ltr'><strong>Si</strong></span> <span class='ocrx_word' id='word_1_163' title='bbox 866 1476 1074 1520; x_wconf 86' lang='lat' dir='ltr'><strong>barbarus</strong></span> <span class='ocrx_word' id='word_1_164' title='bbox 1090 1476 1166 1536; x_wconf 87' lang='lat' dir='ltr'><strong>qui</strong></span> <span class='ocrx_word' id='word_1_165' title='bbox 1188 1490 1264 1535; x_wconf 87' lang='lat' dir='ltr'><strong>per</strong></span> <span class='ocrx_word' id='word_1_166' title='bbox 1276 1477 1572 1535; x_wconf 81' lang='lat' dir='ltr'><strong>juramentum</strong></span> <span class='ocrx_word' id='word_1_167' title='bbox 1594 1489 1720 1519; x_wconf 89' lang='lat' dir='ltr'><strong>suum</strong></span> 
     </span>
     <span class='ocr_line' id='line_1_19' title="bbox 339 1545 1721 1606; baseline 0.001 -17"><span class='ocrx_word' id='word_1_168' title='bbox 339 1546 458 1606; x_wconf 82' lang='lat' dir='ltr'><strong>jurat</strong></span> <span class='ocrx_word' id='word_1_169' title='bbox 480 1546 660 1601; x_wconf 85' lang='lat' dir='ltr'><strong>malum,</strong></span> <span class='ocrx_word' id='word_1_170' title='bbox 681 1546 829 1590; x_wconf 83' lang='lat' dir='ltr'><strong>fecerit</strong></span> <span class='ocrx_word' id='word_1_171' title='bbox 857 1546 981 1590; x_wconf 90' lang='lat' dir='ltr'><strong>illum</strong></span> <span class='ocrx_word' id='word_1_172' title='bbox 1003 1547 1295 1592; x_wconf 81' lang='lat' dir='ltr'><strong>Christianum</strong></span> <span class='ocrx_word' id='word_1_173' title='bbox 1322 1546 1631 1592; x_wconf 82' lang='lat' dir='ltr'><strong>conductorem</strong></span> <span class='ocrx_word' id='word_1_174' title='bbox 1653 1545 1721 1591; x_wconf 84' lang='lat' dir='ltr'><strong>vel</strong></span> 
     </span>
     <span class='ocr_line' id='line_1_20' title="bbox 348 1616 1721 1677; baseline -0.001 -16"><span class='ocrx_word' id='word_1_175' title='bbox 348 1617 573 1661; x_wconf 86' lang='lat' dir='ltr'><strong>tribunum</strong></span> <span class='ocrx_word' id='word_1_176' title='bbox 595 1617 672 1676; x_wconf 87' lang='lat' dir='ltr'><strong>qui</strong></span> <span class='ocrx_word' id='word_1_177' title='bbox 707 1616 834 1660; x_wconf 90' lang='lat' dir='ltr'><strong>limiti</strong></span> <span class='ocrx_word' id='word_1_178' title='bbox 868 1626 1038 1677; x_wconf 84' lang='lat' dir='ltr'><strong>praeest,</strong></span> <span class='ocrx_word' id='word_1_179' title='bbox 1057 1619 1203 1677; x_wconf 81' lang='lat' dir='ltr'><strong>jurare</strong></span> <span class='ocrx_word' id='word_1_180' title='bbox 1230 1617 1310 1661; x_wconf 86' lang='lat' dir='ltr'><strong>sibi</strong></span> <span class='ocrx_word' id='word_1_181' title='bbox 1333 1630 1410 1676; x_wconf 86' lang='lat' dir='ltr'><strong>pro</strong></span> <span class='ocrx_word' id='word_1_182' title='bbox 1439 1617 1526 1661; x_wconf 88' lang='lat' dir='ltr'><strong>fide</strong></span> <span class='ocrx_word' id='word_1_183' title='bbox 1547 1617 1610 1660; x_wconf 85' lang='lat' dir='ltr'><strong>illi</strong></span> <span class='ocrx_word' id='word_1_184' title='bbox 1631 1630 1721 1660; x_wconf 87' lang='lat' dir='ltr'><strong>ser-</strong></span> 
     </span>
     <span class='ocr_line' id='line_1_21' title="bbox 348 1686 1722 1748; baseline 0.001 -20"><span class='ocrx_word' id='word_1_185' title='bbox 348 1686 488 1730; x_wconf 84' lang='lat' dir='ltr'><strong>vanda</strong></span> <span class='ocrx_word' id='word_1_186' title='bbox 511 1690 597 1746; x_wconf 71' lang='lat' dir='ltr'><strong>‘pro</strong></span> <span class='ocrx_word' id='word_1_187' title='bbox 621 1686 909 1732; x_wconf 78' lang='lat' dir='ltr'><strong>custodiendis</strong></span> <span class='ocrx_word' id='word_1_188' title='bbox 933 1686 1145 1745; x_wconf 83' lang='lat' dir='ltr'><strong>frugibus,</strong></span> <span class='ocrx_word' id='word_1_189' title='bbox 1171 1701 1246 1746; x_wconf 88' lang='lat' dir='ltr'><strong>per</strong></span> <span class='ocrx_word' id='word_1_190' title='bbox 1267 1687 1407 1746; x_wconf 88' lang='lat' dir='ltr'><strong>ipsum</strong></span> <span class='ocrx_word' id='word_1_191' title='bbox 1426 1689 1722 1748; x_wconf 84' lang='lat' dir='ltr'><strong>juramentum</strong></span> 
     </span>
     <span class='ocr_line' id='line_1_22' title="bbox 348 1757 1723 1819; baseline -0.001 -17"><span class='ocrx_word' id='word_1_192' title='bbox 348 1758 529 1803; x_wconf 84' lang='lat' dir='ltr'><strong>mortale</strong></span> <span class='ocrx_word' id='word_1_193' title='bbox 563 1774 640 1818; x_wconf 85' lang='lat' dir='ltr'><strong>per</strong></span> <span class='ocrx_word' id='word_1_194' title='bbox 673 1760 792 1819; x_wconf 91' lang='lat' dir='ltr'><strong>quod</strong></span> <span class='ocrx_word' id='word_1_195' title='bbox 827 1760 917 1818; x_wconf 87' lang='lat' dir='ltr'><strong>ipse</strong></span> <span class='ocrx_word' id='word_1_196' title='bbox 947 1760 1064 1819; x_wconf 85' lang='lat' dir='ltr'><strong>jurat</strong></span> <span class='ocrx_word' id='word_1_197' title='bbox 1083 1793 1094 1810; x_wconf 85' lang='lat'><strong>,</strong></span> <span class='ocrx_word' id='word_1_198' title='bbox 1132 1759 1166 1802; x_wconf 90' lang='lat' dir='ltr'><strong>si</strong></span> <span class='ocrx_word' id='word_1_199' title='bbox 1200 1758 1314 1803; x_wconf 84' lang='lat' dir='ltr'><strong>solus</strong></span> <span class='ocrx_word' id='word_1_200' title='bbox 1352 1757 1424 1802; x_wconf 89' lang='lat' dir='ltr'><strong>ille</strong></span> <span class='ocrx_word' id='word_1_201' title='bbox 1455 1757 1723 1803; x_wconf 84' lang='lat' dir='ltr'><strong>Christianus</strong></span> 
     </span>
     <span class='ocr_line' id='line_1_23' title="bbox 348 1828 1724 1889; baseline -0.001 -17"><span class='ocrx_word' id='word_1_202' title='bbox 348 1829 652 1889; x_wconf 9' lang='lat' dir='ltr'><strong>coinquinantis</strong></span> <span class='ocrx_word' id='word_1_203' title='bbox 673 1829 741 1883; x_wconf 91' lang='lat' dir='ltr'><strong>sit,</strong></span> <span class='ocrx_word' id='word_1_204' title='bbox 767 1829 800 1873; x_wconf 90' lang='lat' dir='ltr'><strong>si</strong></span> <span class='ocrx_word' id='word_1_205' title='bbox 818 1844 905 1873; x_wconf 90' lang='lat' dir='ltr'><strong>non</strong></span> <span class='ocrx_word' id='word_1_206' title='bbox 927 1838 969 1873; x_wconf 83' lang='lat' dir='ltr'><strong>et</strong></span> <span class='ocrx_word' id='word_1_207' title='bbox 987 1829 1061 1872; x_wconf 84' lang='lat' dir='ltr'><strong>illa</strong></span> <span class='ocrx_word' id='word_1_208' title='bbox 1084 1843 1271 1889; x_wconf 88' lang='lat' dir='ltr'><strong>quorum</strong></span> <span class='ocrx_word' id='word_1_209' title='bbox 1295 1843 1421 1872; x_wconf 82' lang='lat' dir='ltr'><strong>causa</strong></span> <span class='ocrx_word' id='word_1_210' title='bbox 1439 1829 1572 1888; x_wconf 87' lang='lat' dir='ltr'><strong>jurat.</strong></span> <span class='ocrx_word' id='word_1_211' title='bbox 1589 1830 1676 1872; x_wconf 90' lang='lat' dir='ltr'><strong>Aut</strong></span> <span class='ocrx_word' id='word_1_212' title='bbox 1690 1828 1724 1871; x_wconf 88' lang='lat' dir='ltr'><strong>si</strong></span> 
     </span>
     <span class='ocr_line' id='line_1_24' title="bbox 349 1896 1724 1960; baseline -0.001 -17"><span class='ocrx_word' id='word_1_213' title='bbox 349 1915 557 1959; x_wconf 80' lang='lat' dir='ltr'><strong>paganus,</strong></span> <span class='ocrx_word' id='word_1_214' title='bbox 579 1901 654 1960; x_wconf 88' lang='lat' dir='ltr'><strong>qui</strong></span> <span class='ocrx_word' id='word_1_215' title='bbox 672 1900 796 1943; x_wconf 90' lang='lat' dir='ltr'><strong>limiti</strong></span> <span class='ocrx_word' id='word_1_216' title='bbox 823 1909 992 1959; x_wconf 72' lang='lat' dir='ltr'><strong>praeest,</strong></span> <span class='ocrx_word' id='word_1_217' title='bbox 1013 1900 1221 1960; x_wconf 85' lang='lat' dir='ltr'><strong>juraverit</strong></span> <span class='ocrx_word' id='word_1_218' title='bbox 1245 1900 1429 1944; x_wconf 85' lang='lat' dir='ltr'><strong>barbaro</strong></span> <span class='ocrx_word' id='word_1_219' title='bbox 1451 1914 1529 1958; x_wconf 88' lang='lat' dir='ltr'><strong>pro</strong></span> <span class='ocrx_word' id='word_1_220' title='bbox 1555 1898 1642 1942; x_wconf 86' lang='lat' dir='ltr'><strong>fide</strong></span> <span class='ocrx_word' id='word_1_221' title='bbox 1662 1896 1724 1942; x_wconf 92' lang='lat' dir='ltr'><strong>illi</strong></span> 
     </span>
     <span class='ocr_line' id='line_1_25' title="bbox 349 1970 1725 2031; baseline -0.001 -16"><span class='ocrx_word' id='word_1_222' title='bbox 349 1972 555 2015; x_wconf 85' lang='lat' dir='ltr'><strong>servanda</strong></span> <span class='ocrx_word' id='word_1_223' title='bbox 579 1987 655 2030; x_wconf 86' lang='lat' dir='ltr'><strong>per</strong></span> <span class='ocrx_word' id='word_1_224' title='bbox 675 1971 856 2016; x_wconf 85' lang='lat' dir='ltr'><strong>mortale</strong></span> <span class='ocrx_word' id='word_1_225' title='bbox 872 1974 1183 2031; x_wconf 84' lang='lat' dir='ltr'><strong>juramentum,</strong></span> <span class='ocrx_word' id='word_1_226' title='bbox 1209 1972 1242 2015; x_wconf 89' lang='lat' dir='ltr'><strong>si</strong></span> <span class='ocrx_word' id='word_1_227' title='bbox 1264 1987 1352 2015; x_wconf 90' lang='lat' dir='ltr'><strong>non</strong></span> <span class='ocrx_word' id='word_1_228' title='bbox 1373 1970 1625 2029; x_wconf 86' lang='lat' dir='ltr'><strong>coinquinat</strong></span> <span class='ocrx_word' id='word_1_229' title='bbox 1646 1985 1725 2029; x_wconf 84' lang='lat' dir='ltr'><strong>pro</strong></span> 
     </span>
     <span class='ocr_line' id='line_1_26' title="bbox 349 2040 1725 2102; baseline -0.001 -17"><span class='ocrx_word' id='word_1_230' title='bbox 349 2043 507 2101; x_wconf 84' lang='lat' dir='ltr'><strong>quibus</strong></span> <span class='ocrx_word' id='word_1_231' title='bbox 520 2044 652 2102; x_wconf 79' lang='lat' dir='ltr'><strong>jurat.</strong></span> <span class='ocrx_word' id='word_1_232' title='bbox 681 2043 724 2086; x_wconf 89' lang='lat' dir='ltr'><strong>Si</strong></span> <span class='ocrx_word' id='word_1_233' title='bbox 741 2057 871 2101; x_wconf 86' lang='lat' dir='ltr'><strong>quem</strong></span> <span class='ocrx_word' id='word_1_234' title='bbox 898 2043 1051 2086; x_wconf 87' lang='lat' dir='ltr'><strong>misero</strong></span> <span class='ocrx_word' id='word_1_235' title='bbox 1069 2042 1123 2086; x_wconf 88' lang='lat' dir='ltr'><strong>ad</strong></span> <span class='ocrx_word' id='word_1_236' title='bbox 1146 2045 1350 2100; x_wconf 82' lang='lat' dir='ltr'><strong>Arzuges,</strong></span> <span class='ocrx_word' id='word_1_237' title='bbox 1377 2042 1410 2085; x_wconf 89' lang='lat' dir='ltr'><strong>si</strong></span> <span class='ocrx_word' id='word_1_238' title='bbox 1431 2040 1532 2085; x_wconf 87' lang='lat' dir='ltr'><strong>licet</strong></span> <span class='ocrx_word' id='word_1_239' title='bbox 1550 2041 1588 2084; x_wconf 88' lang='lat' dir='ltr'><strong>ei</strong></span> <span class='ocrx_word' id='word_1_240' title='bbox 1604 2041 1725 2100; x_wconf 85' lang='lat' dir='ltr'><strong>jura-</strong></span> 
     </span>
    </p>
   </div>
   <div class='ocr_carea' id='block_1_3' title="bbox 349 2109 1790 2172">
    <p class='ocr_par' dir='ltr' id='par_1_5' title="bbox 349 2109 1790 2172">
     <span class='ocr_line' id='line_1_27' title="bbox 349 2109 1790 2172; baseline -0.001 -16"><span class='ocrx_word' id='word_1_241' title='bbox 349 2122 545 2157; x_wconf 87' lang='lat' dir='ltr'><strong>mentum</strong></span> <span class='ocrx_word' id='word_1_242' title='bbox 583 2113 773 2172; x_wconf 83' lang='lat' dir='ltr'><strong>accipere</strong></span> <span class='ocrx_word' id='word_1_243' title='bbox 798 2128 821 2156; x_wconf 89' lang='lat' dir='ltr'><strong>a</strong></span> <span class='ocrx_word' id='word_1_244' title='bbox 859 2113 1044 2156; x_wconf 80' lang='lat' dir='ltr'><strong>barbaro</strong></span> <span class='ocrx_word' id='word_1_245' title='bbox 1085 2109 1195 2156; x_wconf 87' lang='lat' dir='ltr'><strong>illud</strong></span> <span class='ocrx_word' id='word_1_246' title='bbox 1234 2111 1451 2169; x_wconf 80' lang='lat' dir='ltr'><strong>mortale3</strong></span> <span class='ocrx_word' id='word_1_247' title='bbox 1491 2119 1533 2155; x_wconf 86' lang='lat' dir='ltr'><strong>et</strong></span> <span class='ocrx_word' id='word_1_248' title='bbox 1570 2111 1603 2155; x_wconf 88' lang='lat' dir='ltr'><strong>si</strong></span> <span class='ocrx_word' id='word_1_249' title='bbox 1637 2125 1725 2155; x_wconf 92' lang='lat' dir='ltr'><strong>non</strong></span> <span class='ocrx_word' id='word_1_250' title='bbox 1757 2156 1759 2159; x_wconf 14' lang='grc' dir='ltr'><em>Α</em></span> <span class='ocrx_word' id='word_1_251' title='bbox 1789 2121 1790 2140; x_wconf 81' lang='lat'>³</span> 
     </span>
    </p>
   </div>
   <div class='ocr_carea' id='block_1_4' title="bbox 350 2183 1733 2667">
    <p class='ocr_par' dir='ltr' id='par_1_6' title="bbox 350 2183 1726 2312">
     <span class='ocr_line' id='line_1_28' title="bbox 350 2183 1722 2244; baseline -0.004 -16"><span class='ocrx_word' id='word_1_252' title='bbox 350 2184 671 2244; x_wconf 81' lang='lat' dir='ltr'><strong>coinquinatur,</strong></span> <span class='ocrx_word' id='word_1_253' title='bbox 689 2185 723 2228; x_wconf 89' lang='lat' dir='ltr'><strong>si</strong></span> <span class='ocrx_word' id='word_1_254' title='bbox 744 2184 979 2243; x_wconf 79' lang='lat' dir='ltr'><strong>susceperit</strong></span> <span class='ocrx_word' id='word_1_255' title='bbox 993 2184 1076 2228; x_wconf 87' lang='lat' dir='ltr'><strong>tale</strong></span> <span class='ocrx_word' id='word_1_256' title='bbox 1084 2185 1379 2244; x_wconf 78' lang='lat' dir='ltr'><strong>juramentum</strong></span> <span class='ocrx_word' id='word_1_257' title='bbox 1393 2183 1686 2228; x_wconf 78' lang='lat' dir='ltr'><strong>Christianus?</strong></span> <span class='ocrx_word' id='word_1_258' title='bbox 1701 2200 1722 2223; x_wconf 69' lang='lat'><strong>&gt;1</strong></span> 
     </span>
     <span class='ocr_line' id='line_1_29' title="bbox 409 2253 1726 2312; baseline -0.001 -14"><span class='ocrx_word' id='word_1_259' title='bbox 409 2258 606 2308; x_wconf 65' lang='lat' dir='ltr'><strong>Quffisno</strong></span> <span class='ocrx_word' id='word_1_260' title='bbox 625 2257 700 2299; x_wconf 91' lang='lat' dir='ltr'><strong>VI.</strong></span> <span class='ocrx_word' id='word_1_261' title='bbox 717 2283 774 2289; x_wconf 88' lang='lat'>—</span> <span class='ocrx_word' id='word_1_262' title='bbox 790 2275 809 2297; x_wconf 53' lang='lat' dir='ltr'><strong>a&lt;</strong></span> <span class='ocrx_word' id='word_1_263' title='bbox 825 2256 865 2300; x_wconf 84' lang='lat' dir='ltr'><strong>Si</strong></span> <span class='ocrx_word' id='word_1_264' title='bbox 888 2256 942 2299; x_wconf 78' lang='lat' dir='ltr'><strong>de</strong></span> <span class='ocrx_word' id='word_1_265' title='bbox 964 2270 1059 2298; x_wconf 75' lang='lat' dir='ltr'><strong>area</strong></span> <span class='ocrx_word' id='word_1_266' title='bbox 1082 2255 1343 2299; x_wconf 84' lang='lat' dir='ltr'><strong>trituratoria</strong></span> <span class='ocrx_word' id='word_1_267' title='bbox 1364 2254 1492 2298; x_wconf 87' lang='lat' dir='ltr'><strong>tritici</strong></span> <span class='ocrx_word' id='word_1_268' title='bbox 1505 2253 1572 2297; x_wconf 91' lang='lat' dir='ltr'><strong>vel</strong></span> <span class='ocrx_word' id='word_1_269' title='bbox 1588 2254 1726 2312; x_wconf 84' lang='lat' dir='ltr'><strong>cujus-</strong></span> 
     </span>
    </p>

    <p class='ocr_par' dir='ltr' id='par_1_7' title="bbox 351 2323 1724 2385">
     <span class='ocr_line' id='line_1_30' title="bbox 351 2323 1724 2385; baseline -0.001 -17"><span class='ocrx_word' id='word_1_270' title='bbox 351 2341 540 2385; x_wconf 87' lang='lat' dir='ltr'><strong>cumque</strong></span> <span class='ocrx_word' id='word_1_271' title='bbox 560 2326 803 2385; x_wconf 81' lang='lat' dir='ltr'><strong>leguminis,</strong></span> <span class='ocrx_word' id='word_1_272' title='bbox 825 2335 898 2370; x_wconf 81' lang='lat' dir='ltr'><strong>aut</strong></span> <span class='ocrx_word' id='word_1_273' title='bbox 926 2325 1129 2370; x_wconf 85' lang='lat' dir='ltr'><strong>torculari</strong></span> <span class='ocrx_word' id='word_1_274' title='bbox 1153 2344 1161 2369; x_wconf 90' lang='lat'>:</span> <span class='ocrx_word' id='word_1_275' title='bbox 1187 2324 1241 2369; x_wconf 87' lang='lat' dir='ltr'><strong>de</strong></span> <span class='ocrx_word' id='word_1_276' title='bbox 1269 2340 1356 2384; x_wconf 89' lang='lat' dir='ltr'><strong>quo</strong></span> <span class='ocrx_word' id='word_1_277' title='bbox 1380 2324 1566 2368; x_wconf 84' lang='lat' dir='ltr'><strong>daemoni</strong></span> <span class='ocrx_word' id='word_1_278' title='bbox 1601 2323 1724 2368; x_wconf 89' lang='lat' dir='ltr'><strong>obla-</strong></span> 
     </span>
    </p>

    <p class='ocr_par' dir='ltr' id='par_1_8' title="bbox 353 2396 1723 2525">
     <span class='ocr_line' id='line_1_31' title="bbox 353 2396 1721 2450; baseline -0.003 -11"><span class='ocrx_word' id='word_1_279' title='bbox 353 2406 445 2440; x_wconf 81' lang='lat' dir='ltr'><strong>tum</strong></span> <span class='ocrx_word' id='word_1_280' title='bbox 468 2406 545 2450; x_wconf 83' lang='lat' dir='ltr'><strong>est,</strong></span> <span class='ocrx_word' id='word_1_281' title='bbox 566 2397 599 2440; x_wconf 88' lang='lat' dir='ltr'><strong>si</strong></span> <span class='ocrx_word' id='word_1_282' title='bbox 626 2396 726 2440; x_wconf 88' lang='lat' dir='ltr'><strong>licet</strong></span> <span class='ocrx_word' id='word_1_283' title='bbox 746 2396 848 2440; x_wconf 86' lang='lat' dir='ltr'><strong>inde</strong></span> <span class='ocrx_word' id='word_1_284' title='bbox 873 2397 1132 2441; x_wconf 77' lang='lat' dir='ltr'><strong>manducare</strong></span> <span class='ocrx_word' id='word_1_285' title='bbox 1151 2396 1441 2441; x_wconf 88' lang='lat' dir='ltr'><strong>Christianum</strong></span> <span class='ocrx_word' id='word_1_286' title='bbox 1463 2396 1682 2439; x_wconf 87' lang='lat' dir='ltr'><strong>scientem.</strong></span> <span class='ocrx_word' id='word_1_287' title='bbox 1702 2413 1721 2434; x_wconf 90' lang='lat'>»</span> 
     </span>
     <span class='ocr_line' id='line_1_32' title="bbox 412 2465 1723 2525; baseline -0.001 -16"><span class='ocrx_word' id='word_1_288' title='bbox 412 2469 608 2520; x_wconf 68' lang='lat' dir='ltr'><strong>QUAESTIO</strong></span> <span class='ocrx_word' id='word_1_289' title='bbox 633 2470 729 2511; x_wconf 83' lang='lat' dir='ltr'><strong>VII.</strong></span> <span class='ocrx_word' id='word_1_290' title='bbox 759 2495 811 2500; x_wconf 33' lang='grc' dir='ltr'><strong><em>ἢ</em></strong></span> <span class='ocrx_word' id='word_1_291' title='bbox 846 2486 863 2508; x_wconf 87' lang='grc'>«</span> <span class='ocrx_word' id='word_1_292' title='bbox 890 2471 951 2511; x_wconf 89' lang='lat' dir='ltr'><strong>De</strong></span> <span class='ocrx_word' id='word_1_293' title='bbox 973 2467 1071 2511; x_wconf 83' lang='lat' dir='ltr'><strong>luco</strong></span> <span class='ocrx_word' id='word_1_294' title='bbox 1097 2468 1129 2510; x_wconf 88' lang='lat' dir='ltr'><strong>si</strong></span> <span class='ocrx_word' id='word_1_295' title='bbox 1156 2467 1257 2511; x_wconf 88' lang='lat' dir='ltr'><strong>licet</strong></span> <span class='ocrx_word' id='word_1_296' title='bbox 1287 2465 1342 2510; x_wconf 82' lang='lat' dir='ltr'><strong>ad</strong></span> <span class='ocrx_word' id='word_1_297' title='bbox 1377 2465 1562 2525; x_wconf 89' lang='lat' dir='ltr'><strong>aliquem</strong></span> <span class='ocrx_word' id='word_1_298' title='bbox 1600 2480 1723 2509; x_wconf 86' lang='lat' dir='ltr'><strong>usum</strong></span> 
     </span>
    </p>

    <p class='ocr_par' dir='ltr' id='par_1_9' title="bbox 354 2537 1733 2667">
     <span class='ocr_line' id='line_1_33' title="bbox 354 2537 1733 2596; baseline -0.004 -14"><span class='ocrx_word' id='word_1_299' title='bbox 354 2553 480 2582; x_wconf 87' lang='lat' dir='ltr'><strong>suum</strong></span> <span class='ocrx_word' id='word_1_300' title='bbox 503 2539 795 2583; x_wconf 82' lang='lat' dir='ltr'><strong>Christianum</strong></span> <span class='ocrx_word' id='word_1_301' title='bbox 810 2539 1014 2583; x_wconf 82' lang='lat' dir='ltr'><strong>scientem</strong></span> <span class='ocrx_word' id='word_1_302' title='bbox 1039 2539 1151 2596; x_wconf 84' lang='lat' dir='ltr'><strong>ligna</strong></span> <span class='ocrx_word' id='word_1_303' title='bbox 1171 2537 1323 2581; x_wconf 86' lang='lat' dir='ltr'><strong>tollere</strong></span> <span class='ocrx_word' id='word_1_304' title='bbox 1344 2538 1362 2577; x_wconf 78' lang='lat'><strong>⁶?</strong></span> <span class='ocrx_word' id='word_1_305' title='bbox 1383 2555 1402 2576; x_wconf 72' lang='lat' dir='ltr'><em>n</em></span> <span class='ocrx_word' id='word_1_306' title='bbox 1731 2547 1733 2551; x_wconf 59' lang='lat'><em>⁴</em></span> 
     </span>
     <span class='ocr_line' id='line_1_34' title="bbox 404 2625 668 2667; baseline 0 -11"><span class='ocrx_word' id='word_1_307' title='bbox 404 2633 411 2648; x_wconf 89' lang='lat'>¹</span> <span class='ocrx_word' id='word_1_308' title='bbox 434 2637 445 2656; x_wconf 85' lang='lat'>1</span> <span class='ocrx_word' id='word_1_309' title='bbox 469 2626 538 2656; x_wconf 84' lang='lat' dir='ltr'><strong>Cor.</strong></span> <span class='ocrx_word' id='word_1_310' title='bbox 563 2636 594 2664; x_wconf 79' lang='lat' dir='ltr'><strong>x,</strong></span> <span class='ocrx_word' id='word_1_311' title='bbox 615 2625 668 2667; x_wconf 87' lang='lat'><strong>78.</strong></span> 
     </span>
    </p>
   </div>
  </div>
 </body>
</html>
