1790 3187
330 249 416 292 424
771 260 802 288 3.
840 261 1070 290 Ancusnm
1103 262 1283 289 131³1scom

331 342 420 387 quo
447 327 593 371 animo
615 325 790 370 fecerim
807 360 819 380 ,
855 335 898 370 et
926 327 1002 386 qui
1035 326 1144 371 dixit
1166 344 1176 371 :
1207 345 1226 368 «
1251 325 1370 370 Beati
1397 325 1588 386 pacifici,
1611 326 1713 386 quia
1767 361 1768 367 ,

334 416 354 439 »
380 397 462 456 ipsi
484 397 561 440 filii
581 396 655 440 Dei
673 395 990 440 vocabuntur1.
1015 414 1036 438 »
1766 390 1767 394 ¹

390 470 472 512 111.
509 470 624 524 Ergo
652 476 701 511 ut
739 467 982 511 meminisse
1021 467 1283 526 dignamini,
1318 482 1418 511 cum
1453 481 1640 511 essemus
1668 467 1716 510 in

330 549 470 583 vestra
506 538 701 592 civitate,
740 547 784 582 et
817 538 1026 582 nonnulla
1065 538 1288 582 vobiscum
1320 538 1374 581 de
1408 537 1715 582 communione
1766 554 1768 596 }

330 608 574 652 christianae
613 608 789 652 unitatis
825 623 1073 666 ageremus,
1113 607 1280 667 prolata
1317 617 1418 652 sunt
1453 623 1477 652 a
1519 608 1716 667 partibus

329 678 480 723 vestris
503 680 631 723 Gesta
654 678 855 738 quaedam
873 714 883 733 ,
905 679 1065 738 quibus
1084 679 1310 724 recitatum
1330 689 1392 723 est
1409 678 1527 739 quod
1545 687 1717 738 septua-
1766 697 1767 714 ÷

332 749 449 809 ginta
474 749 609 794 ferme
632 749 821 810 episcopi
854 749 1136 794 Caecilianum
1165 749 1386 810 quondam
1411 759 1569 793 nostrae
1595 763 1718 793 com·

330 820 551 865 munionis
569 821 817 880 episcopum
837 821 1184 880 Carthaginensis
1203 821 1393 866 ecclesiae
1410 836 1506 865 cum
1527 821 1613 865 suis
1634 819 1720 864 col·
1766 817 1768 870 ζ

332 892 436 949 legis
472 901 515 936 et
552 892 875 936 ordinatoribus
912 891 1245 937 damnaverunt.
1284 893 1368 937 Ubi
1405 893 1533 936 etiam
1570 890 1722 935 Felicis
1765 910 1767 937 1

334 961 617 1020 Aptungitani
652 964 743 1019 (24)
765 978 890 1006 causa
915 962 1055 1007 multo
1079 979 1168 1022 prce
1202 963 1365 1006 caeteris
1395 961 1647 1006 invidiosius
1679 969 1722 1004 et
1765 962 1768 998 ’ἶ

333 1031 603 1075 criminosius
630 1032 836 1076 ventilata
863 1042 940 1076 est.
977 1035 1085 1086 Quae
1120 1048 1219 1077 curn
1256 1042 1396 1076 essent
1431 1040 1589 1076 cuncta
1625 1045 1724 1090 per-

334 1099 469 1154 lecta,
502 1100 804 1160 respondimus
832 1118 921 1145 non
954 1118 1043 1146 esse
1065 1103 1312 1146 mirandum
1330 1138 1340 1156 ,
1371 1103 1403 1146 si
1424 1102 1619 1146 homines
1647 1100 1723 1160 qui

334 1181 440 1216 tunc
461 1171 569 1215 illud
592 1172 775 1216 schisma
798 1172 1019 1228 fecerunt,
1044 1188 1133 1217 non
1157 1174 1248 1217 sine
1269 1173 1546 1217 confectione
1568 1172 1724 1215 Gesto·
1766 1198 1767 1205 κ

336 1258 431 1286 rum
451 1277 461 1297 ,
487 1257 558 1287 cos
578 1242 623 1286 in
645 1259 754 1303 quos
776 1241 949 1287 fuerant
965 1244 1020 1286 ab
1037 1242 1205 1287 aemulis
1227 1252 1269 1287 et
1291 1242 1470 1302 perditis
1495 1241 1720 1296 concitati,

337 1313 533 1357 absentes
550 1330 677 1358 causa
699 1314 916 1372 incognita
932 1349 942 1369 ,
972 1323 1130 1358 temere
1150 1314 1420 1358 damnandos
1440 1329 1528 1358 esse
1550 1322 1724 1372 putave-
1764 1348 1767 1368 ,

338 1393 454 1427 runt.
486 1387 572 1429 Nos
600 1393 745 1428 autem
771 1385 850 1428 alia
873 1385 1034 1428 habere
1057 1386 1183 1428 Gesta
1218 1383 1502 1428 ecclesiastica
1532 1385 1645 1441 (25),
1680 1383 1725 1425 in
1765 1393 1767 1397 ’

338 1455 499 1514 quibus
520 1454 745 1499 Secundus
765 1455 1044 1512 Tigisitanus‚
1067 1455 1142 1515 qui
1166 1465 1270 1498 tunc
1293 1454 1443 1511 agebat
1460 1453 1505 1496 in
1523 1451 1725 1498 Numidia
1764 1502 1766 1508 ,

338 1525 574 1582 primatum
591 1560 601 1579 ,
625 1535 858 1583 praesentes
884 1536 926 1569 ct
949 1524 1167 1569 confessos
1191 1525 1421 1575 traditores
1442 1523 1616 1584 reliquit
1639 1525 1728 1566 Deo
1764 1515 1767 1529 '

334 1593 614 1653 judicandos,
640 1604 682 1639 et
705 1595 840 1639 cosin
864 1595 1180 1654 episcopalibus
1203 1594 1398 1649 sedibus,
1425 1595 1549 1638 sicuti
1572 1601 1695 1636 erant
1713 1627 1724 1646 ,

341 1681 516 1708 manere
531 1665 748 1723 permisit,
770 1681 958 1724 quorum
981 1666 1156 1709 nomina
1177 1665 1289 1709 inter
1305 1664 1580 1708 damnatores
1598 1664 1727 1708 Caeci-

342 1734 444 1778 liani
467 1744 754 1779 numerantur
769 1770 780 1787 ,
802 1751 901 1779 cum
922 1736 1049 1779 etiam
1073 1735 1298 1780 Secundus
1315 1736 1404 1795 ipse
1425 1734 1596 1779 concilii
1619 1735 1730 1793 ejus-

343 1805 441 1849 dem
478 1806 770 1865 principatum
805 1815 990 1859 teneret,
1027 1806 1101 1850 ubi
1125 1806 1320 1850 absentes
1349 1806 1472 1867 quasi
1502 1804 1729 1849 traditores

346 1892 420 1935 per
455 1893 604 1920 eorum
641 1879 872 1922 sententias
898 1878 1148 1932 damnavit,
1185 1877 1346 1938 quibus
1373 1876 1658 1936 praesentibus
1687 1882 1729 1918 et
1761 1935 1762 1942 ἵ

345 1946 551 1991 confessis
568 1947 749 2006 ignovit.

406 2019 481 2060 IV.
519 2017 684 2060 Deinde
706 2017 890 2061 diximus
919 2036 927 2061 :
954 2016 1177 2076 aliquanto
1201 2025 1297 2075 post
1326 2015 1526 2074 Mijorini
1552 2013 1728 2058 ordina·
1762 2029 1765 2040 ¹

349 2089 535 2141 tionem,
561 2103 691 2147 quem
715 2096 865 2132 contra
893 2087 1173 2131 Caecilianum
1195 2085 1359 2130 nefario
1381 2085 1539 2130 scelere
1562 2085 1732 2128 levave-

349 2167 474 2212 runt,
503 2160 714 2215 erigentes
737 2158 870 2202 altare
901 2167 1051 2202 contra
1074 2157 1233 2210 altare,
1259 2166 1300 2200 et
1331 2157 1540 2200 unitatem
1570 2154 1729 2200 Christi
1759 2154 1762 2210 Ι

349 2228 575 2273 discordiis
594 2229 820 2273 furialibus
838 2228 1117 2287 dissipantes,
1134 2243 1204 2271 eos
1223 2226 1390 2284 petiisse
1410 2243 1431 2271 a
1445 2226 1732 2270 Constantino

350 2310 456 2345 tunc
481 2301 922 2360 Imperatorcjudiees
942 2300 1159 2358 episcopos
1176 2302 1287 2356 (26),
1308 2300 1384 2358 qui
1407 2299 1462 2342 de
1486 2299 1570 2341 suis
1593 2311 1730 2356 quaes·
1762 2350 1768 2356 .

350 2371 567 2423 tionibus,
607 2387 705 2430 quae
736 2371 778 2413 in
810 2369 951 2414 Africa
984 2380 1143 2413 exortae
1169 2370 1283 2427 pacis
1309 2369 1532 2413 vinculum
1557 2367 1733 2410 dirime-

353 2442 454 2485 bant
470 2476 479 2494 ,
499 2441 660 2484 arbitro
680 2439 1090 2498 mediojudicarent.
1109 2438 1236 2491 Quod
1257 2448 1399 2497 postea
1418 2453 1548 2497 quam
1568 2435 1731 2480 factum

354 2520 437 2565 est,
465 2519 674 2568 praesente
692 2509 924 2554 Caeciliano
943 2519 982 2551 et
1006 2507 1087 2551 illis
1111 2509 1184 2565 qui
1208 2509 1409 2553 adversus
1432 2522 1531 2550 cum
1556 2505 1731 2564 naviga—
1758 2529 1762 2580 f

406 2604 410 2616 ¹
438 2595 538 2625 ‚vtatth
571 2606 598 2626 v.
617 2607 648 2629 ι).
