1790 3187
636 217 835 247 EPISTOLA
868 219 936 247 ιν.
1388 208 1471 250 495

100 283 237 342 potui,
255 291 298 327 et
310 283 504 343 quamvis
516 284 562 328 in
576 283 726 329 mediis
738 286 898 330 acervis
912 285 1245 344 occupationum
1261 300 1472 343 mearum,

97 353 209 397 hanc
224 352 305 398 feci
324 355 583 413 praecipuam
596 390 610 410 ,
632 365 680 399 ut
699 355 752 400 ad
771 371 819 399 ea
840 373 937 416 quae
956 356 1223 414 interrogasti
1241 357 1474 416 responde·

98 439 187 469 rem
214 424 302 469 tibi.
331 425 498 470 Diutius
517 431 662 471 autern
680 428 736 471 de
761 437 831 472 tua
849 428 1025 488 epistola
1042 427 1260 488 disputare
1278 429 1400 484 nolo,
1422 444 1476 474 ne

97 495 179 540 hoe
201 495 339 556 ipsum
359 512 427 541 me
449 496 659 557 impediat
675 499 763 558 jam
786 499 960 544 tandem
980 499 1158 544 reddere
1179 499 1298 560 quod
1319 500 1473 544 debeo.

157 569 215 611 ΙΙ.
242 568 409 620 Quaeris
427 584 527 628 quae
549 584 676 613 causa
694 569 769 626 sit,
794 588 810 610 «
833 586 910 615 cur
928 571 1240 616 anniversarius
1254 570 1341 615 dies
1362 570 1475 615 cele-

98 636 276 682 brandae
303 637 535 683 Dominicae
557 640 786 699 passionis,
813 656 901 686 non
916 640 970 685 ad
984 641 1186 686 eumdem
1204 642 1352 686 redeat
1373 640 1476 686 anni

96 707 210 752 diem
228 743 239 764 ,
263 710 374 754 sicut
392 710 482 755 dies
503 727 588 771 qua
612 711 797 756 traditur
820 722 961 757 natus.
991 733 1008 755 »
1037 716 1093 758 Et
1116 712 1274 757 deinde
1294 712 1476 772 subjun-

98 779 159 838 gis
174 814 185 834 ,
209 798 228 822 «
244 780 278 824 si
291 781 373 825 hoc
388 781 435 825 fit
450 791 625 842 propter
641 783 868 827 sabbatum
892 794 935 828 et
952 784 1099 828 lunam
1117 820 1128 839 ,
1154 784 1259 845 quid
1281 785 1361 828 sibi
1376 783 1478 828 velit

96 850 141 894 in
163 850 243 896 hac
263 868 307 896 re
325 853 565 898 observatio
582 854 752 898 sabbati
774 863 817 898 et
835 853 968 899 lunae.
996 874 1016 897 »
1040 855 1119 899 Hic
1139 856 1324 915 primum
1346 870 1479 914 opor-

97 929 158 965 tet
180 924 347 968 noveris
370 923 482 968 diem
506 924 701 969 Natalem
718 925 889 969 Domini
908 941 996 969 non
1018 927 1062 969 in
1082 935 1350 970 sacramento
1372 925 1478 969 ccle-

97 991 233 1048 brari,
249 995 322 1038 sed
342 1004 508 1038 tantum
531 995 576 1038 in
598 996 849 1039 memoriam
867 996 1060 1039 revocari
1077 996 1197 1055 quod
1215 1005 1342 1039 natus
1363 995 1416 1038 sit
1430 1009 1479 1039 ac

94 1077 171 1122 per
192 1063 274 1108 hoc
308 1064 417 1110 nihil
441 1080 549 1124 opus
569 1074 683 1120 erat,
714 1065 795 1109 nisi
816 1064 1064 1109 revolutum
1095 1066 1197 1109 anni
1224 1064 1365 1121 diem,
1392 1081 1480 1126 quo

93 1132 183 1192 ipsa
200 1150 265 1179 res
282 1144 375 1180 acta
393 1146 456 1180 est
471 1171 481 1191 ,
502 1135 610 1181 festa
627 1136 858 1181 devotione
872 1138 1044 1195 signari.
1072 1140 1398 1183 Sacramentum
1418 1145 1481 1181 est

95 1215 239 1249 autem
261 1206 305 1249 in
334 1206 478 1267 aliqua
500 1207 790 1252 celebratione
806 1243 819 1262 ,
842 1224 941 1253 cum
973 1209 1033 1253 rei
1064 1218 1193 1268 gestae
1217 1223 1480 1253 commemo-

97 1278 207 1322 ratio
230 1278 287 1322 ita
310 1280 382 1334 fit,
403 1288 451 1323 ut
471 1278 638 1340 aliquid
659 1280 786 1324 etiam
804 1280 1034 1338 significari
1051 1281 1333 1339 intelligatur,
1357 1279 1482 1342 quod

98 1358 243 1393 sancte
262 1350 560 1409 accipiendum
585 1360 661 1395 est.
695 1354 759 1395 Eo
777 1352 923 1412 itaque
944 1352 1075 1397 modo
1098 1354 1263 1412 agimus
1294 1353 1478 1408 Pascha,

99 1429 148 1465 ut
167 1437 255 1466 non
277 1421 415 1466 solum
430 1423 477 1467 in
499 1423 749 1467 memoriam
772 1423 892 1482 quod
917 1433 1084 1484 gestum
1109 1434 1172 1469 est
1200 1439 1450 1469 revocemus
1466 1456 1478 1479 ‚

96 1490 141 1536 id
163 1502 225 1537 est
246 1492 366 1553 quod
389 1503 584 1539 mortuus
606 1503 670 1539 est
690 1495 887 1540 Christus
909 1505 952 1540 et
974 1496 1229 1552 resurrexit,
1255 1496 1329 1540 sed
1348 1496 1478 1540 etiam

98 1573 251 1608 caetera
273 1580 371 1623 quae
390 1565 503 1610 circa
535 1581 584 1609 ea
613 1574 872 1610 attestantur
901 1566 955 1610 ad
977 1567 1231 1610 sacramenti
1263 1566 1482 1625 significa-

97 1634 258 1680 tionem
281 1652 369 1680 non
382 1637 646 1681 omittamus.
668 1638 781 1691 Quia
802 1638 935 1693 enim,
951 1637 1061 1683 sicut
1083 1637 1189 1682 dicit
1208 1637 1442 1697 Apostolus
1469 1655 1478 1682 ε

101 1724 122 1748 «
145 1709 344 1752 Mortuus
366 1717 428 1752 est
451 1718 622 1768 propter
645 1707 803 1753 delicta
825 1718 993 1763 nostra,
1018 1717 1061 1752 et
1087 1708 1315 1752 resurrexit
1348 1722 1481 1767 prop-

101 1794 122 1818 »
146 1779 573 1838 terjustificationem
587 1787 776 1823 nostram
790 1781 799 1805 ¹
816 1798 825 1823 :
842 1797 861 1820 υ
879 1779 1080 1823 transitus
1090 1778 1266 1838 quidam
1280 1778 1482 1823 demorte

101 1847 156 1891 ad
177 1848 310 1892 vitam
334 1850 377 1893 in
396 1849 468 1893 illa
491 1849 689 1909 passione
705 1849 876 1893 Domini
895 1859 937 1894 et
960 1850 1273 1893 resurrectione
1292 1858 1482 1893 sacratus

99 1928 177 1963 est.
203 1922 311 1964 Nam
327 1921 454 1964 etiam
469 1919 731 1965 vocabulum
747 1920 887 1980 ipsum
907 1920 1026 1980 quod
1045 1920 1242 1964 «Pascha
1263 1938 1282 1960 »
1302 1919 1478 1974 dicitur,

98 2005 188 2035 non
208 2007 397 2049 graecum
412 2026 422 2046 ‚
445 1991 556 2036 sicut
578 1989 711 2049 vulgo
731 1990 868 2034 videri
890 1990 999 2034 solet
1016 1992 1125 2048 (43),
1155 1990 1229 2033 sed
1256 1989 1481 2033 hebraeum

98 2074 187 2104 esse
203 2062 376 2117 dicunt,
395 2063 471 2122 qui
485 2061 678 2120 linguam
698 2071 928 2121 utramque
946 2069 1177 2105 noverunt.
1197 2063 1347 2121 Neque
1364 2060 1481 2104 enim

100 2146 125 2175 a
144 2134 361 2190 passione,
387 2132 593 2191 quoniam
618 2147 756 2192 graece
776 2140 908 2183 πάσχειν
933 2131 1091 2176 dicitur
1111 2131 1226 2191 pati,
1254 2130 1329 2175 sed
1353 2131 1407 2174 ab
1429 2145 1481 2174 eo

101 2203 220 2262 quod
240 2203 460 2259 transitur,
484 2214 534 2248 ut
551 2203 640 2247 dixi
654 2238 665 2259 ,
684 2204 739 2248 de
755 2212 894 2247 morte
912 2202 967 2246 ad
984 2203 1114 2247 vitam
1126 2236 1138 2257 ,
1155 2202 1330 2245 hebraeo
1348 2200 1481 2246 verbo

102 2289 169 2319 res
184 2275 398 2335 appellata
416 2285 480 2320 est
501 2295 509 2320 :
529 2276 574 2320 in
596 2291 683 2336 quo
705 2275 880 2335 eloquio
899 2274 1060 2319 Pascha
1082 2275 1285 2318 transitus
1302 2273 1478 2329 dicitur,

102 2345 213 2392 sicut
235 2347 464 2407 perhibent
480 2348 556 2407 qui
574 2348 657 2392 hoc
677 2348 834 2392 sciunt.
857 2345 984 2399 Quod
1003 2344 1140 2391 voluit
1161 2354 1203 2389 et
1217 2346 1307 2405 ipse
1331 2344 1481 2389 Domi-

105 2433 184 2462 nus
209 2428 383 2479 tangere
414 2435 513 2464 cum
537 2419 668 2463 dicit?
697 2439 717 2462 (ι
748 2418 832 2472 Qui
860 2417 997 2462 credit
1024 2418 1068 2460 in
1097 2433 1192 2473 me,
1223 2417 1400 2461 transiet
1427 2415 1482 2459 de

107 2506 129 2532 »
154 2500 293 2535 morte
306 2490 360 2535 ad
374 2491 548 2536 vitam2.
569 2510 589 2533 «
607 2492 662 2534 Et
680 2490 862 2535 maxime
874 2489 989 2533 idem
1007 2487 1283 2548 Evangelista
1303 2488 1386 2533 hoc
1406 2502 1481 2531 ex-

155 2580 165 2598 ¹
185 2577 276 2609 Rom.
298 2587 332 2618 v,
351 2575 406 2618 24.
423 2592 464 2600 —
479 2583 492 2599 ²
514 2577 606 2609 Joan.
626 2574 726 2618 v‚24.
