1790 3187
609 228 805 258 EPlsToLA
840 232 959 258 xmv.
1398 221 1481 261 445

94 292 171 351 qui
194 300 448 351 potuerunt,
466 295 670 352 exceptis,
694 304 744 339 ut
765 295 869 349 dixi,
890 294 1053 355 paucis,
1074 309 1263 354 quorum
1285 295 1482 356 religiosa

94 372 138 407 et
159 363 341 422 simplex
371 364 608 423 apparebat
629 366 829 410 intentio.
860 369 1013 427 Itaque
1045 366 1181 411 libere
1209 381 1288 426 pro
1317 368 1382 411 sui
1405 385 1484 414 cu-

93 435 250 494 jusque
267 434 398 478 animi
412 444 534 479 motu
548 435 834 480 immoderate
849 436 1122 496 loquentium
1140 437 1283 481 omnia
1299 440 1483 498 strepitu

93 503 402 560 turbabantur,
430 521 510 550 nec
542 505 742 551 evincere
769 508 857 552 sive
879 523 973 563 nos,
1015 508 1103 554 sive
1145 508 1236 569 ipse
1267 510 1481 569 rogando,

92 575 314 620 interdum
340 577 470 621 etiam
493 577 769 638 objurgando
805 580 1041 639 potuimus,
1076 589 1127 624 ut
1159 579 1285 625 nobis
1313 580 1485 625 modes-

93 655 186 691 tum
210 647 430 693 silentium
455 650 740 709 praeberetur.

152 720 210 762 11.
233 721 316 763 Res
331 729 475 764 tamen
492 730 734 781 utcumque
753 722 820 781 agi
844 731 989 782 coepta
1011 731 1090 778 est,
1108 731 1151 767 et
1169 722 1336 783 aliquot
1358 723 1486 768 horas

91 788 134 833 in
153 789 321 836 alterno
343 807 542 837 sermone
566 794 869 852 protraximus,
896 803 1109 855 quantum
1134 794 1316 839 vocibus
1347 795 1485 839 inter-

90 861 416 918 quiescentibus
447 865 564 908 varie
599 864 963 909 tumultuantium
998 865 1263 909 sinebamur.
1313 864 1397 910 Sed
1440 865 1485 909 in

90 930 183 990 ipso
205 931 510 993 disputationis
532 936 724 990 exordio,
751 951 850 980 cum
877 936 1122 980 videremus
1156 951 1221 989 ea,
1242 950 1341 995 quae
1363 935 1485 979 dice-

90 1001 268 1058 bantur,
293 1005 480 1049 subinde
512 1005 601 1049 labi
632 1005 686 1049 de
709 1006 915 1050 memoria
948 1004 1016 1050 vel
1050 1015 1214 1060 nostra,
1244 1004 1311 1049 vel
1334 1020 1485 1050 eorum

89 1089 280 1134 quorum
302 1075 485 1119 salutem
517 1077 701 1120 maxime
735 1077 1028 1135 curabamus,
1054 1086 1097 1121 et
1135 1086 1184 1121 ut
1213 1086 1323 1121 esset
1360 1076 1485 1121 nobis

90 1146 258 1190 cautior
286 1148 610 1209 modestiorque
632 1149 848 1203 tractatio,
881 1148 1011 1193 simul
1033 1161 1078 1192 ut
1101 1158 1144 1193 et
1164 1164 1241 1193 vos
1260 1157 1392 1209 atque
1412 1147 1484 1193 alii

89 1215 260 1271 fratres,
287 1219 363 1278 qui
400 1219 600 1264 absentes
635 1230 775 1274 erant,
811 1221 918 1280 quid
942 1220 1056 1264 inter
1077 1235 1155 1264 nos
1177 1230 1323 1264 actum
1352 1228 1481 1274 esset,

89 1288 276 1346 legendo
304 1291 637 1348 cognosceretis,
670 1290 986 1351 postulavimus
1019 1300 1113 1334 uta
1137 1290 1314 1335 notariis
1352 1291 1485 1334 verba

88 1370 234 1404 nostra
269 1362 584 1421 exciperentur.
625 1363 708 1406 Diu
738 1362 791 1407 ab
825 1361 899 1406 illo
933 1360 1003 1406 vel
1035 1362 1072 1405 ei
1108 1361 1485 1406 consentientibus

89 1430 350 1476 reluctatum
375 1443 436 1477 est
458 1454 468 1490 3
492 1443 638 1492 postea
662 1443 809 1477 tamen
836 1434 925 1492 ipse
953 1433 1179 1478 concessit.
1215 1432 1300 1478 Sed
1328 1431 1485 1477 notarii

87 1504 161 1563 qui
182 1502 377 1558 aderant,
403 1513 534 1564 atque
558 1503 602 1548 id
624 1514 801 1548 strenue
821 1504 964 1549 facere
988 1513 1207 1563 poterant,
1229 1504 1375 1547 nescio
1396 1518 1483 1562 qua

87 1589 215 1619 causa
237 1575 432 1634 excipere
463 1575 715 1619 noluerunt.
751 1574 931 1633 Egimus
963 1572 1116 1617 saltem
1150 1582 1199 1617 ut
1231 1571 1383 1617 fratres
1406 1572 1484 1632 qui

88 1646 316 1691 nobiscum
341 1655 480 1701 erant,
500 1661 752 1706 quanquam
767 1646 809 1688 in
832 1646 911 1690 bac
929 1660 974 1689 re
992 1644 1154 1688 tardius
1167 1653 1359 1703 possent,
1378 1644 1484 1688 exci-

89 1726 258 1776 perent,
280 1715 534 1776 pollicentes
556 1732 635 1761 nos
655 1716 711 1759 ibi
729 1715 898 1759 easdem
916 1713 1086 1758 tabulas
1106 1713 1347 1758 relicturos.
1367 1715 1485 1759 Con-

88 1802 261 1830 sensum
276 1796 353 1830 est.
373 1789 617 1846 Coeperunt
634 1786 763 1830 verba
783 1795 928 1829 nostra
943 1784 1097 1843 excipi,
1119 1794 1161 1828 et
1177 1783 1319 1843 aliqua
1341 1785 1396 1828 ab
1414 1784 1484 1827 in·

88 1857 227 1902 vicem
244 1859 298 1901 ad
314 1857 484 1901 tabulas
496 1857 612 1902 dicta
626 1866 743 1901 sunt.
761 1860 913 1901 Postea
926 1854 1193 1899 inordinatas
1207 1864 1483 1915 perstrepen-

19 1964 23 1967 ,
90 1928 198 1972 tium
215 1927 601 1988 interpellationes,
623 1937 665 1972 et
683 1937 911 1987 propterea
930 1936 1120 1971 nostram
1140 1941 1318 1986 quoque
1333 1926 1485 1970 turbu-

88 1999 317 2044 lentiorem
340 2000 682 2059 disputationem
712 1999 867 2043 notarii
898 2014 987 2042 non
1023 1997 1217 2041 valentes
1249 1996 1479 2052 sustinere,

90 2081 349 2129 cesserunt,
389 2071 514 2115 nobis
549 2085 651 2114 sane
688 2086 777 2115 non
805 2069 1141 2123 desistentibus,
1174 2077 1218 2112 et
1242 2077 1292 2113 ut
1325 2069 1484 2129 cuique

89 2142 274 2187 facultas
296 2142 498 2197 dabatur,
531 2141 668 2186 multa
705 2140 967 2185 dicentibus.
996 2143 1060 2184 Ex
1095 2140 1255 2200 quibus
1280 2139 1486 2185 omnibus

90 2213 234 2257 verbis
255 2213 425 2264 nostris,
451 2223 665 2273 quantum
692 2211 908 2257 recordari
926 2211 1066 2270 potui,
1092 2226 1234 2255 causae
1258 2210 1389 2254 totius
1413 2225 1486 2254 ac-

91 2283 273 2338 tionem,
298 2282 577 2328 dilectionem
598 2292 783 2328 vestram
798 2281 1000 2326 fraudare
1018 2281 1155 2326 nolui.
1170 2280 1354 2325 Potestis
1368 2280 1484 2324 enim

92 2355 129 2398 ei
143 2354 306 2399 litteras
321 2354 605 2413 measlegere,
633 2364 681 2399 ut
702 2353 771 2398 vel
792 2353 1005 2412 approbet
1024 2367 1124 2396 vera
1148 2367 1216 2395 me
1239 2350 1483 2410 scripsisse3

92 2426 160 2470 vel
178 2427 268 2486 ipse
282 2426 420 2481 vobis,
440 2425 472 2470 si
489 2427 595 2485 quid
611 2425 764 2470 melius
783 2424 948 2478 recolit,
961 2422 1481 2468 incunctanterinsinuet.

153 2500 236 2542 111.
263 2498 407 2542 Primo
430 2497 545 2542 enim
578 2498 711 2542 vitam
735 2506 944 2549 nostram,
971 2510 1102 2555 quam
1131 2495 1252 2539 vobis
1289 2495 1484 2539 benevo-

94 2566 254 2613 lentius
292 2568 469 2615 fortasse
501 2584 633 2629 quam
662 2569 805 2613 verius
834 2567 1130 2625 narrantibus,
1160 2581 1204 2611 se
1225 2565 1485 2626 comperisse
