1790 3187
695 236 891 263 ErisTOLA
924 237 993 263 ιν.
1457 230 1540 268 499

152 298 228 341 Dei
267 306 409 356 parte,
439 313 570 358 quam
597 299 875 344 commixtam
898 300 1163 360 principibus
1195 303 1471 347 tenebrarum
1495 314 1538 349 et

149 384 301 413 eorum
329 369 528 414 sordibus
553 370 828 430 inquinatam
851 371 982 416 corde
1014 381 1145 432 atque
1168 387 1242 417 ore
1264 375 1472 433 sacrilego
1495 385 1539 420 et

145 439 322 485 credere
344 450 387 485 et
408 440 531 502 loqui
551 457 641 486 non
663 440 884 487 dubitant.
908 444 1020 489 Hinc
1055 459 1158 503 ergo
1185 443 1356 504 impleri
1384 445 1535 491 lunam

145 510 321 567 dicunt,
352 527 453 556 cum
482 512 634 556 eadem
656 528 753 571 pars
774 513 852 558 Dei
877 514 1042 573 magnis
1063 514 1289 560 laboribus
1312 515 1366 559 ab
1387 516 1536 576 inqui·

142 591 349 628 namento
369 592 573 642 purgata,
598 583 654 628 de
682 593 775 629 toto
798 586 965 630 mundo
994 595 1125 646 atque
1150 586 1351 631 omnibus
1377 586 1534 632 cloacis

142 651 314 713 fugiens
329 689 340 710 ,
359 654 557 700 redditur
569 658 658 700 Deo
669 655 835 714 lugenti
848 657 954 702 dum
968 657 1118 704 redeat
1137 678 1145 704 ε
1166 658 1323 719 repleri
1341 675 1442 704 vero
1460 676 1536 720 per

140 738 333 769 mensem
350 725 578 771 dimidium
594 761 605 782 ‚
631 736 674 772 et
691 727 775 772 alio
802 728 985 774 dimidio
1007 730 1053 773 in
1080 729 1214 775 solem
1232 730 1431 786 refundi,
1457 747 1535 777 ve-

138 794 206 840 lut
228 796 274 840 in
296 795 424 841 aliam
447 813 617 843 navem.
640 801 728 845 Nec
744 810 891 844 tamen
908 801 1022 846 inter
1038 801 1137 846 istas
1159 802 1535 848 anathematizan-

138 866 214 911 das
236 866 526 928 blasphemias
544 868 708 931 aliquid
736 887 931 932 unquam
960 872 1124 931 fingere
1146 883 1410 932 potuerunt,
1455 891 1535 920 cur

136 937 206 981 vel
227 939 435 999 incipiens
456 941 624 996 lucere,
651 941 721 986 vel
742 942 941 986 desinens
973 942 1244 988 corniculato
1260 944 1427 988 lumine
1444 944 1535 989 ful-

136 1020 234 1067 geat
253 1047 261 1065 ‚
288 1020 361 1055 aut
383 1028 462 1056 cur
481 1029 504 1056 a
526 1011 708 1056 dimidio
736 1027 885 1057 mense
908 1013 1087 1073 incipiat
1108 1013 1275 1070 minui,
1301 1023 1345 1059 et
1364 1030 1455 1061 non
1476 1015 1531 1060 ad

134 1081 462 1126 refundendum
484 1082 614 1142 plena
636 1084 877 1143 perveniat.

193 1154 290 1196 VII.
323 1153 391 1197 Illi
409 1163 554 1198 autem
578 1154 655 1215 qui
674 1155 767 1199 haec
786 1155 912 1199 certis
934 1155 1128 1199 numeris
1147 1154 1443 1213 indagarunt,
1473 1158 1532 1202 ita

132 1232 181 1268 ut
202 1233 245 1267 et
277 1223 472 1270 defectus
501 1225 601 1270 solis
628 1235 670 1270 et
701 1225 821 1270 lunae
844 1242 932 1270 non
960 1225 1102 1270 solum
1135 1242 1213 1271 cur
1239 1227 1419 1284 fierent,
1454 1229 1531 1272 sed

129 1294 260 1339 etiam
294 1297 472 1356 quando
508 1297 647 1342 futuri
670 1306 812 1342 essent
844 1297 974 1356 longe
1009 1306 1109 1341 ante
1132 1297 1448 1357 praedicerent,
1486 1309 1530 1344 et

128 1381 200 1411 eos
227 1366 524 1413 determinatis
546 1369 787 1414 intervallis
810 1379 1059 1429 temporum
1083 1371 1292 1415 canonica
1315 1380 1529 1430 supputa-

127 1438 246 1484 tione
265 1440 540 1500 praefigerent
559 1476 570 1496 ,
595 1440 838 1501 litterisque
860 1440 1144 1497 mandarent,
1171 1458 1280 1502 quas
1299 1443 1432 1486 modo
1450 1443 1528 1503 qui

124 1508 279 1569 legunt
297 1520 428 1571 atque
450 1511 729 1571 intelligunt,
755 1511 1040 1557 nihilominus
1062 1528 1133 1557 eos
1153 1511 1419 1571 praedicunt,
1442 1528 1524 1558 nec

124 1581 249 1627 aliter
273 1593 349 1628 aut
365 1583 468 1629 alias
490 1583 696 1629 accidunt
713 1599 846 1643 quam
866 1583 1122 1643 praedicant.
1144 1584 1267 1628 Tales
1284 1600 1387 1644 ergo
1404 1586 1519 1645 (qui-

123 1652 204 1697 bus
235 1670 325 1698 non
348 1663 410 1698 est
441 1654 757 1713 ignoscendum
774 1690 785 1710 ,
822 1655 933 1698 sicut
961 1664 1107 1698 sancta
1134 1655 1359 1713 Scriptura
1380 1656 1515 1714 dicit3

120 1725 224 1784 quia
245 1744 265 1767 «
285 1741 386 1769 cum
402 1735 573 1770 tantum
590 1726 784 1770 valerent
799 1734 1035 1785 utpossent
1054 1725 1268 1770 aestimare
1285 1725 1513 1781 saeculum,

124 1814 143 1837 »
171 1796 407 1840 Dominum
423 1797 515 1856 ejus
531 1832 541 1851 ‚
565 1815 585 1838 »
607 1812 740 1856 quem
761 1796 946 1855 supplici
970 1795 1129 1854 pietate
1152 1805 1329 1856 possent
1345 1832 1355 1851 ‚
1382 1816 1400 1838 «
1426 1813 1518 1842 non

121 1885 142 1909 υ
170 1865 338 1912 facilius
355 1868 707 1926 invenerunt1),»
729 1884 782 1912 ex
796 1868 897 1928 ipsis
915 1868 1122 1912 cornibus
1140 1868 1257 1912 lunae
1273 1885 1372 1929 quae
1386 1868 1513 1914 asolo

119 1954 268 1984 aversa
288 1949 414 1995 sunt,
438 1941 526 1984 sive
544 1941 774 1985 crescentis
790 1940 878 1984 sive
895 1938 1183 1984 decrescentis
1201 1975 1212 1995 ,
1232 1942 1514 2001 conjecerunt

117 2024 213 2054 eam
236 2009 304 2055 vel
325 2026 350 2055 a
370 2011 460 2056 sole
485 2010 708 2066 illustrari,
734 2020 777 2055 et
794 2019 961 2070 quanto
981 2010 1114 2068 magis
1133 2011 1188 2053 ab
1207 2026 1258 2055 eo
1273 2011 1509 2066 recederet,

117 2089 240 2126 tanto
262 2082 399 2141 magis
418 2083 474 2127 ab
506 2098 555 2127 ea
578 2092 699 2142 parte
731 2098 830 2142 quae
855 2082 978 2126 terris
1006 2090 1216 2141 apporet,
1248 2081 1390 2126 radios
1420 2083 1512 2142 ejus

117 2153 316 2212 excipere
351 2172 361 2199 ι
393 2163 560 2213 quanto
592 2163 738 2198 autem
767 2155 823 2198 ad
856 2169 956 2197 eum
990 2155 1125 2212 magis
1156 2162 1251 2212 post
1279 2152 1512 2197 dimidium

116 2239 310 2273 mensem
334 2242 386 2270 ex
403 2224 488 2270 alio
509 2225 782 2270 semicirculo
810 2225 1151 2284 propinquaret,
1185 2233 1308 2268 tanto
1336 2224 1470 2282 magis
1492 2241 1516 2268 a

116 2297 328 2356 superiori
346 2307 468 2357 parte
486 2296 745 2341 illustratam
761 2332 772 2351 ‚
793 2295 848 2340 ab
866 2311 915 2339 ea
930 2304 1051 2355 parte
1069 2309 1202 2354 quam
1215 2295 1337 2338 terris
1356 2293 1513 2338 adver-

115 2375 227 2412 teret
249 2384 339 2413 non
361 2384 484 2429 posse
507 2368 702 2428 excipere
736 2366 900 2422 radios,
932 2375 975 2409 et
1004 2375 1231 2425 propterea
1267 2364 1403 2409 videri
1433 2365 1511 2410 dea

115 2454 306 2484 crescere
328 2459 337 2485 z
359 2439 430 2485 vel
451 2441 487 2484 si
510 2440 690 2484 haberet
718 2453 846 2484 suum
874 2437 1049 2492 lumen,
1084 2436 1129 2480 id
1151 2436 1312 2480 habere
1338 2451 1392 2480 ex
1423 2447 1516 2481 'una

115 2519 236 2569 parte
255 2511 300 2557 in
322 2511 650 2573 hemisphaerio,
675 2526 807 2572 quam
828 2518 997 2571 partem
1026 2523 1127 2553 curn
1149 2506 1358 2553 recedens
1379 2523 1400 2551 a
1424 2507 1514 2554 sole

167 2605 175 2623 ¹
199 2598 274 2640 Sap.
294 2608 364 2638 xm,
386 2608 408 2640 9
1259 2647 1310 2687 32
