1790 3187
609 221 807 254 ems-rom
840 226 910 255 x1..
1362 216 1445 257 417

64 300 141 345 pro
158 286 218 331 eis
240 286 477 331 Machabaei
497 297 710 346 martyres
729 290 923 335 tierent1.
947 293 1172 335 Postremo
1192 291 1308 336 istud
1327 294 1449 354 quod

61 356 365 416 praedicatores
393 359 541 417 gratiae
575 361 872 405 Christianos²
901 362 1044 406 Judaei
1070 371 1277 422 tanquam
1306 364 1451 410 hostes

61 428 187 486 Legis
215 430 603 488 persequebantur.
641 433 728 475 Hos
761 441 892 492 atque
927 433 1179 493 hujusmodi
1212 450 1377 479 errores
1408 444 1453 480 et

61 497 162 542 vitia
178 533 189 551 ‚
215 498 319 543 dicit
340 515 384 544 se
400 499 559 543 damna
578 509 621 544 et
643 510 830 546 stercora
850 502 1133 556 arbitratum,
1159 512 1207 548 ut
1228 505 1452 550 Christum

60 567 334 614 lucrifaceret
366 590 374 615 ;
402 587 489 615 non
519 572 842 616 observationes
875 574 1052 631 Legis⁸‚
1089 574 1124 618 si
1159 589 1278 619 more
1313 576 1454 635 patrio

60 640 411 696 celebrarentur,
442 643 554 687 sicut
575 644 629 686 ab
654 643 746 702 ipso
770 643 1003 687 celebratae
1031 654 1133 689 sunt
1160 646 1251 690 sine
1272 647 1361 691 ulla
1385 663 1455 691 sa-

59 712 162 756 lutis
185 714 438 757 necessitate
470 730 557 758 non
587 715 697 759 sicut
728 714 871 759 Judaei
899 715 1182 760 celebrandas
1206 719 1452 777 putabant,

61 794 136 826 aut
169 781 312 827 fallaci
346 783 622 828 simulatione
648 820 659 839 ,
690 785 811 844 quod
848 785 893 829 in
934 789 1061 830 Petro
1100 788 1454 846 reprehenderat.

60 856 168 898 Nam
191 854 224 897 si
258 865 486 914 propterea
510 856 582 899 itta
612 866 878 900 sacramenta
908 857 1169 912 celebravit,
1194 860 1294 918 quia
1324 861 1459 904 simu-

59 924 161 968 lavit
183 941 226 968 se
248 927 454 970 Judaeum
478 937 525 970 ut
547 926 642 970 illos
663 927 937 970 lucrifaceret
969 947 978 971 ;
1013 942 1091 970 cur
1114 943 1199 970 non
1223 929 1352 972 etiam
1382 945 1453 974 sa-

60 994 269 1040 crificavit
292 1011 392 1039 cum
416 997 654 1048 Gentibus,
676 996 778 1055 quia
800 1005 843 1039 et
866 996 916 1038 iis
945 996 1021 1054 qui
1044 997 1136 1040 sine
1167 999 1282 1056 Lege
1303 1008 1428 1043 erant
1446 1034 1456 1054 ‚

61 1074 268 1125 tanquam
287 1066 378 1109 sine
396 1069 509 1123 Lege
531 1064 672 1110 factus
690 1075 752 1111 est
768 1101 779 1120 ,
802 1075 850 1109 ut
867 1082 938 1110 eos
959 1083 1137 1126 quoque
1159 1066 1456 1128 lucrifaceret3

60 1137 141 1181 nisi
164 1137 265 1197 quia
289 1147 331 1180 et
363 1135 472 1180 illud
498 1136 622 1191 fecit,
651 1146 702 1181 ut
727 1146 880 1181 natura
905 1138 1109 1196 Judaeus,
1141 1148 1184 1183 et
1208 1140 1290 1185 hoc
1315 1150 1457 1186 totum

61 1207 194 1263 dixit,
229 1224 317 1252 non
346 1217 396 1252 ut
420 1206 631 1252 fallaciter
662 1223 706 1251 se
740 1208 925 1266 fingeret
957 1224 1047 1252 esse
1075 1210 1196 1268 quod
1226 1226 1315 1254 non
1339 1221 1457 1267 erat,

61 1278 135 1321 sed
164 1288 213 1322 ut
235 1278 568 1322 misericorditer
589 1278 647 1322 eis
677 1278 734 1322 ita
758 1278 1109 1323 subveniendum
1139 1295 1230 1324 esse
1252 1282 1457 1336 sentiret,

61 1364 110 1394 ac
142 1348 176 1392 si
197 1349 287 1408 ipse
315 1349 363 1392 in
391 1348 544 1393 eodem
579 1365 723 1393 errore
754 1347 998 1407 laboraret,
1027 1366 1114 1393 non
1138 1350 1303 1396 scilicet
1334 1368 1460 1397 men-

61 1419 206 1463 tientis
231 1430 325 1463 astu
341 1454 351 1471 ‚
383 1420 456 1462 scd
478 1419 780 1478 compatientis
802 1420 996 1464 affectu?
1019 1421 1138 1465 Sicut
1169 1437 1220 1465 eo
1243 1423 1336 1482 ipso
1359 1423 1457 1469 loco

60 1488 316 1548 generaliter
338 1489 518 1544 intulit,
545 1509 563 1530 «
588 1492 744 1534 Factus
767 1505 862 1533 sum
880 1491 1062 1535 infirmis
1080 1492 1302 1547 infirmus,
1330 1504 1378 1537 ut
1396 1495 1458 1538 in-

62 1579 82 1602 »
109 1562 257 1605 firmos
279 1561 581 1606 lucrifacerem
598 1562 612 1586 ‘²
637 1580 645 1605 :
672 1580 691 1602 »
718 1571 765 1604 ut
783 1577 970 1620 sequens
991 1562 1235 1618 conclusio,
1264 1583 1283 1606 «
1309 1565 1459 1609 Omni-

62 1650 82 1673 »
110 1632 191 1676 bus
209 1634 351 1676 omnia
371 1631 510 1676 factus
528 1647 623 1676 sum
640 1667 650 1687 ,
673 1641 721 1676 ut
739 1647 889 1676 omnes
907 1631 1208 1677 lucrifacerem
1223 1669 1234 1689 ,
1260 1635 1352 1678 »ad
1374 1636 1457 1680 hoc

58 1702 284 1746 referenda
308 1702 576 1760 intelligatur
595 1737 605 1756 ,
625 1712 673 1745 ut
688 1704 899 1761 cujusque
918 1703 1215 1747 infirmitatem
1247 1713 1455 1764 tanquam

57 1772 102 1816 in
125 1788 169 1816 se
186 1773 279 1831 ipso
302 1773 528 1816 miseratus
552 1782 772 1831 appareat.
793 1775 887 1816 Non
915 1773 1029 1815 enim
1056 1782 1100 1816 et
1129 1789 1227 1817 cum
1253 1774 1417 1818 diceret
1444 1794 1453 1820 ς

62 1861 82 1883 «
107 1843 214 1895 Quis
244 1841 517 1896 infirmatur,
554 1851 596 1885 et
625 1857 706 1901 ego
735 1858 822 1886 non
855 1841 1077 1885 infirmor⁵
1108 1861 1127 1883 »
1154 1843 1452 1889 infirmitatem

27 1912 30 1916 ’
58 1911 234 1956 alterius
252 1913 474 1957 simulasse
492 1928 536 1956 se
554 1914 700 1972 potius
717 1927 849 1971 quam
867 1911 1141 1957 condoluisse
1156 1948 1166 1968 ,
1187 1913 1364 1959 volebat
1386 1915 1455 1959 in-

59 1983 207 2040 telligi.

10 2042 11 2050 ἵ
118 2055 217 2097 Vll.
241 2055 385 2107 Quare
407 2053 546 2112 arripe
563 2088 573 2107 ‚
594 2052 775 2097 obsecro
789 2061 831 2096 te
847 2088 858 2108 ‚
885 2053 1120 2112 ingenuam
1140 2063 1184 2098 et
1200 2070 1300 2099 vere
1319 2057 1453 2101 chris-

58 2124 218 2168 tianam
237 2139 337 2167 cum
355 2124 566 2168 charitate
592 2125 862 2168 severitatem
889 2123 943 2167 ad
965 2123 1076 2167 illud
1099 2140 1207 2184 opus
1230 2127 1451 2186 corrigen-

58 2196 164 2240 dum
197 2204 329 2255 atque
355 2195 679 2240 emendandum
697 2230 708 2249 ,
736 2204 778 2238 et
803 2195 1013 2240 m).=.-›‹3›3‹tw,
1039 2204 1088 2238 ut
1113 2195 1296 2250 dicitur,
1323 2213 1445 2242 cane.

59 2267 208 2310 Incom
216 2266 464 2325 partibiliter
477 2266 591 2309 euim
606 2265 828 2325 pulchrior
841 2274 903 2309 est
918 2265 1074 2308 veritas
1086 2265 1447 2324 Christianorum,

59 2352 190 2397 quam
208 2335 373 2380 Helena
392 2338 658 2380 Graecorum.
681 2339 764 2380 Pro
782 2335 861 2380 ista
879 2335 994 2378 enim
1012 2334 1163 2379 fortius
1178 2337 1313 2380 nostri
1332 2341 1447 2382 Mar-

60 2416 176 2466 tyres
199 2408 401 2452 adversus
424 2408 534 2451 banc
564 2407 795 2451 Sodomam
814 2441 824 2461 ,
850 2420 983 2466 quam
1010 2420 1088 2465 pro
1115 2404 1188 2449 illa
1210 2406 1271 2450 itti
1299 2407 1452 2454 heroes

109 2518 115 2532 ¹
140 2519 159 2543 2
177 2511 288 2543 Maeli.
311 2521 366 2548 vu,
388 2521 416 2541 1.
435 2526 470 2532 --
485 2516 497 2531 ²
521 2510 622 2541 Forte
639 2508 832 2542 Christianae.
851 2524 890 2530 „-
906 2506 918 2530 3
941 2507 1050 2549 Philip*
1074 2519 1122 2547 111,
1137 2510 1170 2540 8.
1186 2525 1225 2530 —·
1240 2506 1255 2537 4
1276 2519 1287 2540 ι
1312 2512 1384 2542 Cor.
1406 2522 1449 2547 ix,

62 2576 115 2599 22.
136 2583 170 2588 ψ·
187 2564 202 2589 5
222 2576 238 2597 '2
256 2568 326 2597 Cor.
345 2578 387 2605 xi,
406 2575 460 2606 29.

252 2631 382 2658 cxix.
1209 2619 1255 2653 ΞΤ
