1790 3187
647 277 842 308 uns-rom
875 279 992 306 xuv.
1425 264 1505 304 453

142 348 291 407 phetas
312 345 407 391 illos
429 355 471 390 et
491 354 657 391 sanctos
679 352 791 390 viros
811 344 952 389 dicere
975 343 1110 388 solere
1125 344 1169 386 in
1186 342 1396 402 populum
1416 358 1508 388 sce-

141 418 229 462 lera
251 433 418 472 eorum,
441 433 537 461 cum
569 427 711 461 tamen
744 431 787 460 se
821 417 874 460 ab
908 415 1020 460 iliius
1053 413 1202 474 populi
1224 414 1388 458 unitate
1421 424 1463 458 et
1484 430 1508 458 a

140 489 446 533 communione
463 489 618 549 pariter
639 489 986 548 accipiendorum
1010 496 1390 540 sacramentorum,
1412 501 1512 545 quae

140 570 244 605 tunc
268 559 460 616 suerunt,
487 561 689 605 divellere
706 577 793 604 non
819 568 1066 604 tentassent.

196 633 296 675 XII.
324 631 430 676 Inde
453 632 596 676 nescio
613 632 832 691 quomodo
854 641 1032 674 ventum
1059 639 1120 674 est
1138 628 1189 673 ad
1207 643 1514 674 commemora-

137 703 299 747 tionem
319 705 456 747 beatae
484 704 700 748 memoriae
725 703 909 748 Genetlii
932 701 1278 760 Carthaginensis
1300 710 1398 744 ante
1421 703 1513 744 Au-

136 773 289 818 relium
310 775 527 835 Episcopi,
541 775 658 835 quod
682 777 824 820 nescio
846 790 977 834 quam
995 773 1347 819 constitutionem
1367 773 1512 816 datam

135 854 284 889 contra
310 845 405 889 illos
427 846 740 906 compresserit,
766 856 808 890 et
830 846 1034 890 effectum
1058 846 1217 888 habere
1240 860 1325 888 non
1349 842 1509 887 siverit.

135 917 392 960 Laudabant
428 917 550 960 illum
583 933 752 971 omnes,
791 927 833 960 et
872 915 1172 974 benignissime
1207 914 1512 973 praeferebant.

136 989 252 1030 Inter
270 1003 375 1047 quas
397 987 546 1031 laudes
568 1003 589 1030 a
612 988 737 1031 nobis
759 987 1001 1045 subjectum
1024 995 1101 1039 est,
1129 985 1246 1044 quod
1271 985 1399 1027 etiam
1423 984 1513 1042 ipse

135 1067 279 1101 tamen
300 1056 568 1111 Genethlius,
600 1057 633 1100 si
655 1058 699 1100 in
729 1072 877 1100 corum
903 1071 1054 1099 manus
1077 1055 1296 1098 incidisset
1320 1054 1511 1113 rebapti-

135 1127 297 1172 zandus
320 1137 580 1171 censeretur.
609 1130 663 1171 Et
685 1128 778 1170 haec
795 1129 881 1187 jam
908 1136 1068 1170 stantes
1086 1126 1390 1185 loquebamur,
1412 1125 1515 1185 quia

133 1199 388 1243 discedendi
406 1209 575 1259 tempus
597 1209 784 1258 urgeret.
802 1199 866 1242 lbi
890 1198 1017 1257 plane
1034 1196 1124 1241 illle
1148 1213 1274 1241 senex
1293 1197 1516 1256 dixit,jam

136 1269 318 1314 formam
342 1286 430 1315 esse
453 1271 626 1325 factam,
654 1279 703 1314 ut
720 1270 913 1330 quisquis
932 1268 985 1313 ad
1008 1285 1078 1313 eos
1108 1267 1302 1312 fidelium
1339 1285 1362 1312 a
1395 1268 1520 1312 nobis

136 1344 320 1398 venerit,
353 1342 611 1401 baptizetur,
648 1342 766 1402 quod
801 1357 899 1386 eum
934 1342 1119 1384 invitum
1153 1350 1195 1384 et
1232 1355 1331 1385 cum
1373 1339 1523 1383 dolore

135 1414 268 1457 animi
304 1413 472 1469 dicere,
511 1424 725 1474 quantum
757 1422 949 1473 poterat,
987 1413 1239 1472 apparebat.
1278 1414 1389 1456 Sanc
1423 1427 1523 1455 cum

132 1485 262 1529 etiam
285 1485 374 1544 ipse
396 1484 532 1530 multa
556 1485 667 1530 mala
690 1500 865 1530 suorum
887 1485 1151 1545 apertissime
1167 1493 1371 1543 gemeret,
1388 1492 1518 1542 atque

133 1556 397 1611 ostenderet,
419 1558 538 1617 quod
560 1559 689 1601 totius
714 1556 894 1601 civitatis
918 1557 1008 1614 ejus
1031 1554 1277 1598 testimonio
1299 1553 1517 1613 probaba-

130 1638 218 1682 tur,
239 1644 367 1688 quam
390 1637 499 1672 esset
521 1638 710 1672 remotus
741 1644 762 1672 a
788 1626 944 1671 talibus
963 1625 1100 1680 sactis,
1126 1634 1168 1668 et
1195 1641 1292 1684 quae
1312 1626 1410 1684 ipsis
1427 1625 1514 1668 suis

131 1697 271 1743 dicere
308 1698 441 1744 soleat
482 1702 676 1744 modesta
712 1698 1021 1758 conquestione
1061 1696 1304 1756 proferret,
1349 1711 1514 1756 nosque

132 1785 566 1814 commemoraremus
594 1770 703 1813 illud
731 1769 966 1813 Ezechielis
992 1768 1237 1827 prophetae,
1261 1767 1336 1810 ubi
1370 1776 1518 1826 aperte

132 1840 339 1899 scriptum
366 1850 448 1895 est,
486 1857 564 1884 nec
589 1841 662 1884 filii
695 1840 866 1899 culpam
897 1839 1035 1899 patri,
1061 1854 1140 1881 nec
1174 1838 1305 1897 patris
1339 1836 1514 1897 culpam

134 1911 222 1955 filio
246 1914 335 1972 ejus
358 1913 765 1972 imputandam,ubi
783 1912 946 1956 dictum
967 1921 1050 1955 est:
1068 1911 1219 1954 «Sicut
1238 1910 1352 1953 enim
1377 1910 1518 1953 anima

135 2002 155 2024 ³)
182 1984 313 2042 patris
337 2000 430 2028 mea
459 1994 536 2038 est,
570 1985 629 2028 ita
657 1993 698 2027 et
729 1984 870 2028 anima
903 1982 978 2026 filii
1008 1998 1099 2025 mea
1123 1991 1201 2036 est,
1230 1982 1372 2025 anima
1402 1981 1517 2024 enim

136 2072 156 2095 »
181 2070 470 2115 quaecumque
493 2056 750 2115 peccaverit,
771 2053 859 2098 sola
885 2054 1091 2098 morietur
1106 2054 1137 2107 ¹,
1154 2070 1173 2093 »
1200 2051 1363 2111 placuit
1381 2052 1517 2095 omni-

133 2125 215 2168 bus
243 2126 288 2169 in
330 2116 487 2169 talibus
520 2126 886 2185 disputationibus
925 2125 1111 2168 violenta
1149 2124 1263 2167 facta
1299 2122 1514 2166 malorum

131 2196 358 2240 hominum
383 2197 506 2240 nobis
525 2197 580 2240 ab
601 2197 783 2241 invicem
808 2196 939 2255 objici
953 2212 1040 2239 non
1054 2195 1228 2238 debere.
1249 2193 1517 2238 Remanebat

132 2281 236 2325 ergo
267 2267 503 2311 schismatis
526 2269 721 2326 quaestio.
760 2270 912 2327 Itaque
944 2267 1102 2310 hortati
1131 2281 1230 2309 eum
1264 2280 1428 2319 sumus,
1466 2274 1516 2309 ut

132 2338 262 2382 etiam
286 2347 415 2398 atque
440 2338 567 2381 etiam
590 2338 760 2398 placido
784 2349 914 2398 atque
945 2346 1098 2397 pacato
1121 2337 1262 2381 animo
1291 2336 1512 2380 annitatur

133 2409 375 2462 nobiscum,
401 2418 451 2452 ut
472 2409 670 2468 diligenti
692 2408 1005 2453 examinatione
1036 2418 1155 2451 tanta
1178 2407 1399 2468 inquisitio
1427 2415 1512 2450 ter·

134 2480 300 2523 minum
327 2490 481 2524 sumat.
521 2481 602 2524 Ubi
626 2479 696 2524 ille
732 2480 917 2538 benigne
946 2495 1044 2523 cum
1069 2479 1245 2532 diceret,
1272 2494 1349 2523 nos
1373 2477 1513 2522 solum

137 2550 215 2594 ista
243 2566 452 2609 quaerere,
489 2549 605 2595 nolle
629 2561 772 2596 autem
805 2560 971 2595 nostros
1006 2550 1098 2594 haec
1141 2549 1296 2609 quaeri:
1324 2564 1373 2593 ea
1400 2547 1513 2593 facta

183 2654 193 2671 ¹
215 2645 327 2679 Ezech,
353 2659 443 2679 xvrn.
465 2659 515 2680 20.
