1790 3187
338 232 392 271 36
760 244 790 267 s.
831 242 1056 270 ‘uitiosum
1092 244 1268 270 eviscovi

337 308 542 367 plandum
568 307 729 352 eoelum
753 308 806 350 sit
827 308 989 366 aptius,
1016 309 1148 366 magis
1166 309 1209 352 in
1233 309 1313 353 hoe
1338 308 1391 352 ad
1419 309 1647 367 imaginem
1671 318 1714 354 et

335 378 665 423 similitudinem
688 378 788 432 Dei,
817 394 948 436 quam
972 389 1127 423 caetera
1148 394 1328 438 corpora
1351 380 1598 423 animalium
1625 379 1715 424 fae·
1752 397 1755 399 ·

336 459 431 494 tum
458 451 558 509 jure
580 448 715 493 videri
744 457 899 507 potest.
928 452 1091 494 Tamen
1118 450 1218 510 quia
1242 451 1373 494 homo
1399 450 1490 493 sine
1516 451 1602 495 vita
1626 466 1714 495 non

333 531 449 567 recte
469 520 735 581 appellatur-3
756 535 843 565 non
863 536 1019 579 corpus
1036 521 1176 566 solum
1193 522 1323 566 homo
1341 522 1525 565 exterior
1541 556 1551 575 ,
1572 537 1715 581 neque

332 592 421 638 sola
446 593 532 637 vita
565 608 664 652 quae
687 592 730 635 in
754 606 881 635 sensu
904 601 967 636 est
988 593 1180 652 corporis
1195 627 1205 647 ‚
1230 592 1305 636 sed
1327 601 1564 653 utrumque
1584 593 1714 637 simul

330 665 488 710 rectius
512 664 689 707 fortasse
707 662 977 720 intelligitur.
1773 655 1775 663 ’

390 740 432 777 4⁰
463 736 614 793 Neque
636 733 788 777 inscite
810 731 1122 792 distinguitur,
1148 732 1267 793 quod
1291 733 1410 778 aliud
1438 735 1491 778 sit
1512 735 1655 792 imago
1674 743 1716 779 et

327 803 567 851 similitudo
590 804 666 847 Dei
682 806 693 829 ¹
711 838 724 859 ,
751 805 824 864 qui
850 805 977 848 etiam
1002 803 1137 848 Filius
1167 804 1355 861 dicitur3
1383 803 1499 848 aliud
1526 805 1580 849 ad
1605 805 1715 849 ima·

325 879 468 936 ginem
494 885 537 920 et
558 874 886 919 similitudinem
919 876 1022 930 Dei,
1050 876 1160 920 sicut
1189 876 1413 920 hominem
1447 875 1611 920 factum
1645 892 1717 921 ac-
1771 918 1773 939 =

326 948 524 1006 cipimus.
550 948 659 992 Sunt
681 947 809 990 etiam
833 947 1015 1006 quinon
1036 947 1194 991 frustra
1218 946 1462 1005 intelligant
1492 945 1580 991 duo
1601 946 1716 992 dieta

325 1034 414 1063 esse
436 1019 490 1062 ad
511 1018 746 1077 imaginem
765 1027 807 1062 et
828 1018 1156 1063 similitudinem
1184 1037 1191 1062 :
1214 1034 1313 1063 cum
1331 1018 1365 1062 si
1388 1033 1473 1061 una
1493 1034 1559 1062 res
1577 1027 1712 1071 esset,

324 1105 462 1134 unum
487 1104 647 1134 nomen
677 1089 876 1133 sufficere
903 1090 1092 1148 potuisse
1124 1099 1333 1133 asserunt.
1370 1089 1454 1133 Sed
1477 1088 1531 1132 ad
1558 1088 1714 1148 imagi-

322 1175 421 1204 nem
446 1170 635 1204 mentem
670 1159 826 1204 factam
850 1159 1005 1204 volunt
1021 1195 1031 1214 ‚
1064 1176 1163 1219 quae
1187 1158 1306 1203 nulla
1332 1159 1585 1218 interposita
1608 1160 1716 1203 sub·

321 1231 479 1275 stantia
501 1230 554 1272 ab
574 1230 667 1288 ipsa
688 1231 867 1273 veritate
893 1229 1106 1274 formatur
1125 1265 1135 1283 ‚
1162 1230 1238 1288 qui
1259 1229 1388 1273 etiam
1410 1230 1584 1288 spiritus
1608 1230 1716 1274 dici-

325 1311 394 1345 tur
417 1321 425 1346 :
451 1316 539 1344 non
557 1300 630 1343 ille
651 1300 833 1358 Spiritus
850 1300 1035 1354 sanetus,¹
1056 1302 1130 1360 qui
1150 1310 1214 1344 est
1230 1300 1426 1359 ejusdem
1442 1301 1712 1357 substantiae,
1766 1307 1769 1363 g

323 1373 446 1432 cujus
469 1380 512 1414 et
532 1374 659 1415 Pater
682 1379 725 1415 et
742 1369 898 1424 Filius,
920 1369 994 1413 sed
1015 1370 1190 1429 spiritus
1209 1370 1411 1415 hominis.
1434 1373 1541 1416 Nam
1561 1372 1620 1415 ita
1638 1373 1715 1416 hos
1766 1364 1768 1372 ¹

323 1442 527 1487 discernit
551 1440 781 1500 Apostolus
804 1459 812 1485 :
843 1460 862 1483 «
884 1443 1022 1486 Nemo
1045 1441 1124 1484 scit
1146 1442 1253 1501 quid
1277 1450 1428 1499 agatur
1445 1442 1488 1484 in
1508 1443 1685 1486 homine
1701 1478 1711 1497 ‚
1765 1490 1767 1500 ⁴

327 1533 347 1556 >›
374 1513 455 1557 nisi
477 1512 651 1573 spiritus
674 1512 890 1569 hominis3
912 1521 955 1556 et
975 1527 1104 1556 nemo
1128 1513 1206 1556 scit
1228 1512 1336 1572 quid
1359 1522 1510 1570 agatur
1529 1513 1574 1556 in
1596 1516 1684 1558 Deo
1701 1549 1711 1569 ‚
1764 1546 1766 1567 Ξ

328 1609 348 1632 »
376 1590 455 1634 nisi
479 1589 661 1648 Spiritus
684 1588 775 1632 Dei.
801 1606 820 1629 »
845 1591 953 1632 Item
972 1587 1026 1631 de
1048 1588 1200 1648 spiritu
1219 1589 1404 1632 hominis
1422 1588 1527 1633 dicit
1549 1608 1557 1633 :
1582 1608 1600 1631 «
1620 1590 1715 1635 Sal-
1764 1586 1766 1607 ³

329 1681 350 1704 »
376 1677 478 1706 vum
501 1660 631 1706 faciat
654 1660 852 1719 spiritum
875 1669 1092 1715 vestrum⁷
1121 1670 1163 1704 et
1188 1661 1372 1704 animam
1397 1669 1438 1704 et
1464 1665 1660 1720 eorpus2.
1690 1681 1710 1702 n
1764 1681 1765 1687 κ

327 1736 385 1778 Et
407 1733 486 1776 iste
516 1732 630 1775 enim
658 1730 799 1775 sactus
824 1739 887 1774 est
911 1747 933 1774 a
960 1733 1049 1775 Deo
1066 1766 1075 1784 ‚
1104 1731 1213 1774 sicut
1244 1740 1287 1775 et
1318 1739 1472 1775 caetera
1497 1741 1709 1777 creatura.
1762 1731 1765 1752 ²

331 1803 546 1862 Scriptum
571 1810 633 1845 est
656 1801 769 1845 enim
794 1801 837 1844 in
857 1801 1098 1845 Proverbiis
1119 1802 1203 1845 hoe
1226 1800 1358 1845 modo
1386 1821 1394 1846 ε
1424 1821 1442 1843 (ι
1463 1802 1580 1847 Scito
1601 1820 1712 1862 quo-

334 1896 351 1916 »
378 1875 492 1918 niam
511 1874 720 1917 Dominus
743 1871 872 1916 corda
897 1872 1125 1916 hominum
1150 1873 1298 1928 novit,
1318 1882 1360 1916 et
1383 1873 1457 1933 qui
1477 1873 1602 1918 finxit
1624 1875 1713 1934 spi·
1760 1902 1763 1939 J

332 1966 352 1989 »
379 1946 511 1989 ritum
534 1943 758 1998 omnibus,
781 1944 870 2003 ipse
892 1943 969 1987 seit
990 1943 1133 1987 omnia
1148 1944 1178 1986 ³.
1205 1962 1223 1984 »
1247 1945 1453 2001 Ergoiste
1468 1945 1639 2003 spiritus
1661 1946 1713 1989 ad
1760 1947 1762 1995 ζ

328 2017 561 2075 imaginem
585 2015 661 2058 Dei
680 2012 802 2057 nullo
820 2013 1050 2057 dubitante
1071 2013 1208 2058 sactus
1231 2014 1460 2074 accipitur,
1483 2015 1525 2059 in
1545 2032 1634 2076 quo
1652 2026 1714 2061 est
1759 1999 1761 2029 ¹

330 2087 614 2146 intelligentia
637 2086 827 2130 veritatis
854 2104 861 2129 :
887 2085 1022 2128 haeret
1045 2086 1158 2128 enim
1182 2086 1351 2130 veritati
1375 2085 1493 2129 nulla
1517 2087 1712 2147 interpo-
1758 2079 1760 2106 ¹

329 2160 407 2204 sita
442 2166 652 2202 creatura.
688 2157 851 2201 Caetera
876 2156 1062 2200 hominis
1086 2155 1140 2200 ad
1162 2156 1489 2200 similitudinem
1514 2156 1625 2202 facta
1649 2159 1714 2203 vi-

329 2231 421 2275 deri
442 2229 597 2274 volunt
625 2247 632 2272 :
662 2228 763 2287 quia
788 2227 927 2271 omnis
954 2228 1132 2287 quidem
1156 2227 1297 2285 imago
1331 2228 1478 2272 similis
1500 2238 1588 2284 est,
1623 2245 1710 2274 non

329 2312 472 2347 autem
491 2316 619 2345 omne
634 2300 752 2360 quod
766 2299 902 2344 simile
918 2308 995 2354 est,
1009 2299 1135 2343 etiam
1152 2300 1294 2358 imago
1307 2300 1496 2359 proprie,
1510 2299 1583 2344 sed
1598 2300 1712 2345 forte

328 2372 502 2419 abusive
517 2372 600 2416 dici
615 2380 771 2431 potest.
796 2370 877 2416 Sed
894 2371 1136 2415 cavendum
1153 2372 1194 2414 in
1211 2371 1369 2415 talibus
1397 2387 1449 2414 ne
1465 2370 1570 2431 quid
1586 2372 1710 2415 nimis
1756 2402 1757 2407 η

328 2442 657 2489 asseverandum
674 2449 868 2501 putetur,
884 2441 957 2487 illa
971 2456 1016 2485 re
1031 2456 1132 2486 sane
1148 2441 1378 2486 salubriter
1396 2440 1610 2485 custodita
1623 2476 1634 2496 ‚
1655 2457 1710 2486 ne

374 2551 382 2568 ¹
404 2546 481 2578 Vide
498 2544 552 2576 lib.
575 2545 674 2577 vnde
692 2544 804 2577 Trinit.
824 2555 897 2588 cap.
922 2543 1096 2577 ultimo‚--
1113 2550 1124 2566 ²
1152 2555 1160 2575 ι
1186 2546 1258 2577 Cor.
1280 2555 1313 2584 n,
1340 2554 1368 2581 1,
1390 2547 1421 2575 et
1441 2555 1449 2575 1
1469 2543 1578 2575 Thess.
1596 2553 1628 2584 v,
1652 2544 1708 2575 23.
1753 2550 1755 2562 ·

327 2600 393 2627 -3
418 2604 506 2634 Prov-
531 2614 595 2640 xvi,
617 2610 647 2633 ’2-
