1790 3187
332 167 384 193 niz
417 167 793 204 mvssusrsQi'AEs'r.
829 168 978 194 oc'roa.
1014 167 1178 194 Turnus.
1238 163 1247 166 “
1365 156 1446 194 127

69 233 141 277 sed
163 241 304 276 tamen
326 246 616 291 quaecumque
632 231 693 275 ibi
715 231 950 287 invenitur,
975 232 1030 275 ab
1049 230 1121 275 issa
1143 231 1350 290 sapientia
1372 247 1448 290 per

70 302 237 347 artificis
262 317 436 345 manum
467 302 697 361 trajicitur,
724 317 823 360 quae
857 302 996 361 ipsum
1020 317 1175 361 corpus
1205 302 1447 345 humanum

70 371 318 417 naturaliter
349 370 543 416 fabricat.
574 374 660 416 Nec
679 370 778 416 ideo
803 381 946 416 tamen
972 388 1049 432 pro
1076 387 1234 431 magno
1257 370 1448 415 habendi

66 453 180 498 sunt,
203 443 277 504 qui
299 442 397 487 talia
419 458 548 503 opera
571 441 803 497 fabricant,
829 453 903 487 aut
926 443 1116 502 diligunt
1140 462 1148 486 :
1176 443 1277 503 quia
1303 443 1447 486 mino—

66 515 184 560 ribus
217 516 344 559 rebus
367 515 532 559 intenta
566 514 707 559 anima
723 550 734 570 ‚
760 512 1447 577 quasffrffc‘Oqusxcorporaliter

64 586 182 641 facit,
204 586 344 630 minus
367 587 547 630 inhaeret
565 587 643 646 ipsi
662 602 842 630 summae
860 586 1097 646 sapientiae,
1119 584 1237 630 unde
1254 585 1351 629 istas
1370 600 1447 644 po-

62 658 215 702 tentias
238 657 368 702 habet
384 677 391 702 :
409 658 570 718 quibus
592 657 704 702 male
727 658 879 710 utitur,
906 657 1011 701 dum
1032 656 1135 701 foris
1157 671 1227 700 eas
1248 665 1442 700 exercet:

62 727 131 773 illa
150 728 278 781 enim,
301 729 345 772 in
365 729 524 789 quibus
540 745 608 773 eas
624 737 794 773 exercet
812 728 1012 786 diligens,
1031 729 1280 772 interiorem
1296 741 1446 770 earum

63 799 241 844 formam
257 800 455 844 stabilem
472 800 668 860 negligit,
683 810 725 844 et
738 800 906 844 inanior
923 798 1224 858 infirmiorque
1238 797 1441 842 efficitur.

61 870 142 924 Qui
170 886 271 914 vero
289 871 389 914 talia
411 887 541 930 opera
568 872 697 915 etiam
722 870 976 923 coluerunt,
1004 879 1221 928 quantum
1245 867 1446 912 deviave-

60 941 144 985 rint
161 958 183 986 a
212 943 404 997 veritate,
429 943 531 987 hinc
554 942 739 1002 intelligi
764 942 1017 1002 potestquia
1037 940 1069 984 si
1086 940 1175 999 ipsa
1192 938 1445 983 animalium

57 1028 233 1072 corpora
255 1014 458 1068 coierint,
491 1030 590 1075 quaa
610 1013 750 1058 multo
778 1011 1058 1058 excellentius
1082 1011 1289 1054 fabricata
1312 1019 1442 1066 sunt,

56 1092 98 1128 et
118 1099 303 1144 quorum
325 1094 426 1129 sunt
447 1084 519 1129 illa
543 1086 812 1130 imitamenta
836 1084 942 1144 quid
961 1084 1019 1127 eis
1041 1081 1258 1126 infelicius
1274 1081 1444 1126 dicere—

57 1169 150 1199 mus
164 1156 182 1199 P

113 1222 308 1279 Qiffisno
340 1228 539 1271 LXXIX.
567 1254 620 1260 -
646 1228 704 1271 10.
740 1226 891 1270 Omnis
922 1224 1063 1269 anima
1097 1224 1253 1283 partim
1286 1223 1444 1282 privati

54 1298 274 1357 cujusdam
304 1298 411 1357 juris
439 1298 505 1341 sui
532 1307 789 1358 potestatem
815 1297 940 1356 gerit,
972 1296 1127 1355 partim
1153 1295 1444 1339 universitatis

53 1367 219 1427 legibus
240 1369 350 1413 sicut
371 1369 552 1428 publicis
568 1373 792 1414 coercetur
814 1378 856 1411 et
878 1367 1055 1425 regitur.
1082 1366 1194 1419 Quia
1217 1381 1320 1424 ergo
1338 1381 1443 1410 una·

56 1455 239 1500 quaeque
259 1455 323 1484 res
344 1441 519 1484 visibilis
534 1442 575 1484 in
600 1441 683 1484 hoc
702 1438 866 1483 mundo
880 1438 1011 1481 habet
1035 1445 1291 1496 potestatem
1311 1452 1442 1495 ange-

55 1508 177 1554 licam
210 1511 289 1554 sibi
309 1512 597 1571 praepositam,
615 1511 726 1555 sicut
744 1509 909 1570 aliquot
929 1508 1034 1552 locis
1056 1507 1200 1551 divina
1222 1507 1443 1565 Scriptura

55 1583 274 1636 testatur¹‚
301 1582 355 1625 de
382 1598 431 1625 ea
454 1598 498 1625 re
519 1582 588 1626 cui
613 1580 839 1642 praeposita
864 1588 949 1632 est,
976 1579 1100 1622 aliter
1121 1578 1244 1637 quasi
1273 1577 1442 1637 privato

50 1651 146 1710 jure
168 1653 270 1710 agit,
292 1652 414 1697 aliter
436 1662 641 1713 tanquam
663 1650 834 1712 publice
858 1666 984 1710 agere
1007 1649 1193 1708 cogitur.
1218 1648 1441 1693 Potentior

53 1730 117 1766 est
137 1722 249 1765 enim
275 1732 394 1782 parte
410 1723 689 1779 universitas3
710 1723 919 1782 quoniam
942 1719 1049 1764 illud
1075 1719 1195 1779 quod
1218 1719 1280 1763 ibi
1304 1719 1442 1778 priva-

51 1793 127 1837 tim
154 1795 255 1852 agit,
281 1803 450 1839 tantum
474 1810 599 1853 agere
621 1794 792 1847 sinitur,
819 1802 1035 1854 quantum
1058 1791 1126 1835 lex
1149 1790 1440 1835 universitatis

52 1865 166 1908 sinit.
195 1865 278 1910 Sed
300 1881 576 1927 unaquaeque
598 1866 740 1909 anima
769 1874 889 1908 tanto
921 1874 982 1908 est
1006 1864 1165 1922 pietate
1197 1862 1436 1921 purgatior,

52 1945 216 1996 quanto
239 1931 405 1996 privato
429 1953 508 1981 suo
536 1936 678 1980 minus
713 1935 947 1989 delectata,
978 1934 1119 1993 legem
1147 1933 1440 1977 universitatis

50 2005 257 2060 intuetui
284 2007 411 2067 cique
434 2007 590 2051 devote
619 2023 667 2051 ac
695 2006 883 2049 libentei
909 2005 1197 2064 obtempeiffat
1225 2006 1301 2047 Est
1324 2003 1439 2046 enim

51 2075 119 2121 lex
142 2078 429 2122 universitatis
461 2077 606 2122 divina
629 2077 853 2137 sapientia.
883 2079 1058 2130 Quanto
1083 2085 1228 2119 autem
1254 2072 1439 2133 amplius

53 2147 217 2208 privato
239 2165 316 2193 suo
339 2148 517 2207 gaudet,
544 2158 587 2193 et
608 2148 807 2207 neglecto
832 2151 936 2201 Deo,
962 2147 1036 2206 qui
1059 2146 1261 2191 omnibus
1284 2144 1439 2189 animis

53 2218 214 2263 utiliter
236 2236 284 2265 ac
306 2219 535 2265 salubriter
558 2220 785 2281 praesidet,
810 2222 899 2279 ipsa
932 2219 1041 2273 sibi,
1068 2218 1137 2262 vel
1166 2217 1257 2261 aliis
1280 2216 1440 2276 quibus

54 2291 257 2350 potuerit,
275 2291 370 2336 vult
387 2307 477 2336 esse
499 2306 578 2351 pro
599 2294 708 2346 Deo
733 2306 852 2335 suam
874 2290 1016 2349 potius
1033 2291 1074 2332 in
1099 2304 1143 2332 se
1155 2287 1252 2332 vel
1243 2303 1287 2331 1n
1308 2280 1435 2342 alios,

55 2376 181 2420 quam
199 2361 333 2406 illius
323 2378 367 2406 1n
391 2378 538 2406 omnes
561 2361 742 2420 diligens
761 2369 1044 2421 potestatem,
1070 2368 1193 2403 tanto
1212 2367 1275 2402 est
1297 2357 1438 2401 sordi-

54 2430 168 2490 dior,
191 2443 397 2495 tantoque
417 2434 552 2493 magis
575 2396 806 2494 poebnaliter
829 2431 986 2476 divinis
1007 2430 1175 2490 legibus
1191 2465 1201 2484 ‚
1228 2438 1438 2489 tanquam

78 2524 84 2530 “
103 2522 111 2538 ¹
134 2518 229 2550 Exod.
249 2528 301 2555 vn,
327 2529 373 2550 ιι,
