1790 3187
369 221 422 248 DE
454 221 557 248 oeTo
589 220 779 248 DULct'ru
811 221 1138 257 QUAESTIONIBUS.
1361 210 1445 251 245

63 291 188 336 nissae
208 287 443 332 ministerio
466 295 763 345 praesentatam
785 287 1026 332 existimare
1043 288 1218 345 debere,
1233 289 1448 349 neinqui·

63 359 291 405 sitionibus
325 357 672 414 diligentioribus
714 359 1067 415 praescribamus,
1106 376 1199 404 mea
1236 361 1449 418 posterior

63 429 283 490 inquisitio
305 427 555 482 declaravit,
573 427 751 488 quando
770 429 913 486 inveni
934 430 977 473 in
998 429 1110 474 libro
1125 429 1445 485 Ecclesiastico,

62 501 138 546 ubi
161 510 301 560 patres
318 499 553 543 laudantur
566 515 615 542 ex
633 499 800 554 ordine,
818 501 957 559 ipsum
982 500 1222 545 Samuelem
1247 499 1449 546 sicluisse

62 572 304 625 laudatum,
331 581 379 614 ut
402 572 679 630 prophetasse
701 572 830 615 etiam
855 582 1053 617 mortuus
1076 572 1333 617 diceretur¹.
1363 574 1449 618 Sed

63 643 96 689 si
119 654 160 687 et
183 644 283 687 huic
309 643 420 686 libro
443 658 492 686 ex
523 643 831 693 Hebraeorum,
858 645 960 704 quia
989 646 1033 688 in
1064 660 1214 689 eorum
1247 661 1337 689 non
1366 654 1446 700 est,

62 730 229 760 canone
251 713 565 758 contradicitur
592 734 600 759 :
627 714 733 773 quid
757 714 812 758 de
829 717 980 773 Moyse
1005 714 1164 759 dicturi
1186 731 1352 770 sumus,
1373 716 1450 775 qui

61 797 178 831 certe
200 795 242 829 et
263 786 308 829 in
336 785 671 829 Deuteronomio
695 790 935 841 mortuus‘2,
956 796 999 830 et
1022 787 1065 831 in
1089 786 1327 844 Evangelio
1349 801 1452 831 cum

61 858 154 902 Elia
179 857 254 916 qui
280 866 475 900 mortuus
494 873 581 900 non
602 858 706 908 est3,
732 856 893 915 legitur
912 858 1161 916 apparuisse
1176 857 1452 902 viventibus?

120 931 496 982 Qt'AEST10VII.-—
523 930 580 971 10.
601 927 789 987 Septima
816 937 889 971 tua
915 929 1149 987 propositio
1173 937 1237 981 est
1258 947 1267 973 ι
1291 947 1309 969 «
1333 930 1452 981 Qua-

59 999 156 1044 liter
171 999 522 1043 satisfaciendum
542 1000 683 1052 siteis‚
702 1000 776 1059 qui
801 998 953 1043 dicunt
969 1001 1116 1045 Saram
1139 1009 1337 1059 stuprum
1362 1015 1452 1044 non

60 1070 287 1128 effugisse,
331 1086 430 1115 cum
474 1071 622 1115 dicant
658 1070 910 1116 Abimeleeh
948 1071 1003 1115 ab
1038 1072 1128 1132 ejus
1162 1071 1452 1116 conventione

60 1142 227 1187 somnio
251 1157 341 1186 esse
379 1152 658 1198 revocatum,
697 1151 740 1186 ct
772 1143 1014 1186 immissum
1042 1143 1086 1186 in
1118 1144 1210 1203 ejus
1246 1142 1450 1202 copulam

59 1215 328 1259 Pharaonem
353 1214 384 1256 4.
413 1232 433 1254 »

118 1286 179 1328 20.
215 1284 447 1338 Quomodo
476 1284 623 1328 dicant
656 1285 891 1328 immissum
914 1284 960 1328 in
988 1285 1079 1344 ejus
1107 1284 1310 1344 copulam
1337 1286 1452 1330 Pha-

59 1371 236 1400 raonem
255 1391 265 1409 ,
294 1372 382 1400 non
413 1356 541 1400 video
567 1378 577 1414 3
600 1371 698 1400 cum
729 1356 888 1400 adhoc
919 1356 1190 1399 credendum
1228 1356 1450 1416 Scriptura

58 1442 146 1471 non
166 1437 306 1486 cogat.
342 1417 657 1486 Accepit‘cnim
682 1443 775 1471 eam
804 1428 980 1487 quidem
1001 1427 1044 1470 in
1077 1442 1280 1483 uxorem,
1308 1427 1449 1472 conti·

57 1514 234 1558 nuoque
256 1498 418 1543 ditatus
441 1508 504 1542 est
525 1500 746 1543 Abraham
780 1498 926 1542 multis
955 1499 1265 1558 AEgyptiorum
1291 1514 1448 1543 mune-

56 1569 175 1614 ribus
197 1581 374 1630 propter
401 1569 519 1614 illam
543 1590 553 1616 z
588 1570 662 1614 sed
682 1586 769 1614 non
794 1569 1001 1629 scriptum
1025 1579 1104 1622 est,
1134 1569 1252 1630 quod
1271 1585 1370 1614 cum
1397 1586 1446 1615 ea

56 1642 222 1686 Pharao
255 1642 501 1696 dormierit,
529 1642 657 1702 eique
693 1641 932 1700 permixtus
959 1640 1047 1698 sit3
1083 1641 1292 1700 quoniam
1333 1644 1447 1685 Deus

55 1727 152 1757 eum
179 1713 326 1758 multis
355 1715 611 1774 magnisque
633 1713 830 1757 cladibus
865 1711 1100 1771 affligendo
1117 1712 1160 1756 id
1189 1711 1331 1756 facere
1356 1728 1446 1757 non

53 1786 262 1844 permisit.
294 1788 391 1829 Non
427 1786 540 1829 enim
572 1785 741 1844 placitae
775 1784 947 1842 regibus
984 1783 1038 1827 ad
1072 1784 1327 1844 conjugium
1359 1783 1445 1828 foe-

5 1879 7 1883 ·
52 1858 183 1900 minae
213 1873 313 1901 mox
334 1857 461 1901 etiam
486 1873 615 1901 carne
643 1857 979 1916 copulabantur.
1004 1855 1088 1901 Sed
1125 1859 1235 1900 sicut
1259 1856 1445 1915 legimus

0 1932 2 1990 ζ
52 1928 98 1972 ln
118 1927 248 1983 libro,
275 1930 349 1988 qui
373 1937 642 1988 praenotatur
665 1929 836 1980 Esther,
856 1944 933 1988 per
955 1927 1122 1988 aliquot
1145 1944 1328 1983 menses,
1354 1929 1443 1974 imo

52 2013 128 2059 per
147 2009 285 2045 totum
307 2015 469 2043 annum
492 2002 523 2055 ⁵,
551 1999 802 2058 unguentis,
829 2000 1077 2059 pigmentis,
1099 2002 1300 2044 aromatis
1320 2016 1444 2045 accu-

52 2070 259 2114 rabantur
282 2086 429 2114 earum
453 2087 651 2130 corpora,
675 2071 929 2131 priusquam
951 2071 1122 2130 corpori
1150 2071 1268 2129 regio
1285 2071 1441 2116 misce-

42 2145 317 2186 ¹rentur.Hoc
341 2158 442 2201 ergo
475 2143 614 2202 spatio
646 2141 760 2187 facta
783 2152 886 2187 sunt
907 2142 980 2187 illa
1008 2159 1107 2204 quae
1130 2143 1289 2203 scripta
1317 2153 1437 2200 sunt,

53 2210 190 2257 donec
228 2214 395 2257 Pharao
424 2214 637 2258 contritus
666 2224 710 2259 et
742 2214 968 2259 exterritus
1000 2217 1157 2259 marito
1186 2214 1441 2259 restituisset

53 2298 243 2328 uxorem.
271 2284 526 2329 Abimelech
562 2295 707 2329 autern
730 2287 939 2347 quoniam
968 2286 1136 2330 somnio
1164 2294 1229 2329 est
1259 2285 1315 2329 ab
1348 2286 1440 2345 ejus

53 2355 358 2400 commixtione
395 2356 640 2416 prohibitus
659 2392 669 2412 ,
703 2357 802 2401 ideo
835 2357 912 2417 qui
943 2358 1091 2401 Saram
1118 2365 1319 2415 stuprum
1348 2371 1438 2400 non

53 2424 204 2470 vitasse
225 2428 527 2484 contendunt,
554 2437 712 2487 putant
735 2428 887 2488 utique
910 2442 1077 2485 regem,
1103 2437 1151 2472 ut
1179 2427 1435 2482 somniaret,

98 2535 106 2551 ¹
125 2527 222 2562 Eccli.
241 2540 338 2570 nvn,
367 2532 420 2563 23.
438 2538 504 2554 —2
533 2534 628 2563 Deut.
653 2542 762 2569 xxxiv,
792 2532 823 2564 5.
837 2550 878 2556 ——
897 2530 910 2555 3
930 2532 1064 2565 Matth..
1097 2543 1176 2574 xvir,
1206 2532 1236 2564 3.
1252 2549 1292 2555 —-
1307 2530 1323 2561 4
1352 2533 1434 2563 Gen.

54 2595 104 2622 xx,
122 2595 154 2623 2,
177 2590 210 2617 et
227 2597 282 2625 xu,
304 2586 355 2618 15.
373 2584 439 2610 -5
459 2586 584 2628 Esther,
607 2599 644 2628 n,
663 2597 718 2620 21.

1122 2669 1133 2688 t
