1790 3187
592 193 787 220 zrrsroLA
822 192 882 219 lx.
1341 184 1421 221 273

0 263 4 290 Ξ
41 257 111 300 nia
150 274 159 300 ε
195 264 325 315 atque
357 254 403 298 id
441 255 491 298 fit
529 255 632 299 mira
672 255 890 300 facilitate.
939 258 981 301 Si
1023 258 1139 301 enim
1174 267 1418 302 nostrorum

0 335 4 363 i
40 339 270 383 corporum
302 333 573 368 terrenorum
612 333 655 368 et
687 324 1028 370 tardissimorum
1057 326 1382 371 exercitationes
1410 362 1421 381 ‚

0 391 3 433 i
41 394 214 454 agendis
234 395 406 453 organis
427 394 626 448 musicis,
662 409 737 438 seu
765 395 809 438 in
837 394 1143 451 funiambulo‚
1172 398 1425 457 caeterisque

0 496 3 513 ,
40 464 285 525 hujusmodi
315 464 569 523 spectaculis
598 465 1018 520 innumerabilibus,
1046 466 1101 510 ad
1127 467 1328 526 quaedam
1357 468 1427 512 in-

0 548 4 575 i
39 535 259 582 credibilia
279 536 521 595 pervenisse
542 536 821 580 manifestum
846 546 937 594 est3
962 553 1236 598 nequaquam
1265 548 1328 582 est
1347 539 1426 582 ab·

0 619 4 646 7
38 605 244 659 surdum,
279 622 351 650 eos
386 606 461 666 qui
490 606 605 650 aerio
640 606 710 649 vel
746 607 936 651 aethereo
965 623 1146 667 corpore
1181 608 1347 668 aliquid
1379 609 1424 652 in

0 700 5 708 ·
37 677 290 736 corporibus
312 686 474 736 agunt²
500 693 599 735 quae
621 676 809 721 naturali
831 677 984 722 ordine
1013 688 1269 737 penetrant,
1294 679 1424 738 longe

37 748 196 806 majore
217 747 282 791 uti
303 747 509 791 facilitate
531 747 585 791 ad
606 749 870 791 movendum
895 747 1110 807 quidquid
1134 748 1313 802 volunt,
1335 765 1423 793 non

0 845 4 852 ·
34 817 321 862 sentientibus
345 818 490 872 nobis,
511 826 555 861 et
577 827 721 861 tamen
746 817 848 861 inde
873 817 1037 877 aliquid
1061 819 1419 876 perpetientibus.

0 907 3 934 i
34 889 184 948 Neque
207 888 321 932 enim
341 889 468 931 etiam
485 887 708 946 quomodo
727 886 836 930 fellis
858 887 1126 930 abundantia
1144 903 1222 932 nos
1238 888 1292 931 ad
1316 889 1421 932 iram

0 988 3 997 ,
34 958 290 1002 crebriorem
307 968 433 1016 cogat
450 958 681 1011 sentimus,
703 966 747 1001 et
763 966 907 1001 tamen
924 959 1061 1016 cogit,
1085 974 1184 1002 cum
1203 959 1296 1003 haec
1313 960 1419 1019 ipsa,

0 1050 3 1077 ;
33 1043 162 1087 quam
186 1028 301 1082 dixi,
326 1027 594 1072 abundantia
613 1026 722 1072 facta
745 1028 797 1072 sit
817 1028 1101 1073 irascentibus
1120 1029 1259 1073 nobis.

0 1106 3 1148 ἰ
91 1099 166 1141 IV.
195 1097 277 1142 Sed
304 1098 385 1142 hoc
408 1107 552 1142 tamen
575 1098 609 1141 si
628 1113 716 1142 non
734 1098 796 1142 vis
812 1097 948 1142 simile
970 1115 993 1142 a
1015 1099 1141 1143 nobis
1160 1109 1421 1158 praetereun-

0 1175 3 1220 Ι
35 1176 98 1212 ter
121 1168 314 1227 accipere
329 1203 340 1223 ‚
364 1183 485 1213 versa
507 1168 552 1212 id
575 1169 839 1227 cogitatione
856 1179 1070 1229 quantum
1096 1180 1232 1229 potes.
1254 1173 1362 1215 Nam
1386 1171 1421 1215 si

0 1272 14 1290 .,
32 1238 175 1283 animo
207 1240 357 1284 existat
385 1239 554 1284 assidue
576 1238 720 1299 aliqua
744 1239 976 1284 difficultas
1008 1240 1163 1299 agendi
1189 1250 1320 1300 atque
1342 1242 1421 1285 im·

0 1335 15 1352 ,2
31 1308 178 1368 plendi
196 1311 315 1370 quod
337 1312 482 1370 cupit,
505 1310 673 1354 assidue
690 1311 900 1355 irascitur.
921 1314 987 1355 Ira
1010 1322 1071 1355 est
1093 1321 1236 1355 autem
1255 1347 1264 1366 ,
1284 1328 1420 1371 quan-

0 1395 15 1432 μ
31 1386 122 1422 turn
141 1395 235 1423 mea
262 1379 344 1423 fert
363 1380 512 1439 opinio
529 1415 540 1435 ,
564 1380 844 1424 turbulentus
867 1382 1084 1440 appetitus
1103 1381 1328 1425 auferendi
1352 1398 1418 1435 ea,

0 1481 2 1503 ι
31 1464 128 1509 quae
160 1448 409 1494 facilitatem
445 1450 625 1494 actionis
661 1450 923 1509 impediunt.
967 1454 1122 1511 Itaque
1160 1452 1420 1512 plerumque

30 1533 118 1563 non
150 1520 401 1565 hominibus
434 1529 636 1575 tantum,
667 1521 743 1564 sed
784 1519 951 1565 calamo
979 1521 1203 1565 irascimur
1237 1523 1282 1566 in
1313 1524 1418 1568 scria

0 1619 2 1644 ξ
29 1589 199 1645 bendo,
225 1606 415 1651 eumque
439 1591 687 1635 collidimus
713 1601 844 1651 atque
862 1591 1124 1649 frangimu33
1145 1602 1187 1636 et
1211 1593 1419 1638 aleatores

0 1699 2 1716 ἰ
29 1663 192 1705 tesseris
210 1697 220 1714 ‚
246 1671 290 1705 et
310 1663 495 1721 pictores
516 1661 718 1720 penicillo
732 1696 742 1716 ‚
769 1672 812 1706 et
831 1663 990 1722 cuique
1006 1664 1296 1709 instrumento
1319 1666 1418 1724 qui-

0 1728 155 1796 “libe‘’
182 1746 232 1774 ex
254 1748 342 1791 quo
370 1731 674 1776 difficultatem
697 1747 741 1775 se
764 1732 853 1791 pati
880 1732 1131 1776 arbitratur.
1160 1736 1250 1778 Hac
1273 1747 1419 1780 autern

29 1801 277 1845 assiduitate
305 1801 515 1846 irascendi
539 1801 599 1845 fel
627 1817 818 1846 crescere
848 1804 976 1846 etiam
1000 1803 1154 1847 medici
1181 1805 1415 1850 affirmant.

30 1871 262 1916 Cremento
277 1881 421 1916 autem
438 1871 548 1916 fellis
565 1888 710 1916 rursus
726 1881 768 1915 et
782 1871 908 1916 facile
923 1889 971 1917 ac
985 1888 1121 1932 prope
1139 1874 1269 1919 nullis
1284 1878 1420 1920 causis

0 1931 310 2005 [existentibus
326 1943 562 1988 irascimur.
592 1946 655 1987 Ita
675 1942 795 2002 quod
818 1958 896 1987 suo
919 1953 1040 1988 motu
1062 1945 1232 1989 animus
1256 1945 1356 1990 fecit
1375 1948 1417 1991 in

0 2045 2 2070 ;
29 2027 207 2071 corpore
223 2048 233 2068 ‚
259 2013 313 2058 ad
337 2029 436 2057 eum
459 2029 605 2058 rursus
627 2015 992 2058 commovendum
1018 2014 1196 2060 valebit.

0 2126 2 2132 ,
87 2085 140 2126 V.
167 2087 349 2128 Possunt
365 2084 570 2128 latissime
591 2085 668 2128 ista
685 2084 878 2138 tractari,
905 2094 947 2128 et
971 2085 1117 2129 multis
1140 2101 1282 2129 rerum
1304 2090 1419 2132 testi-

0 2211 2 2215 7
31 2153 181 2197 mouiis
207 2155 259 2197 ad
282 2156 509 2199 certiorem
526 2154 855 2215 plenioremque
881 2155 1060 2213 perduci
1082 2155 1298 2200 notitiam.
1335 2160 1418 2203 Sed

0 2260 2 2286 ;
32 2222 131 2267 huic
153 2225 346 2283 epistolae
381 2224 571 2285 adjunge
599 2225 713 2269 illam
735 2260 745 2278 ‚
772 2241 901 2285 quam
929 2225 1004 2268 tibi
1030 2240 1170 2284 nuper
1192 2227 1246 2269 de
1266 2227 1420 2286 imagi-

0 2342 1 2347 Ἰ
32 2293 159 2338 nibus
190 2304 232 2339 et
261 2295 316 2339 de
339 2295 547 2340 memoria
580 2296 670 2339 misi
705 2306 749 2339 et
775 2311 869 2339 eam
898 2294 1150 2354 diligentius
1183 2307 1414 2355 pertracta.

0 2412 1 2417 ,
33 2365 135 2410 Nam
158 2366 297 2409 minus
321 2365 448 2425 plene
471 2382 493 2409 a
516 2375 558 2409 te
576 2365 793 2410 intellecta
815 2367 1022 2424 rescripto
1050 2376 1126 2410 tuo
1157 2368 1258 2410 mihi
1283 2384 1416 2429 appa-

0 2434 131 2488 imit.
167 2436 277 2479 Huic
306 2451 406 2492 ergo
429 2451 559 2495 quam
588 2450 706 2478 nunc
727 2435 832 2494 legis
859 2451 956 2479 cum
993 2435 1239 2494 adjunxeris
1269 2439 1323 2482 de
1345 2441 1416 2484 illa

14 2490 147 2563 'quod
170 2504 331 2549 dietum
351 2506 412 2549 ibi
427 2514 488 2549 est
508 2540 518 2559 ‚
545 2506 597 2549 de
621 2505 807 2550 naturali
832 2505 1020 2563 quadam
1054 2506 1256 2550 facultate
1284 2512 1414 2554 animi

217 2584 346 2616 cuv.
1154 2577 1201 2616 18
