<?xml version="1.0" encoding="UTF-8"?>
<!DOCTYPE html PUBLIC "-//W3C//DTD XHTML 1.0 Transitional//EN"
    "http://www.w3.org/TR/xhtml1/DTD/xhtml1-transitional.dtd">
<html xmlns="http://www.w3.org/1999/xhtml" xml:lang="en" lang="en">
 <head>
  <title>
</title>
<meta http-equiv="Content-Type" content="text/html;charset=utf-8" />
  <meta name='ocr-system' content='tesseract 3.04.00' />
  <meta name='ocr-capabilities' content='ocr_page ocr_carea ocr_par ocr_line ocrx_word'/>
</head>
<body>
  <div class='ocr_page' id='page_1' title='image "./operaomniaaccura38auguuoft/operaomniaaccura38auguuoft_0103.png"; bbox 0 0 1790 3187; ppageno 0'>
   <div class='ocr_carea' id='block_1_1' title="bbox 0 259 1417 2447">
    <p class='ocr_par' dir='ltr' id='par_1_1' title="bbox 0 259 1416 1864">
     <span class='ocr_line' id='line_1_1' title="bbox 0 259 1414 350; baseline 0.002 -46"><span class='ocrx_word' id='word_1_1' title='bbox 0 278 3 350; x_wconf 50' lang='lat'><strong><em>⁴</em></strong></span> <span class='ocrx_word' id='word_1_2' title='bbox 31 260 161 305; x_wconf 87' lang='lat' dir='ltr'>habet</span> <span class='ocrx_word' id='word_1_3' title='bbox 188 259 395 319; x_wconf 84' lang='lat' dir='ltr'>primitias</span> <span class='ocrx_word' id='word_1_4' title='bbox 428 259 595 304; x_wconf 84' lang='lat' dir='ltr'>oblatas</span> <span class='ocrx_word' id='word_1_5' title='bbox 637 263 724 304; x_wconf 90' lang='lat' dir='ltr'>Deo</span> <span class='ocrx_word' id='word_1_6' title='bbox 747 295 756 313; x_wconf 89' lang='lat'>,</span> <span class='ocrx_word' id='word_1_7' title='bbox 784 261 860 320; x_wconf 84' lang='lat' dir='ltr'>qui</span> <span class='ocrx_word' id='word_1_8' title='bbox 881 261 987 306; x_wconf 89' lang='lat' dir='ltr'>dicit</span> <span class='ocrx_word' id='word_1_9' title='bbox 1013 281 1022 306; x_wconf 74' lang='grc' dir='ltr'><strong>ι</strong></span> <span class='ocrx_word' id='word_1_10' title='bbox 1053 281 1073 303; x_wconf 91' lang='lat'>«</span> <span class='ocrx_word' id='word_1_11' title='bbox 1098 265 1245 306; x_wconf 81' lang='lat' dir='ltr'>Mente</span> <span class='ocrx_word' id='word_1_12' title='bbox 1276 263 1414 307; x_wconf 83' lang='lat' dir='ltr'>servio</span> 
     </span>
     <span class='ocr_line' id='line_1_2' title="bbox 0 331 1410 392; baseline 0.004 -20"><span class='ocrx_word' id='word_1_13' title='bbox 0 356 3 392; x_wconf 43' lang='grc' dir='ltr'>ἐ</span> <span class='ocrx_word' id='word_1_14' title='bbox 33 350 53 373; x_wconf 89' lang='lat'>»</span> <span class='ocrx_word' id='word_1_15' title='bbox 80 332 181 390; x_wconf 85' lang='lat' dir='ltr'>Legi</span> <span class='ocrx_word' id='word_1_16' title='bbox 208 331 314 385; x_wconf 90' lang='lat' dir='ltr'>Dei,</span> <span class='ocrx_word' id='word_1_17' title='bbox 349 346 477 375; x_wconf 89' lang='lat' dir='ltr'>carne</span> <span class='ocrx_word' id='word_1_18' title='bbox 510 341 654 375; x_wconf 89' lang='lat' dir='ltr'>autem</span> <span class='ocrx_word' id='word_1_19' title='bbox 695 331 781 390; x_wconf 86' lang='lat' dir='ltr'>legi</span> <span class='ocrx_word' id='word_1_20' title='bbox 804 333 970 391; x_wconf 87' lang='lat' dir='ltr'>peccati</span> <span class='ocrx_word' id='word_1_21' title='bbox 997 335 1025 376; x_wconf 89' lang='lat'>¹.</span> <span class='ocrx_word' id='word_1_22' title='bbox 1056 351 1076 373; x_wconf 87' lang='grc'><em>»</em></span> <span class='ocrx_word' id='word_1_23' title='bbox 1102 335 1159 376; x_wconf 91' lang='lat' dir='ltr'>Et</span> <span class='ocrx_word' id='word_1_24' title='bbox 1179 333 1255 392; x_wconf 89' lang='lat' dir='ltr'>qui</span> <span class='ocrx_word' id='word_1_25' title='bbox 1278 334 1410 388; x_wconf 82' lang='lat' dir='ltr'>dicit,</span> 
     </span>
     <span class='ocr_line' id='line_1_3' title="bbox 0 393 1411 464; baseline 0.004 -22"><span class='ocrx_word' id='word_1_26' title='bbox 0 393 3 442; x_wconf 66' lang='grc' dir='ltr'>ι’</span> <span class='ocrx_word' id='word_1_27' title='bbox 33 422 53 444; x_wconf 87' lang='lat'>»</span> <span class='ocrx_word' id='word_1_28' title='bbox 82 406 192 447; x_wconf 90' lang='lat' dir='ltr'>Deus</span> <span class='ocrx_word' id='word_1_29' title='bbox 209 401 278 446; x_wconf 91' lang='lat' dir='ltr'>cui</span> <span class='ocrx_word' id='word_1_30' title='bbox 295 403 434 446; x_wconf 90' lang='lat' dir='ltr'>servio</span> <span class='ocrx_word' id='word_1_31' title='bbox 458 403 503 446; x_wconf 90' lang='lat' dir='ltr'>in</span> <span class='ocrx_word' id='word_1_32' title='bbox 525 402 677 462; x_wconf 89' lang='lat' dir='ltr'>spiritu</span> <span class='ocrx_word' id='word_1_33' title='bbox 701 417 797 447; x_wconf 89' lang='lat' dir='ltr'>meo</span> <span class='ocrx_word' id='word_1_34' title='bbox 820 406 881 446; x_wconf 77' lang='lat'>².»</span> <span class='ocrx_word' id='word_1_35' title='bbox 918 407 974 448; x_wconf 88' lang='lat' dir='ltr'>Et</span> <span class='ocrx_word' id='word_1_36' title='bbox 1000 404 1055 448; x_wconf 89' lang='lat' dir='ltr'>de</span> <span class='ocrx_word' id='word_1_37' title='bbox 1094 419 1182 464; x_wconf 89' lang='lat' dir='ltr'>quo</span> <span class='ocrx_word' id='word_1_38' title='bbox 1217 403 1376 448; x_wconf 88' lang='lat' dir='ltr'>dicitur</span> <span class='ocrx_word' id='word_1_39' title='bbox 1403 424 1411 448; x_wconf 92' lang='lat'>:</span> 
     </span>
     <span class='ocr_line' id='line_1_4' title="bbox 0 456 1409 533; baseline 0 -18"><span class='ocrx_word' id='word_1_40' title='bbox 0 456 3 533; x_wconf 54' lang='lat' dir='ltr'>J</span> <span class='ocrx_word' id='word_1_41' title='bbox 33 493 52 516; x_wconf 89' lang='lat'>«</span> <span class='ocrx_word' id='word_1_42' title='bbox 77 473 256 532; x_wconf 81' lang='lat' dir='ltr'>Spiritus</span> <span class='ocrx_word' id='word_1_43' title='bbox 276 472 454 532; x_wconf 87' lang='lat' dir='ltr'>quidem</span> <span class='ocrx_word' id='word_1_44' title='bbox 486 482 715 532; x_wconf 89' lang='lat' dir='ltr'>promptus</span> <span class='ocrx_word' id='word_1_45' title='bbox 737 483 801 518; x_wconf 90' lang='lat' dir='ltr'>est</span> <span class='ocrx_word' id='word_1_46' title='bbox 822 509 832 528; x_wconf 86' lang='lat'>,</span> <span class='ocrx_word' id='word_1_47' title='bbox 856 490 956 520; x_wconf 89' lang='lat' dir='ltr'>caro</span> <span class='ocrx_word' id='word_1_48' title='bbox 975 484 1118 520; x_wconf 84' lang='lat' dir='ltr'>autem</span> <span class='ocrx_word' id='word_1_49' title='bbox 1146 475 1317 518; x_wconf 75' lang='lat' dir='ltr'>infirma</span> <span class='ocrx_word' id='word_1_50' title='bbox 1338 476 1370 519; x_wconf 83' lang='lat'>³.</span> <span class='ocrx_word' id='word_1_51' title='bbox 1390 492 1409 516; x_wconf 74' lang='grc' dir='ltr'><strong>υ</strong></span> 
     </span>
     <span class='ocr_line' id='line_1_5' title="bbox 0 542 1414 604; baseline 0 -16"><span class='ocrx_word' id='word_1_52' title='bbox 0 544 3 599; x_wconf 68' lang='grc' dir='ltr'>ξ</span> <span class='ocrx_word' id='word_1_53' title='bbox 31 543 113 589; x_wconf 90' lang='lat' dir='ltr'>Sed</span> <span class='ocrx_word' id='word_1_54' title='bbox 130 543 333 603; x_wconf 89' lang='lat' dir='ltr'>quoniam</span> <span class='ocrx_word' id='word_1_55' title='bbox 357 543 502 588; x_wconf 90' lang='lat' dir='ltr'>adhuc</span> <span class='ocrx_word' id='word_1_56' title='bbox 533 542 637 587; x_wconf 89' lang='lat' dir='ltr'>dicit</span> <span class='ocrx_word' id='word_1_57' title='bbox 675 561 682 587; x_wconf 94' lang='lat'><strong>:</strong></span> <span class='ocrx_word' id='word_1_58' title='bbox 714 562 732 585; x_wconf 90' lang='lat'>«</span> <span class='ocrx_word' id='word_1_59' title='bbox 759 543 916 588; x_wconf 76' lang='lat' dir='ltr'>Infelix</span> <span class='ocrx_word' id='word_1_60' title='bbox 938 560 1019 604; x_wconf 86' lang='lat' dir='ltr'>ego</span> <span class='ocrx_word' id='word_1_61' title='bbox 1041 545 1196 598; x_wconf 89' lang='lat' dir='ltr'>homo,</span> <span class='ocrx_word' id='word_1_62' title='bbox 1219 545 1315 604; x_wconf 86' lang='lat' dir='ltr'>quis</span> <span class='ocrx_word' id='word_1_63' title='bbox 1345 560 1414 588; x_wconf 90' lang='lat' dir='ltr'>me</span> 
     </span>
     <span class='ocr_line' id='line_1_6' title="bbox 0 610 1414 673; baseline 0.002 -18"><span class='ocrx_word' id='word_1_64' title='bbox 0 610 3 664; x_wconf 64' lang='grc' dir='ltr'>ζ</span> <span class='ocrx_word' id='word_1_65' title='bbox 30 631 50 655; x_wconf 71' lang='lat' dir='ltr'>n</span> <span class='ocrx_word' id='word_1_66' title='bbox 74 613 274 657; x_wconf 81' lang='lat' dir='ltr'>liberabit</span> <span class='ocrx_word' id='word_1_67' title='bbox 291 612 346 657; x_wconf 91' lang='lat' dir='ltr'>de</span> <span class='ocrx_word' id='word_1_68' title='bbox 363 628 542 673; x_wconf 87' lang='lat' dir='ltr'>corpore</span> <span class='ocrx_word' id='word_1_69' title='bbox 565 613 715 657; x_wconf 88' lang='lat' dir='ltr'>mortis</span> <span class='ocrx_word' id='word_1_70' title='bbox 740 614 868 673; x_wconf 80' lang='lat' dir='ltr'>hujus</span> <span class='ocrx_word' id='word_1_71' title='bbox 893 616 908 639; x_wconf 80' lang='lat'>⁴¹</span> <span class='ocrx_word' id='word_1_72' title='bbox 931 618 949 658; x_wconf 80' lang='lat' dir='ltr'>P</span> <span class='ocrx_word' id='word_1_73' title='bbox 978 634 997 656; x_wconf 91' lang='lat'>»</span> <span class='ocrx_word' id='word_1_74' title='bbox 1025 624 1068 659; x_wconf 85' lang='lat' dir='ltr'>et</span> <span class='ocrx_word' id='word_1_75' title='bbox 1085 614 1228 659; x_wconf 87' lang='lat' dir='ltr'>adhuc</span> <span class='ocrx_word' id='word_1_76' title='bbox 1255 614 1414 659; x_wconf 86' lang='lat' dir='ltr'>talibus</span> 
     </span>
     <span class='ocr_line' id='line_1_7' title="bbox 0 682 1416 745; baseline -0.001 -14"><span class='ocrx_word' id='word_1_77' title='bbox 0 682 3 731; x_wconf 74' lang='lat' dir='ltr'>l</span> <span class='ocrx_word' id='word_1_78' title='bbox 28 683 203 728; x_wconf 89' lang='lat' dir='ltr'>dicitur:</span> <span class='ocrx_word' id='word_1_79' title='bbox 219 683 491 728; x_wconf 78' lang='lat' dir='ltr'>«vivificabit</span> <span class='ocrx_word' id='word_1_80' title='bbox 506 693 549 728; x_wconf 88' lang='lat' dir='ltr'>et</span> <span class='ocrx_word' id='word_1_81' title='bbox 562 683 760 728; x_wconf 87' lang='lat' dir='ltr'>mortalia</span> <span class='ocrx_word' id='word_1_82' title='bbox 773 699 954 744; x_wconf 86' lang='lat' dir='ltr'>corpora</span> <span class='ocrx_word' id='word_1_83' title='bbox 973 695 1112 730; x_wconf 90' lang='lat' dir='ltr'>vestra</span> <span class='ocrx_word' id='word_1_84' title='bbox 1131 694 1308 745; x_wconf 88' lang='lat' dir='ltr'>propter</span> <span class='ocrx_word' id='word_1_85' title='bbox 1325 687 1416 744; x_wconf 91' lang='lat' dir='ltr'>Spi-</span> 
     </span>
     <span class='ocr_line' id='line_1_8' title="bbox 31 755 1411 813; baseline 0.003 -17"><span class='ocrx_word' id='word_1_86' title='bbox 31 773 50 796; x_wconf 87' lang='lat'>»</span> <span class='ocrx_word' id='word_1_87' title='bbox 75 755 204 799; x_wconf 90' lang='lat' dir='ltr'>ritum</span> <span class='ocrx_word' id='word_1_88' title='bbox 227 764 474 800; x_wconf 87' lang='lat' dir='ltr'>manentem</span> <span class='ocrx_word' id='word_1_89' title='bbox 492 756 536 799; x_wconf 92' lang='lat' dir='ltr'>in</span> <span class='ocrx_word' id='word_1_90' title='bbox 554 755 677 800; x_wconf 91' lang='lat' dir='ltr'>vobis</span> <span class='ocrx_word' id='word_1_91' title='bbox 694 757 726 813; x_wconf 89' lang='lat'>⁵·,</span> <span class='ocrx_word' id='word_1_92' title='bbox 748 774 767 797; x_wconf 87' lang='lat'>»</span> <span class='ocrx_word' id='word_1_93' title='bbox 791 755 988 800; x_wconf 89' lang='lat' dir='ltr'>nondum</span> <span class='ocrx_word' id='word_1_94' title='bbox 1003 766 1067 800; x_wconf 86' lang='lat' dir='ltr'>est</span> <span class='ocrx_word' id='word_1_95' title='bbox 1089 757 1411 802; x_wconf 85' lang='lat' dir='ltr'>holocaustum:</span> 
     </span>
     <span class='ocr_line' id='line_1_9' title="bbox 27 827 1413 882; baseline 0.001 -12"><span class='ocrx_word' id='word_1_96' title='bbox 27 827 106 872; x_wconf 89' lang='lat' dir='ltr'>erit</span> <span class='ocrx_word' id='word_1_97' title='bbox 128 835 269 871; x_wconf 86' lang='lat' dir='ltr'>autem</span> <span class='ocrx_word' id='word_1_98' title='bbox 285 861 296 882; x_wconf 91' lang='lat'>,</span> <span class='ocrx_word' id='word_1_99' title='bbox 321 842 421 871; x_wconf 91' lang='lat' dir='ltr'>cum</span> <span class='ocrx_word' id='word_1_100' title='bbox 444 827 751 872; x_wconf 81' lang='lat' dir='ltr'>absorbebitur</span> <span class='ocrx_word' id='word_1_101' title='bbox 773 843 887 872; x_wconf 91' lang='lat' dir='ltr'>mors</span> <span class='ocrx_word' id='word_1_102' title='bbox 908 828 953 871; x_wconf 91' lang='lat' dir='ltr'>in</span> <span class='ocrx_word' id='word_1_103' title='bbox 976 828 1200 872; x_wconf 87' lang='lat' dir='ltr'>victoriam</span> <span class='ocrx_word' id='word_1_104' title='bbox 1222 847 1230 872; x_wconf 88' lang='lat'>:</span> <span class='ocrx_word' id='word_1_105' title='bbox 1257 843 1357 872; x_wconf 92' lang='lat' dir='ltr'>cum</span> <span class='ocrx_word' id='word_1_106' title='bbox 1375 829 1413 871; x_wconf 90' lang='lat' dir='ltr'>ei</span> 
     </span>
     <span class='ocr_line' id='line_1_10' title="bbox 27 897 1410 953; baseline 0 -11"><span class='ocrx_word' id='word_1_107' title='bbox 27 897 218 942; x_wconf 88' lang='lat' dir='ltr'>dicetur:</span> <span class='ocrx_word' id='word_1_108' title='bbox 249 916 268 939; x_wconf 90' lang='lat'>«</span> <span class='ocrx_word' id='word_1_109' title='bbox 297 897 377 941; x_wconf 90' lang='lat' dir='ltr'>Ubi</span> <span class='ocrx_word' id='word_1_110' title='bbox 398 907 482 952; x_wconf 86' lang='lat' dir='ltr'>est,</span> <span class='ocrx_word' id='word_1_111' title='bbox 509 913 625 942; x_wconf 89' lang='lat' dir='ltr'>mors</span> <span class='ocrx_word' id='word_1_112' title='bbox 643 932 654 952; x_wconf 84' lang='lat'>,</span> <span class='ocrx_word' id='word_1_113' title='bbox 683 898 906 942; x_wconf 86' lang='lat' dir='ltr'>contentio</span> <span class='ocrx_word' id='word_1_114' title='bbox 924 900 1030 942; x_wconf 79' lang='lat' dir='ltr'>tua?</span> <span class='ocrx_word' id='word_1_115' title='bbox 1050 899 1124 942; x_wconf 89' lang='lat' dir='ltr'>ubi</span> <span class='ocrx_word' id='word_1_116' title='bbox 1148 907 1210 942; x_wconf 88' lang='lat' dir='ltr'>est</span> <span class='ocrx_word' id='word_1_117' title='bbox 1230 934 1240 953; x_wconf 91' lang='lat'>,</span> <span class='ocrx_word' id='word_1_118' title='bbox 1268 913 1383 943; x_wconf 83' lang='lat' dir='ltr'>mors</span> <span class='ocrx_word' id='word_1_119' title='bbox 1400 933 1410 952; x_wconf 91' lang='lat'>,</span> 
     </span>
     <span class='ocr_line' id='line_1_11' title="bbox 29 968 1414 1029; baseline 0.003 -20"><span class='ocrx_word' id='word_1_120' title='bbox 29 986 49 1009; x_wconf 69' lang='grc' dir='ltr'><strong>ν</strong></span> <span class='ocrx_word' id='word_1_121' title='bbox 74 968 247 1014; x_wconf 90' lang='lat' dir='ltr'>aculeus</span> <span class='ocrx_word' id='word_1_122' title='bbox 271 978 372 1012; x_wconf 90' lang='lat' dir='ltr'>tuus</span> <span class='ocrx_word' id='word_1_123' title='bbox 396 970 411 994; x_wconf 80' lang='lat'>⁰</span> <span class='ocrx_word' id='word_1_124' title='bbox 431 971 449 1013; x_wconf 74' lang='grc' dir='ltr'><strong><em>Ρ</em></strong></span> <span class='ocrx_word' id='word_1_125' title='bbox 471 988 490 1010; x_wconf 85' lang='lat'>»</span> <span class='ocrx_word' id='word_1_126' title='bbox 520 971 647 1014; x_wconf 89' lang='lat' dir='ltr'>Nunc</span> <span class='ocrx_word' id='word_1_127' title='bbox 669 984 796 1028; x_wconf 82' lang='lat' dir='ltr'>ergo,</span> <span class='ocrx_word' id='word_1_128' title='bbox 822 969 980 1029; x_wconf 87' lang='lat' dir='ltr'>inquit,</span> <span class='ocrx_word' id='word_1_129' title='bbox 1007 985 1097 1014; x_wconf 92' lang='lat' dir='ltr'>non</span> <span class='ocrx_word' id='word_1_130' title='bbox 1113 969 1255 1015; x_wconf 88' lang='lat' dir='ltr'>solum</span> <span class='ocrx_word' id='word_1_131' title='bbox 1273 969 1414 1015; x_wconf 88' lang='lat' dir='ltr'>omnis</span> 
     </span>
     <span class='ocr_line' id='line_1_12' title="bbox 26 1039 1412 1099; baseline 0.001 -16"><span class='ocrx_word' id='word_1_132' title='bbox 26 1048 233 1095; x_wconf 88' lang='lat' dir='ltr'>creatura,</span> <span class='ocrx_word' id='word_1_133' title='bbox 258 1039 303 1083; x_wconf 91' lang='lat' dir='ltr'>id</span> <span class='ocrx_word' id='word_1_134' title='bbox 320 1049 404 1095; x_wconf 88' lang='lat' dir='ltr'>est,</span> <span class='ocrx_word' id='word_1_135' title='bbox 421 1055 520 1084; x_wconf 93' lang='lat' dir='ltr'>cum</span> <span class='ocrx_word' id='word_1_136' title='bbox 543 1055 724 1099; x_wconf 89' lang='lat' dir='ltr'>corpore</span> <span class='ocrx_word' id='word_1_137' title='bbox 742 1074 751 1094; x_wconf 86' lang='lat'><strong>‚</strong></span> <span class='ocrx_word' id='word_1_138' title='bbox 778 1059 797 1080; x_wconf 92' lang='lat'>«</span> <span class='ocrx_word' id='word_1_139' title='bbox 816 1039 898 1083; x_wconf 78' lang='lat' dir='ltr'>sed</span> <span class='ocrx_word' id='word_1_140' title='bbox 913 1040 1042 1083; x_wconf 88' lang='lat' dir='ltr'>etiam</span> <span class='ocrx_word' id='word_1_141' title='bbox 1058 1055 1136 1084; x_wconf 90' lang='lat' dir='ltr'>nos</span> <span class='ocrx_word' id='word_1_142' title='bbox 1156 1041 1237 1099; x_wconf 90' lang='lat' dir='ltr'>ipsi</span> <span class='ocrx_word' id='word_1_143' title='bbox 1259 1041 1412 1099; x_wconf 88' lang='lat' dir='ltr'>primi-</span> 
     </span>
     <span class='ocr_line' id='line_1_13' title="bbox 27 1112 1410 1172; baseline 0.003 -20"><span class='ocrx_word' id='word_1_144' title='bbox 27 1129 47 1153; x_wconf 88' lang='lat'>»</span> <span class='ocrx_word' id='word_1_145' title='bbox 74 1112 152 1155; x_wconf 87' lang='lat' dir='ltr'>tias</span> <span class='ocrx_word' id='word_1_146' title='bbox 186 1112 397 1156; x_wconf 85' lang='lat' dir='ltr'>habentes</span> <span class='ocrx_word' id='word_1_147' title='bbox 430 1112 604 1170; x_wconf 85' lang='lat' dir='ltr'>spiritus</span> <span class='ocrx_word' id='word_1_148' title='bbox 639 1127 646 1153; x_wconf 94' lang='lat'><strong>:</strong></span> <span class='ocrx_word' id='word_1_149' title='bbox 675 1130 693 1152; x_wconf 92' lang='lat'>»</span> <span class='ocrx_word' id='word_1_150' title='bbox 719 1112 763 1155; x_wconf 87' lang='lat' dir='ltr'>id</span> <span class='ocrx_word' id='word_1_151' title='bbox 786 1120 874 1165; x_wconf 76' lang='lat' dir='ltr'>est,</span> <span class='ocrx_word' id='word_1_152' title='bbox 900 1127 978 1156; x_wconf 93' lang='lat' dir='ltr'>nos</span> <span class='ocrx_word' id='word_1_153' title='bbox 996 1112 1150 1156; x_wconf 84' lang='lat' dir='ltr'>animae</span> <span class='ocrx_word' id='word_1_154' title='bbox 1168 1147 1178 1167; x_wconf 82' lang='lat'>,</span> <span class='ocrx_word' id='word_1_155' title='bbox 1204 1127 1304 1172; x_wconf 83' lang='lat' dir='ltr'>quae</span> <span class='ocrx_word' id='word_1_156' title='bbox 1321 1113 1410 1172; x_wconf 89' lang='lat' dir='ltr'>jam</span> 
     </span>
     <span class='ocr_line' id='line_1_14' title="bbox 25 1181 1412 1241; baseline 0 -15"><span class='ocrx_word' id='word_1_157' title='bbox 25 1182 230 1241; x_wconf 85' lang='lat' dir='ltr'>primitias</span> <span class='ocrx_word' id='word_1_158' title='bbox 259 1192 426 1226; x_wconf 82' lang='lat' dir='ltr'>mentes</span> <span class='ocrx_word' id='word_1_159' title='bbox 457 1192 625 1227; x_wconf 83' lang='lat' dir='ltr'>nostras</span> <span class='ocrx_word' id='word_1_160' title='bbox 651 1181 890 1226; x_wconf 88' lang='lat' dir='ltr'>obtulimus</span> <span class='ocrx_word' id='word_1_161' title='bbox 909 1184 998 1226; x_wconf 91' lang='lat' dir='ltr'>Deo</span> <span class='ocrx_word' id='word_1_162' title='bbox 1025 1201 1044 1223; x_wconf 91' lang='lat'>«</span> <span class='ocrx_word' id='word_1_163' title='bbox 1078 1183 1123 1225; x_wconf 92' lang='lat' dir='ltr'>in</span> <span class='ocrx_word' id='word_1_164' title='bbox 1155 1182 1281 1226; x_wconf 80' lang='lat' dir='ltr'>nobis</span> <span class='ocrx_word' id='word_1_165' title='bbox 1312 1183 1412 1241; x_wconf 90' lang='lat' dir='ltr'>ipsis</span> 
     </span>
     <span class='ocr_line' id='line_1_15' title="bbox 28 1252 1411 1312; baseline 0.002 -19"><span class='ocrx_word' id='word_1_166' title='bbox 28 1270 47 1294; x_wconf 90' lang='lat'>»</span> <span class='ocrx_word' id='word_1_167' title='bbox 67 1253 441 1312; x_wconf 83' lang='lat' dir='ltr'>congemiscimus,</span> <span class='ocrx_word' id='word_1_168' title='bbox 469 1271 488 1293; x_wconf 87' lang='lat'>»</span> <span class='ocrx_word' id='word_1_169' title='bbox 512 1252 558 1295; x_wconf 90' lang='lat' dir='ltr'>id</span> <span class='ocrx_word' id='word_1_170' title='bbox 580 1261 664 1307; x_wconf 87' lang='lat' dir='ltr'>est,</span> <span class='ocrx_word' id='word_1_171' title='bbox 691 1260 849 1311; x_wconf 80' lang='lat' dir='ltr'>praeter</span> <span class='ocrx_word' id='word_1_172' title='bbox 865 1267 1023 1311; x_wconf 83' lang='lat' dir='ltr'>corpus</span> <span class='ocrx_word' id='word_1_173' title='bbox 1044 1287 1054 1307; x_wconf 84' lang='lat'>,</span> <span class='ocrx_word' id='word_1_174' title='bbox 1085 1271 1104 1294; x_wconf 95' lang='lat'>«</span> <span class='ocrx_word' id='word_1_175' title='bbox 1130 1252 1411 1312; x_wconf 86' lang='lat' dir='ltr'>adoptionem</span> 
     </span>
     <span class='ocr_line' id='line_1_16' title="bbox 28 1323 1414 1383; baseline 0.001 -18"><span class='ocrx_word' id='word_1_176' title='bbox 28 1342 48 1366; x_wconf 91' lang='lat'>»</span> <span class='ocrx_word' id='word_1_177' title='bbox 69 1333 360 1383; x_wconf 84' lang='lat' dir='ltr'>expectantes,</span> <span class='ocrx_word' id='word_1_178' title='bbox 382 1324 726 1383; x_wconf 86' lang='lat' dir='ltr'>redemptionem</span> <span class='ocrx_word' id='word_1_179' title='bbox 748 1324 941 1383; x_wconf 91' lang='lat' dir='ltr'>corporis</span> <span class='ocrx_word' id='word_1_180' title='bbox 956 1324 1118 1377; x_wconf 86' lang='lat' dir='ltr'>nostri,</span> <span class='ocrx_word' id='word_1_181' title='bbox 1148 1342 1166 1365; x_wconf 88' lang='lat'>»</span> <span class='ocrx_word' id='word_1_182' title='bbox 1191 1323 1236 1367; x_wconf 88' lang='lat' dir='ltr'>id</span> <span class='ocrx_word' id='word_1_183' title='bbox 1259 1333 1338 1378; x_wconf 77' lang='lat' dir='ltr'>est,</span> <span class='ocrx_word' id='word_1_184' title='bbox 1364 1332 1414 1367; x_wconf 88' lang='lat' dir='ltr'>ut</span> 
     </span>
     <span class='ocr_line' id='line_1_17' title="bbox 26 1394 1409 1455; baseline -0.001 -16"><span class='ocrx_word' id='word_1_185' title='bbox 26 1404 68 1441; x_wconf 85' lang='lat' dir='ltr'>et</span> <span class='ocrx_word' id='word_1_186' title='bbox 91 1396 232 1455; x_wconf 90' lang='lat' dir='ltr'>ipsum</span> <span class='ocrx_word' id='word_1_187' title='bbox 249 1411 406 1455; x_wconf 87' lang='lat' dir='ltr'>corpus</span> <span class='ocrx_word' id='word_1_188' title='bbox 423 1395 635 1455; x_wconf 88' lang='lat' dir='ltr'>accipiens</span> <span class='ocrx_word' id='word_1_189' title='bbox 656 1394 916 1439; x_wconf 89' lang='lat' dir='ltr'>beneficium</span> <span class='ocrx_word' id='word_1_190' title='bbox 936 1394 1182 1452; x_wconf 88' lang='lat' dir='ltr'>adoptionis</span> <span class='ocrx_word' id='word_1_191' title='bbox 1203 1394 1409 1449; x_wconf 83' lang='lat' dir='ltr'>filiorum,</span> 
     </span>
     <span class='ocr_line' id='line_1_18' title="bbox 25 1464 1414 1526; baseline -0.001 -16"><span class='ocrx_word' id='word_1_192' title='bbox 25 1482 110 1526; x_wconf 91' lang='lat' dir='ltr'>qua</span> <span class='ocrx_word' id='word_1_193' title='bbox 130 1466 270 1511; x_wconf 87' lang='lat' dir='ltr'>vocati</span> <span class='ocrx_word' id='word_1_194' title='bbox 287 1481 458 1522; x_wconf 77' lang='lat' dir='ltr'>sumus,</span> <span class='ocrx_word' id='word_1_195' title='bbox 483 1474 596 1510; x_wconf 88' lang='lat' dir='ltr'>totos</span> <span class='ocrx_word' id='word_1_196' title='bbox 614 1481 693 1510; x_wconf 86' lang='lat' dir='ltr'>nos</span> <span class='ocrx_word' id='word_1_197' title='bbox 710 1464 937 1519; x_wconf 86' lang='lat' dir='ltr'>liberatos,</span> <span class='ocrx_word' id='word_1_198' title='bbox 964 1464 1188 1508; x_wconf 82' lang='lat' dir='ltr'>transactis</span> <span class='ocrx_word' id='word_1_199' title='bbox 1209 1465 1414 1509; x_wconf 85' lang='lat' dir='ltr'>omnibus</span> 
     </span>
     <span class='ocr_line' id='line_1_19' title="bbox 25 1535 1413 1596; baseline -0.002 -15"><span class='ocrx_word' id='word_1_200' title='bbox 25 1537 257 1592; x_wconf 88' lang='lat' dir='ltr'>molestiis,</span> <span class='ocrx_word' id='word_1_201' title='bbox 282 1552 331 1581; x_wconf 83' lang='lat' dir='ltr'>ex</span> <span class='ocrx_word' id='word_1_202' title='bbox 359 1537 476 1582; x_wconf 91' lang='lat' dir='ltr'>omni</span> <span class='ocrx_word' id='word_1_203' title='bbox 500 1545 622 1596; x_wconf 86' lang='lat' dir='ltr'>parte</span> <span class='ocrx_word' id='word_1_204' title='bbox 645 1536 723 1580; x_wconf 90' lang='lat' dir='ltr'>Dei</span> <span class='ocrx_word' id='word_1_205' title='bbox 749 1535 858 1580; x_wconf 87' lang='lat' dir='ltr'>filios</span> <span class='ocrx_word' id='word_1_206' title='bbox 881 1550 971 1579; x_wconf 90' lang='lat' dir='ltr'>esse</span> <span class='ocrx_word' id='word_1_207' title='bbox 993 1535 1259 1579; x_wconf 86' lang='lat' dir='ltr'>manifestet.</span> <span class='ocrx_word' id='word_1_208' title='bbox 1284 1554 1304 1577; x_wconf 92' lang='lat'>«</span> <span class='ocrx_word' id='word_1_209' title='bbox 1330 1538 1413 1595; x_wconf 80' lang='lat' dir='ltr'>Spe</span> 
     </span>
     <span class='ocr_line' id='line_1_20' title="bbox 28 1605 1415 1667; baseline 0.001 -18"><span class='ocrx_word' id='word_1_210' title='bbox 28 1625 48 1649; x_wconf 73' lang='lat' dir='ltr'>n</span> <span class='ocrx_word' id='word_1_211' title='bbox 73 1609 187 1652; x_wconf 88' lang='lat' dir='ltr'>enim</span> <span class='ocrx_word' id='word_1_212' title='bbox 201 1607 307 1653; x_wconf 89' lang='lat' dir='ltr'>salvi</span> <span class='ocrx_word' id='word_1_213' title='bbox 324 1607 427 1653; x_wconf 85' lang='lat' dir='ltr'>facti</span> <span class='ocrx_word' id='word_1_214' title='bbox 444 1623 613 1652; x_wconf 91' lang='lat' dir='ltr'>sumus:</span> <span class='ocrx_word' id='word_1_215' title='bbox 640 1622 734 1667; x_wconf 87' lang='lat' dir='ltr'>spes</span> <span class='ocrx_word' id='word_1_216' title='bbox 758 1616 903 1651; x_wconf 90' lang='lat' dir='ltr'>autem</span> <span class='ocrx_word' id='word_1_217' title='bbox 919 1621 1019 1666; x_wconf 76' lang='lat' dir='ltr'>quae</span> <span class='ocrx_word' id='word_1_218' title='bbox 1032 1605 1222 1661; x_wconf 83' lang='lat' dir='ltr'>videtur,</span> <span class='ocrx_word' id='word_1_219' title='bbox 1243 1622 1332 1651; x_wconf 91' lang='lat' dir='ltr'>non</span> <span class='ocrx_word' id='word_1_220' title='bbox 1355 1615 1415 1650; x_wconf 88' lang='lat' dir='ltr'>est</span> 
     </span>
     <span class='ocr_line' id='line_1_21' title="bbox 28 1678 1415 1739; baseline 0.001 -20"><span class='ocrx_word' id='word_1_221' title='bbox 28 1695 48 1719; x_wconf 87' lang='lat'>»</span> <span class='ocrx_word' id='word_1_222' title='bbox 72 1693 167 1739; x_wconf 89' lang='lat' dir='ltr'>spes</span> <span class='ocrx_word' id='word_1_223' title='bbox 190 1681 221 1723; x_wconf 93' lang='lat'>⁷.</span> <span class='ocrx_word' id='word_1_224' title='bbox 249 1697 269 1721; x_wconf 85' lang='lat'>»</span> <span class='ocrx_word' id='word_1_225' title='bbox 297 1681 420 1723; x_wconf 91' lang='lat' dir='ltr'>Tunc</span> <span class='ocrx_word' id='word_1_226' title='bbox 455 1693 558 1738; x_wconf 85' lang='lat' dir='ltr'>ergo</span> <span class='ocrx_word' id='word_1_227' title='bbox 590 1678 670 1722; x_wconf 89' lang='lat' dir='ltr'>erit</span> <span class='ocrx_word' id='word_1_228' title='bbox 699 1693 764 1722; x_wconf 89' lang='lat' dir='ltr'>res</span> <span class='ocrx_word' id='word_1_229' title='bbox 786 1692 885 1738; x_wconf 82' lang='lat' dir='ltr'>quae</span> <span class='ocrx_word' id='word_1_230' title='bbox 910 1691 1029 1720; x_wconf 88' lang='lat' dir='ltr'>nunc</span> <span class='ocrx_word' id='word_1_231' title='bbox 1059 1691 1154 1735; x_wconf 89' lang='lat' dir='ltr'>spes</span> <span class='ocrx_word' id='word_1_232' title='bbox 1186 1686 1249 1721; x_wconf 88' lang='lat' dir='ltr'>est</span> <span class='ocrx_word' id='word_1_233' title='bbox 1273 1712 1283 1732; x_wconf 94' lang='lat'>,</span> <span class='ocrx_word' id='word_1_234' title='bbox 1314 1692 1415 1721; x_wconf 89' lang='lat' dir='ltr'>cum</span> 
     </span>
     <span class='ocr_line' id='line_1_22' title="bbox 25 1746 1416 1810; baseline 0 -18"><span class='ocrx_word' id='word_1_235' title='bbox 25 1750 270 1808; x_wconf 86' lang='lat' dir='ltr'>apparuerit</span> <span class='ocrx_word' id='word_1_236' title='bbox 287 1749 396 1810; x_wconf 90' lang='lat' dir='ltr'>quid</span> <span class='ocrx_word' id='word_1_237' title='bbox 412 1749 588 1803; x_wconf 84' lang='lat' dir='ltr'>erimus,</span> <span class='ocrx_word' id='word_1_238' title='bbox 608 1748 653 1793; x_wconf 92' lang='lat' dir='ltr'>id</span> <span class='ocrx_word' id='word_1_239' title='bbox 676 1757 756 1803; x_wconf 84' lang='lat' dir='ltr'>est,</span> <span class='ocrx_word' id='word_1_240' title='bbox 780 1747 939 1792; x_wconf 87' lang='lat' dir='ltr'>similes</span> <span class='ocrx_word' id='word_1_241' title='bbox 960 1746 1041 1803; x_wconf 88' lang='lat' dir='ltr'>illi,</span> <span class='ocrx_word' id='word_1_242' title='bbox 1067 1748 1276 1806; x_wconf 84' lang='lat' dir='ltr'>quoniam</span> <span class='ocrx_word' id='word_1_243' title='bbox 1293 1748 1416 1792; x_wconf 89' lang='lat' dir='ltr'>vide-</span> 
     </span>
     <span class='ocr_line' id='line_1_23' title="bbox 25 1819 574 1864; baseline 0 -2"><span class='ocrx_word' id='word_1_244' title='bbox 25 1819 168 1864; x_wconf 89' lang='lat' dir='ltr'>bimus</span> <span class='ocrx_word' id='word_1_245' title='bbox 186 1835 285 1864; x_wconf 91' lang='lat' dir='ltr'>eum</span> <span class='ocrx_word' id='word_1_246' title='bbox 308 1820 436 1864; x_wconf 87' lang='lat' dir='ltr'>sicuti</span> <span class='ocrx_word' id='word_1_247' title='bbox 457 1829 521 1863; x_wconf 90' lang='lat' dir='ltr'>est</span> <span class='ocrx_word' id='word_1_248' title='bbox 543 1821 574 1862; x_wconf 70' lang='lat'>⁸.</span> 
     </span>
    </p>

    <p class='ocr_par' dir='ltr' id='par_1_2' title="bbox 0 1889 1417 2447">
     <span class='ocr_line' id='line_1_24' title="bbox 84 1889 1412 1951; baseline 0 -18"><span class='ocrx_word' id='word_1_249' title='bbox 84 1897 144 1933; x_wconf 89' lang='lat'>70.</span> <span class='ocrx_word' id='word_1_250' title='bbox 183 1894 275 1936; x_wconf 89' lang='lat' dir='ltr'>Hoc</span> <span class='ocrx_word' id='word_1_251' title='bbox 308 1891 547 1951; x_wconf 90' lang='lat' dir='ltr'>capitulum</span> <span class='ocrx_word' id='word_1_252' title='bbox 584 1892 618 1935; x_wconf 88' lang='lat' dir='ltr'>si</span> <span class='ocrx_word' id='word_1_253' title='bbox 639 1891 723 1936; x_wconf 91' lang='lat' dir='ltr'>hoc</span> <span class='ocrx_word' id='word_1_254' title='bbox 758 1889 889 1934; x_wconf 89' lang='lat' dir='ltr'>modo</span> <span class='ocrx_word' id='word_1_255' title='bbox 907 1924 918 1944; x_wconf 81' lang='grc'>,</span> <span class='ocrx_word' id='word_1_256' title='bbox 960 1899 1009 1933; x_wconf 89' lang='lat' dir='ltr'>ut</span> <span class='ocrx_word' id='word_1_257' title='bbox 1047 1898 1277 1934; x_wconf 86' lang='lat' dir='ltr'>tractatum</span> <span class='ocrx_word' id='word_1_258' title='bbox 1321 1899 1384 1934; x_wconf 87' lang='lat' dir='ltr'>est</span> <span class='ocrx_word' id='word_1_259' title='bbox 1403 1925 1412 1945; x_wconf 91' lang='lat'>,</span> 
     </span>
     <span class='ocr_line' id='line_1_25' title="bbox 26 1959 1416 2021; baseline -0.001 -15"><span class='ocrx_word' id='word_1_260' title='bbox 26 1962 263 2021; x_wconf 83' lang='lat' dir='ltr'>aperiatur,</span> <span class='ocrx_word' id='word_1_261' title='bbox 289 1978 376 2007; x_wconf 92' lang='lat' dir='ltr'>non</span> <span class='ocrx_word' id='word_1_262' title='bbox 399 1962 632 2007; x_wconf 89' lang='lat' dir='ltr'>incidimus</span> <span class='ocrx_word' id='word_1_263' title='bbox 662 1962 704 2005; x_wconf 90' lang='lat' dir='ltr'>in</span> <span class='ocrx_word' id='word_1_264' title='bbox 725 1960 820 2005; x_wconf 88' lang='lat' dir='ltr'>illas</span> <span class='ocrx_word' id='word_1_265' title='bbox 848 1959 1087 2017; x_wconf 84' lang='lat' dir='ltr'>molestias,</span> <span class='ocrx_word' id='word_1_266' title='bbox 1111 1961 1272 2021; x_wconf 91' lang='lat' dir='ltr'>quibus</span> <span class='ocrx_word' id='word_1_267' title='bbox 1289 1960 1416 2020; x_wconf 89' lang='lat' dir='ltr'>pleri-</span> 
     </span>
     <span class='ocr_line' id='line_1_26' title="bbox 0 2023 1416 2092; baseline -0.001 -16"><span class='ocrx_word' id='word_1_268' title='bbox 0 2023 1 2037; x_wconf 47' lang='lat'><em>*</em></span> <span class='ocrx_word' id='word_1_269' title='bbox 25 2047 109 2092; x_wconf 90' lang='lat' dir='ltr'>que</span> <span class='ocrx_word' id='word_1_270' title='bbox 128 2033 324 2079; x_wconf 90' lang='lat' dir='ltr'>homines</span> <span class='ocrx_word' id='word_1_271' title='bbox 338 2033 481 2077; x_wconf 86' lang='lat' dir='ltr'>dicere</span> <span class='ocrx_word' id='word_1_272' title='bbox 494 2041 729 2092; x_wconf 79' lang='lat' dir='ltr'>coguntur,</span> <span class='ocrx_word' id='word_1_273' title='bbox 748 2047 898 2077; x_wconf 88' lang='lat' dir='ltr'>omnes</span> <span class='ocrx_word' id='word_1_274' title='bbox 914 2031 1104 2090; x_wconf 82' lang='lat' dir='ltr'>Angelos</span> <span class='ocrx_word' id='word_1_275' title='bbox 1119 2032 1416 2092; x_wconf 84' lang='lat' dir='ltr'>sublimesque</span> 
     </span>
     <span class='ocr_line' id='line_1_27' title="bbox 0 2101 1417 2163; baseline -0.001 -16"><span class='ocrx_word' id='word_1_276' title='bbox 0 2101 2 2117; x_wconf 63' lang='lat'>³</span> <span class='ocrx_word' id='word_1_277' title='bbox 27 2103 214 2148; x_wconf 88' lang='lat' dir='ltr'>Virtutes</span> <span class='ocrx_word' id='word_1_278' title='bbox 228 2104 274 2148; x_wconf 93' lang='lat' dir='ltr'>in</span> <span class='ocrx_word' id='word_1_279' title='bbox 291 2103 441 2148; x_wconf 86' lang='lat' dir='ltr'>dolore</span> <span class='ocrx_word' id='word_1_280' title='bbox 454 2113 497 2149; x_wconf 84' lang='lat' dir='ltr'>et</span> <span class='ocrx_word' id='word_1_281' title='bbox 515 2103 748 2163; x_wconf 79' lang='lat' dir='ltr'>gemitibus</span> <span class='ocrx_word' id='word_1_282' title='bbox 766 2119 870 2157; x_wconf 86' lang='lat' dir='ltr'>esse,</span> <span class='ocrx_word' id='word_1_283' title='bbox 893 2112 1128 2162; x_wconf 84' lang='lat' dir='ltr'>antequam</span> <span class='ocrx_word' id='word_1_284' title='bbox 1146 2118 1225 2147; x_wconf 91' lang='lat' dir='ltr'>nos</span> <span class='ocrx_word' id='word_1_285' title='bbox 1244 2103 1417 2162; x_wconf 84' lang='lat' dir='ltr'>penitus</span> 
     </span>
     <span class='ocr_line' id='line_1_28' title="bbox 25 2174 1416 2236; baseline -0.001 -17"><span class='ocrx_word' id='word_1_286' title='bbox 25 2174 273 2231; x_wconf 81' lang='lat' dir='ltr'>liberemur,</span> <span class='ocrx_word' id='word_1_287' title='bbox 296 2176 503 2236; x_wconf 87' lang='lat' dir='ltr'>quoniam</span> <span class='ocrx_word' id='word_1_288' title='bbox 525 2176 692 2220; x_wconf 89' lang='lat' dir='ltr'>dictum</span> <span class='ocrx_word' id='word_1_289' title='bbox 709 2185 788 2230; x_wconf 88' lang='lat' dir='ltr'>est,</span> <span class='ocrx_word' id='word_1_290' title='bbox 816 2195 836 2217; x_wconf 89' lang='lat'>«</span> <span class='ocrx_word' id='word_1_291' title='bbox 861 2175 1013 2218; x_wconf 89' lang='lat' dir='ltr'>Omnis</span> <span class='ocrx_word' id='word_1_292' title='bbox 1036 2184 1232 2219; x_wconf 86' lang='lat' dir='ltr'>creatura</span> <span class='ocrx_word' id='word_1_293' title='bbox 1256 2190 1416 2232; x_wconf 81' lang='lat' dir='ltr'>conge-</span> 
     </span>
     <span class='ocr_line' id='line_1_29' title="bbox 30 2245 1416 2303; baseline 0 -15"><span class='ocrx_word' id='word_1_294' title='bbox 30 2264 48 2287; x_wconf 88' lang='lat'>»</span> <span class='ocrx_word' id='word_1_295' title='bbox 73 2247 209 2291; x_wconf 85' lang='lat' dir='ltr'>miscit</span> <span class='ocrx_word' id='word_1_296' title='bbox 231 2257 274 2292; x_wconf 85' lang='lat' dir='ltr'>et</span> <span class='ocrx_word' id='word_1_297' title='bbox 297 2245 431 2292; x_wconf 87' lang='lat' dir='ltr'>dolet.</span> <span class='ocrx_word' id='word_1_298' title='bbox 459 2268 476 2289; x_wconf 62' lang='grc' dir='ltr'>ι)</span> <span class='ocrx_word' id='word_1_299' title='bbox 511 2247 717 2300; x_wconf 84' lang='lat' dir='ltr'>Quamvis</span> <span class='ocrx_word' id='word_1_300' title='bbox 751 2246 866 2289; x_wconf 90' lang='lat' dir='ltr'>enim</span> <span class='ocrx_word' id='word_1_301' title='bbox 895 2245 1101 2303; x_wconf 88' lang='lat' dir='ltr'>adjuvent</span> <span class='ocrx_word' id='word_1_302' title='bbox 1126 2260 1203 2289; x_wconf 89' lang='lat' dir='ltr'>nos</span> <span class='ocrx_word' id='word_1_303' title='bbox 1230 2259 1308 2303; x_wconf 88' lang='lat' dir='ltr'>pro</span> <span class='ocrx_word' id='word_1_304' title='bbox 1341 2260 1416 2288; x_wconf 87' lang='lat' dir='ltr'>sua</span> 
     </span>
     <span class='ocr_line' id='line_1_30' title="bbox 27 2315 1416 2377; baseline -0.001 -18"><span class='ocrx_word' id='word_1_305' title='bbox 27 2316 289 2362; x_wconf 85' lang='lat' dir='ltr'>sublimitate</span> <span class='ocrx_word' id='word_1_306' title='bbox 309 2353 319 2373; x_wconf 87' lang='lat'>‚</span> <span class='ocrx_word' id='word_1_307' title='bbox 341 2317 445 2362; x_wconf 89' lang='lat' dir='ltr'>dum</span> <span class='ocrx_word' id='word_1_308' title='bbox 470 2319 777 2377; x_wconf 85' lang='lat' dir='ltr'>obtemperant</span> <span class='ocrx_word' id='word_1_309' title='bbox 800 2319 891 2360; x_wconf 91' lang='lat' dir='ltr'>Deo</span> <span class='ocrx_word' id='word_1_310' title='bbox 906 2351 916 2370; x_wconf 89' lang='lat'>,</span> <span class='ocrx_word' id='word_1_311' title='bbox 943 2316 1018 2375; x_wconf 83' lang='lat' dir='ltr'>qui</span> <span class='ocrx_word' id='word_1_312' title='bbox 1038 2331 1116 2373; x_wconf 88' lang='lat' dir='ltr'>pro</span> <span class='ocrx_word' id='word_1_313' title='bbox 1138 2315 1265 2359; x_wconf 87' lang='lat' dir='ltr'>nobis</span> <span class='ocrx_word' id='word_1_314' title='bbox 1287 2315 1416 2359; x_wconf 88' lang='lat' dir='ltr'>etiam</span> 
     </span>
     <span class='ocr_line' id='line_1_31' title="bbox 28 2387 1417 2447; baseline -0.001 -17"><span class='ocrx_word' id='word_1_315' title='bbox 28 2387 203 2432; x_wconf 89' lang='lat' dir='ltr'>unicum</span> <span class='ocrx_word' id='word_1_316' title='bbox 235 2388 395 2434; x_wconf 87' lang='lat' dir='ltr'>Filium</span> <span class='ocrx_word' id='word_1_317' title='bbox 428 2404 554 2434; x_wconf 91' lang='lat' dir='ltr'>suum</span> <span class='ocrx_word' id='word_1_318' title='bbox 594 2388 799 2447; x_wconf 87' lang='lat' dir='ltr'>dignatus</span> <span class='ocrx_word' id='word_1_319' title='bbox 831 2396 894 2431; x_wconf 89' lang='lat' dir='ltr'>est</span> <span class='ocrx_word' id='word_1_320' title='bbox 915 2387 1088 2430; x_wconf 90' lang='lat' dir='ltr'>mittere</span> <span class='ocrx_word' id='word_1_321' title='bbox 1114 2405 1123 2431; x_wconf 92' lang='lat'>:</span> <span class='ocrx_word' id='word_1_322' title='bbox 1151 2395 1297 2430; x_wconf 85' lang='lat' dir='ltr'>tamen</span> <span class='ocrx_word' id='word_1_323' title='bbox 1327 2387 1417 2430; x_wconf 91' lang='lat' dir='ltr'>sine</span> 
     </span>
    </p>
   </div>
   <div class='ocr_carea' id='block_1_2' title="bbox 292 190 1412 232">
    <p class='ocr_par' dir='ltr' id='par_1_3' title="bbox 292 190 1412 232">
     <span class='ocr_line' id='line_1_32' title="bbox 292 190 1412 232; baseline 0.004 -11"><span class='ocrx_word' id='word_1_324' title='bbox 292 196 345 222; x_wconf 85' lang='lat' dir='ltr'>DE</span> <span class='ocrx_word' id='word_1_325' title='bbox 377 196 566 223; x_wconf 75' lang='lat' dir='ltr'>DIVERSIS</span> <span class='ocrx_word' id='word_1_326' title='bbox 599 196 757 232; x_wconf 62' lang='lat' dir='ltr'>QtJaes&#39;r.</span> <span class='ocrx_word' id='word_1_327' title='bbox 795 197 943 224; x_wconf 68' lang='lat' dir='ltr'>oc‘mG.</span> <span class='ocrx_word' id='word_1_328' title='bbox 980 199 1142 225; x_wconf 69' lang='lat' dir='ltr'>Tmnts.</span> <span class='ocrx_word' id='word_1_329' title='bbox 1359 190 1412 226; x_wconf 83' lang='lat'>93</span> 
     </span>
    </p>
   </div>
   <div class='ocr_carea' id='block_1_3' title="bbox 31 2487 1415 2585">
    <p class='ocr_par' dir='ltr' id='par_1_4' title="bbox 31 2487 1415 2585">
     <span class='ocr_line' id='line_1_33' title="bbox 76 2487 1415 2532; baseline -0.003 -11"><span class='ocrx_word' id='word_1_330' title='bbox 76 2495 85 2511; x_wconf 83' lang='lat'>¹</span> <span class='ocrx_word' id='word_1_331' title='bbox 106 2491 195 2522; x_wconf 27' lang='lat' dir='ltr'>Rom,</span> <span class='ocrx_word' id='word_1_332' title='bbox 212 2501 269 2531; x_wconf 76' lang='lat' dir='ltr'>vn,</span> <span class='ocrx_word' id='word_1_333' title='bbox 289 2490 343 2522; x_wconf 77' lang='lat'>25.</span> <span class='ocrx_word' id='word_1_334' title='bbox 362 2508 402 2514; x_wconf 73' lang='lat'>-</span> <span class='ocrx_word' id='word_1_335' title='bbox 420 2497 432 2512; x_wconf 86' lang='lat'>²</span> <span class='ocrx_word' id='word_1_336' title='bbox 451 2491 499 2523; x_wconf 86' lang='lat' dir='ltr'>Id.</span> <span class='ocrx_word' id='word_1_337' title='bbox 518 2502 542 2531; x_wconf 83' lang='lat'>1,</span> <span class='ocrx_word' id='word_1_338' title='bbox 558 2502 588 2532; x_wconf 81' lang='lat'>9.</span> <span class='ocrx_word' id='word_1_339' title='bbox 609 2507 648 2512; x_wconf 86' lang='lat'>—</span> <span class='ocrx_word' id='word_1_340' title='bbox 667 2489 679 2513; x_wconf 80' lang='lat'>3</span> <span class='ocrx_word' id='word_1_341' title='bbox 695 2488 1051 2528; x_wconf 67' lang='lat' dir='ltr'>Matth.xxv1,[41.—-</span> <span class='ocrx_word' id='word_1_342' title='bbox 1071 2487 1085 2516; x_wconf 68' lang='grc'>4</span> <span class='ocrx_word' id='word_1_343' title='bbox 1115 2490 1205 2520; x_wconf 79' lang='lat' dir='ltr'>Rom.</span> <span class='ocrx_word' id='word_1_344' title='bbox 1227 2498 1280 2528; x_wconf 82' lang='lat' dir='ltr'>vn,</span> <span class='ocrx_word' id='word_1_345' title='bbox 1306 2487 1359 2526; x_wconf 61' lang='lat'>24.</span> <span class='ocrx_word' id='word_1_346' title='bbox 1376 2504 1415 2509; x_wconf 92' lang='lat'>--</span> 
     </span>
     <span class='ocr_line' id='line_1_34' title="bbox 31 2541 1303 2585; baseline -0.002 -9"><span class='ocrx_word' id='word_1_347' title='bbox 31 2541 188 2585; x_wconf 80' lang='lat' dir='ltr'>⁵1d.vn1‚</span> <span class='ocrx_word' id='word_1_348' title='bbox 213 2557 260 2578; x_wconf 85' lang='lat'>11.</span> <span class='ocrx_word' id='word_1_349' title='bbox 279 2545 349 2569; x_wconf 74' lang='lat'>...6</span> <span class='ocrx_word' id='word_1_350' title='bbox 373 2557 382 2578; x_wconf 89' lang='lat'>1</span> <span class='ocrx_word' id='word_1_351' title='bbox 403 2548 474 2579; x_wconf 86' lang='lat' dir='ltr'>Cor.</span> <span class='ocrx_word' id='word_1_352' title='bbox 495 2556 550 2585; x_wconf 88' lang='lat' dir='ltr'>xv,</span> <span class='ocrx_word' id='word_1_353' title='bbox 571 2546 679 2578; x_wconf 86' lang='lat'><strong>55.--</strong></span> <span class='ocrx_word' id='word_1_354' title='bbox 696 2552 709 2579; x_wconf 75' lang='lat'>7</span> <span class='ocrx_word' id='word_1_355' title='bbox 730 2549 818 2578; x_wconf 84' lang='lat' dir='ltr'>Rom.</span> <span class='ocrx_word' id='word_1_356' title='bbox 843 2556 909 2585; x_wconf 74' lang='lat' dir='ltr'>vni,</span> <span class='ocrx_word' id='word_1_357' title='bbox 931 2543 986 2585; x_wconf 60' lang='lat'>25..</span> <span class='ocrx_word' id='word_1_358' title='bbox 1005 2562 1042 2567; x_wconf 84' lang='lat'>-</span> <span class='ocrx_word' id='word_1_359' title='bbox 1061 2543 1075 2565; x_wconf 74' lang='lat'>8</span> <span class='ocrx_word' id='word_1_360' title='bbox 1092 2546 1303 2585; x_wconf 79' lang='lat' dir='ltr'>Joan.1n,2.</span> 
     </span>
    </p>
   </div>
   <div class='ocr_carea' id='block_1_4' title="bbox 0 735 4 2925">
    <p class='ocr_par' dir='ltr' id='par_1_5' title="bbox 0 735 4 2925">
     <span class='ocr_line' id='line_1_35' title="bbox 0 735 4 2925; baseline 0 0"><span class='ocrx_word' id='word_1_361' title='bbox 0 735 4 2925; x_wconf 95' lang='lat' dir='ltr'> </span> 
     </span>
    </p>
   </div>
  </div>
 </body>
</html>
