1790 3187
645 223 840 252 1-:1’1s'ron
872 224 965 250 ιω.
1402 212 1480 250 481

121 306 208 335 non
245 289 467 349 desperate
501 290 671 349 desipit,
695 289 908 343 consulas,
932 290 1026 333 haec
1064 287 1119 332 ad
1150 303 1251 332 eum
1286 290 1490 348 rescripta

120 362 304 421 petimus
326 359 526 420 perferas.
553 360 631 404 Ille
658 363 771 404 enim
805 360 999 405 ordinem
1024 359 1354 405 Christianitatis
1387 360 1490 405 civi-

118 433 215 476 tatis
238 443 388 475 vestrae
406 431 479 475 tibi
503 440 551 475 ut
568 431 1003 491 insinuaret,jussisse
1024 430 1329 489 sibiAngelum
1356 432 1487 491 scrip«

116 505 184 557 sit,
208 519 305 547 cum
332 513 378 547 tu
403 512 544 547 teneas
570 503 952 557 Christianitatem,
968 518 1055 547 non
1077 502 1259 547 civitatis
1283 511 1372 546 tuae
1394 512 1491 546 tan-

116 584 226 629 tum,
261 590 339 618 nec
363 583 531 618 tantum
562 572 716 618 Africse
742 573 808 617 vel
848 573 1069 626 Afrorum,
1102 572 1176 617 sed
1209 573 1341 617 totius
1379 572 1495 617 orbis

118 654 265 696 terrae,
286 661 384 704 quae
406 644 661 688 annuntiata
680 653 743 688 est
764 653 807 687 et
829 645 1112 687 annuntiatur
1134 644 1337 687 omnibus
1356 644 1495 702 genti-

121 716 211 759 bus.
239 715 362 759 Unde
382 714 464 758 illis
482 730 630 773 parum
654 723 731 769 est,
757 715 876 773 quod
900 714 1098 774 praecisos
1119 729 1206 758 esse
1228 729 1316 758 non
1342 714 1495 772 pudet,

119 803 196 830 nec
219 787 298 829 sibi
322 787 601 839 subveniunt,
623 796 670 830 ut
693 802 790 830 cum
813 795 1008 844 possunt,
1025 785 1203 829 redeant
1223 786 1276 829 ad
1296 785 1499 838 radicem,

118 859 197 901 nisi
226 858 353 900 ctiam
382 873 529 901 secum
563 857 666 901 alios
703 858 957 916 praecidere,
982 866 1025 900 et
1050 858 1160 901 sicut
1179 857 1295 915 ligna
1318 855 1435 900 arida
1458 857 1501 899 in

118 929 263 987 iguem
284 929 499 972 destinare
517 938 745 972 conentur.
765 931 1040 986 Quapropter
1068 929 1100 970 si
1123 928 1202 970 tibi
1218 927 1297 985 ipsi
1312 926 1503 984 Angelus

117 1001 340 1054 astitisset,
376 1015 506 1059 quem
538 1000 617 1043 sibi
650 997 722 1041 illc
758 1007 934 1057 propter
972 1006 1014 1041 te
1048 998 1252 1052 astitisse,
1288 1007 1500 1057 quantum

121 1072 383 1116 arbitramur
404 1106 414 1125 ,
441 1079 580 1114 astuta
616 1070 803 1114 vanitate
836 1069 1062 1128 confingit,
1095 1078 1138 1112 et
1172 1070 1265 1113 haee
1301 1070 1391 1127 ipsa
1426 1069 1506 1113 tibi

123 1143 312 1196 dixisset,
349 1157 448 1202 quae
476 1142 555 1185 iste
579 1140 783 1184 mandato
816 1139 932 1183 illius
968 1139 1045 1184 tibi
1076 1155 1118 1183 se
1142 1139 1361 1183 insinuare
1383 1139 1504 1194 dicit,

117 1222 339 1271 oporteret
361 1222 402 1255 te
424 1211 671 1272 apostolicae
689 1210 913 1254 sententiae
937 1225 1171 1253 memorem
1191 1210 1298 1263 fieri,
1324 1210 1400 1269 qui
1418 1211 1501 1254 ait:

120 1301 140 1324 «
164 1284 283 1326 Licet
300 1283 333 1326 si
352 1298 445 1336 nos,
468 1292 542 1326 aut
561 1281 751 1340 Angelus
775 1280 829 1324 de
850 1280 963 1324 coelo
980 1280 1103 1324 vobis
1129 1279 1503 1339 evangelizaverit,

122 1370 140 1393 »
168 1362 322 1412 praeter
345 1353 390 1396 id
413 1352 531 1412 quod
554 1351 941 1410 evangelizavimus
964 1350 1094 1403 vobis,
1116 1351 1318 1393 anthema
1344 1350 1396 1394 sit
1423 1353 1454 1392 1.
1487 1370 1504 1389 »

119 1424 470 1482 Evangelizatum
484 1434 546 1468 est
562 1424 677 1467 enim
701 1423 779 1466 tibi
798 1437 874 1481 per
892 1437 1041 1465 vocem
1057 1421 1189 1480 ipsius
1213 1421 1384 1465 Domini
1403 1424 1507 1465 Jesu

118 1496 293 1549 Christi,
319 1495 440 1556 quod.
474 1495 677 1540 omnibus
708 1493 909 1552 gentibus
942 1493 1274 1536 annuntiabitur
1306 1495 1505 1550 Evange-

119 1566 223 1610 lium
248 1568 358 1626 ejus,
383 1577 426 1610 et
448 1576 554 1610 tunc
586 1566 682 1609 finis
714 1565 795 1608 erit
811 1566 843 1606 ².
866 1563 1219 1621 Evangelizatum
1242 1563 1324 1606 tibi
1346 1572 1408 1607 est
1431 1578 1507 1622 per

120 1639 392 1698 propheticas
420 1647 462 1682 et
495 1637 749 1696 apostolicas
786 1634 967 1688 litteras,
1003 1633 1123 1692 quod
1156 1634 1342 1677 Abrahae
1375 1634 1504 1678 dictae

119 1719 219 1752 sunt
245 1708 549 1768 promissiones
565 1717 607 1750 et
629 1705 780 1750 semini
801 1706 894 1764 ejus
918 1703 1037 1763 quod
1059 1713 1121 1747 est
1139 1704 1378 1759 Christus³,
1403 1720 1503 1748 cum

122 1779 160 1822 ei
189 1778 350 1823 diceret
381 1784 494 1822 Deus
517 1800 529 1835 ·,
556 1798 575 1819 «
614 1781 664 1821 In
703 1776 855 1821 semini
893 1785 970 1819 tuo
1014 1775 1329 1818 benedicentur
1353 1791 1504 1820 omnes

124 1868 144 1891 n
166 1858 312 1908 gentes
327 1850 358 1892 ⁴.
384 1868 403 1889 »
423 1851 508 1892 Has
531 1864 633 1906 ergo
651 1846 951 1906 promissiones
975 1845 1156 1897 tenenti,
1177 1846 1211 1890 si
1227 1845 1506 1904 tibiAngelus

122 1921 176 1964 de
199 1921 311 1965 coelo
331 1920 494 1964 diceret
521 1938 529 1962 :
565 1918 739 1961 Dimitte
759 1916 1128 1962 Christianitatem
1152 1916 1268 1959 orbis
1291 1925 1440 1971 terrae,
1465 1927 1508 1961 et

122 2002 221 2035 tene
256 1991 387 2050 partis
422 1990 600 2043 Donati,
623 1989 742 2048 cojus
766 1986 873 2031 ordo
898 1986 974 2030 tibi
998 1986 1229 2045 exponitur
1251 1987 1295 2029 in
1325 1987 1505 2046 epistola

123 2062 310 2121 episcopi
335 2070 420 2105 tuae
444 2060 642 2112 civitatis,
676 2058 907 2102 anathema
930 2072 1018 2100 esse
1039 2056 1217 2101 deberet
1243 2076 1251 2100 :
1288 2059 1389 2116 quia
1412 2067 1454 2100 te
1483 2074 1507 2101 a

124 2142 216 2177 toto
238 2133 487 2209 praecidere,
504 2131 602 2175 etin
620 2139 787 2190 partem
807 2129 1068 2173 contrudere
1081 2136 1328 2181 conaretur,
1345 2137 1388 2171 et
1409 2128 1506 2173 alie-

124 2201 492 2262 narcapromissis
517 2201 608 2245 Dei.

186 2278 244 2319 11.
288 2275 330 2320 Si
354 2275 468 2317 enim
492 2271 599 2317 ordo
622 2271 921 2330 episcoporum
944 2245 1025 2312 sibi
1049 2269 1379 2313 succedentium
1401 2286 1503 2315 con-

128 2345 380 2392 siderandus
403 2354 488 2400 est,
513 2352 676 2403 quanto
710 2343 869 2386 certius
900 2350 941 2383 et
964 2355 1063 2382 vere
1095 2339 1324 2384 salubriter
1343 2342 1426 2385 ab
1418 2358 1510 2402 ipso

68 2469 74 2475 .
132 2423 257 2462 Petro
294 2432 592 2469 numeramus,
621 2415 697 2459 cui·
725 2415 857 2457 totius
890 2411 1093 2455 Etclesiae
1128 2412 1307 2469 figuram
1348 2417 1513 2471 gerenti

131 2490 342 2532 Dominus
370 2491 441 2531 ait.
472 2509 491 2530 «
532 2491 668 2546 Super
698 2487 809 2529 banc
835 2497 996 2543 petram
1026 2482 1249 2527 aedificabo
1281 2483 1512 2529 Ecclesiam

182 2578 190 2594 ¹
210 2571 275 2605 Gal.
294 2581 316 2612 ι,
345 2575 377 2604 8.
396 2579 460 2594 ——2
490 2570 610 2604 Manli.
636 2582 724 2610 xxiv,
756 2570 860 2609 i.‘;.—
880 2566 893 2590 3
913 2567 980 2600 Gal.
1009 2579 1057 2608 111,
1091 2567 1139 2599 16.
1155 2568 1225 2597 -4
1256 2570 1334 2601 Cen.
1361 2580 1414 2608 χιι,
1432 2570 1516 2611 4.-

325 2637 452 2665 chv.
1287 2626 1329 2661 31
