1790 3187
564 210 763 239 EPISTOLA
795 211 950 240 xxxvr.
1373 204 1460 243 399

65 278 196 335 Mago
217 273 292 320 die
329 274 556 321 Dominico
591 284 858 332 certaturus,
883 284 1069 337 propter
1097 277 1242 336 ipsum
1282 292 1476 338 magnae·-

65 345 316 393 tentationis
334 345 594 405 periculum,
618 346 759 407 pridie
786 363 889 393 cum
909 347 1105 409 ejusdem
1127 348 1248 393 urbis
1277 349 1458 394 ecclesia

62 418 338 478 =jejunaverit,
368 426 413 463 et
440 427 678 464 consecuto
711 428 800 464 tam
828 435 1038 479 prospero
1057 419 1334 482 gloriosoque
1358 436 1461 466 suc-

64 503 202 544 cessu,
213 486 418 533 eumdem
432 503 598 534 morem
615 491 823 546 tenuerit,
840 505 1032 551 eumque
1045 491 1223 536 imitatae
1244 491 1331 536 sint
1347 506 1461 536 non-

63 559 199 605 nullae
215 560 462 606 Occidentis
476 561 684 607 ecclesiae.
705 562 790 608 Sed
804 562 854 618 si,
880 571 930 608 ut
951 562 1031 607 iste
1047 562 1168 619 dicit,
1191 562 1340 608 Simon
1361 565 1457 607 Ma-

66 646 144 690 gus
169 632 310 690 figura
330 641 423 679 erat
441 631 606 678 diaboli
627 654 639 693 3
665 649 755 679 non
777 634 909 694 plane
926 634 1194 680 sabbatarius
1211 643 1287 680 aut
1303 634 1457 679 Domi-

63 701 282 758 nicatius,
313 702 389 748 sed
421 703 704 763 quotidianus
732 714 796 751 est
831 705 904 749 ille
936 714 1156 751 tentator:
1196 721 1278 750 nec
1310 714 1456 750 tamen

65 773 269 819 adversus
281 790 382 819 eum
399 776 597 836 quotidie
609 778 853 838 jejunatur,
877 777 1057 838 quando
1074 787 1118 824 et
1138 777 1292 823 diebus
1306 776 1459 822 Domi-

64 844 172 889 nicis
188 846 410 902 omnibus,
427 856 469 892 et
484 849 806 909 quinquaginta
826 858 924 909 post
941 850 1120 905 Pascha,
1138 858 1182 893 et
1198 864 1276 907 per
1288 847 1459 892 diversa

63 915 159 961 loca
174 915 328 962 diebus
345 917 612 965 solemnibus
626 923 868 977 Martyrum
881 928 924 964 et
938 920 1056 964 festis
1069 919 1317 979 quibusque
1331 932 1459 977 pran-

63 984 228 1032 detur:
258 996 302 1032 et
328 997 477 1032 tamen
508 988 711 1035 diabolus
735 991 940 1046 vincitur,
978 990 1012 1034 si
1053 990 1170 1035 oculi
1202 988 1339 1034 nostri
1372 989 1458 1031 sint

63 1071 234 1117 semper
255 1059 312 1103 ad
346 1060 605 1117 Dominum,
642 1071 692 1106 ut
723 1063 814 1121 ipse
849 1061 1006 1106 evellat
1038 1061 1092 1105 de
1132 1060 1293 1121 laqueo
1325 1059 1459 1119 pedes

63 1138 261 1175 nostros:
297 1138 342 1174 et
369 1132 458 1175 sive
488 1132 822 1188 manducamus,
853 1133 941 1177 sive
971 1132 1179 1187 bibimus,
1204 1133 1293 1176 sive
1315 1129 1461 1190 quod-

64 1213 255 1260 cumque
289 1200 473 1246 facimus
488 1237 500 1257 ,
536 1203 681 1247 omnia
720 1205 767 1247 in
804 1203 985 1262 gloriam
1021 1203 1098 1247 Dei
1130 1202 1341 1247 iaciamus
1369 1219 1378 1246 ε
1416 1208 1459 1243 et

65 1279 283 1330 quantum
314 1271 362 1315 in
391 1273 517 1317 nobis
553 1282 638 1329 est,
664 1274 756 1317 sine
786 1274 1028 1318 offensione
1059 1273 1192 1317 simus
1220 1271 1385 1316 Judaeis
1416 1278 1461 1314 et

66 1343 224 1387 Graecis
247 1352 290 1387 et
313 1343 516 1388 Ecclesiae
535 1345 629 1389 Dei.
657 1344 786 1399 Quod
816 1360 973 1405 parum
1003 1346 1218 1404 cogitant,
1242 1345 1320 1404 qui
1357 1356 1460 1387 cum

65 1414 307 1459 offensione
326 1416 610 1471 manducant,
633 1417 700 1460 vel
720 1432 821 1461 cum
838 1417 1080 1462 offensione
1089 1417 1305 1476 jejunant,
1324 1424 1367 1458 et
1384 1428 1462 1473 per

64 1486 319 1531 utramlibet
353 1487 735 1546 intemperantiam
771 1488 975 1532 scandala
1016 1487 1259 1542 concitant,
1299 1485 1462 1545 quibus

67 1572 157 1601 non
173 1568 405 1617 superatur
421 1559 639 1614 diabolus,
666 1559 739 1603 sed
757 1559 948 1604 laetatur.

124 1630 272 1673 XXII.
307 1628 438 1683 Quod
472 1629 506 1673 si
535 1630 869 1689 respondeatur,
904 1631 989 1674 hoc
1022 1628 1220 1673 docuisse
1248 1627 1461 1672 Jacobum

64 1698 364 1755 Jerosolomis,
407 1701 570 1759 Ephesi
605 1704 844 1755 Joannem,
880 1710 1150 1759 caeterosque
1194 1698 1287 1743 aliis
1324 1697 1432 1742 locis
1448 1730 1460 1751 ,

66 1769 187 1828 quod
210 1769 361 1814 docuit
383 1774 535 1814 Romae
557 1774 728 1825 Petrus,
755 1771 800 1814 id
822 1780 902 1826 est,
937 1780 989 1814 ut
1021 1770 1203 1815 sabbato
1221 1771 1460 1830 jejunetur,

69 1838 145 1882 sed
167 1839 223 1883 ab
250 1840 333 1883 hac
357 1839 559 1886 doctrina
581 1850 715 1885 terras
737 1850 914 1885 caeteras
940 1840 1161 1896 deviasse,
1187 1849 1321 1899 atque
1345 1839 1391 1882 in
1415 1852 1465 1881 ea

68 1911 255 1956 Romam
271 1911 437 1956 stetisse
462 1930 472 1956 ε
498 1920 543 1956 et
559 1927 582 1955 e
604 1911 824 1956 contrario
848 1911 1038 1956 retertur
1047 1909 1298 1955 Occidentis
1320 1910 1465 1969 potius

68 1979 214 2041 aliqua
234 1981 404 2037 loca,in
416 1982 576 2042 quibus
596 1986 737 2027 Roma
754 1991 834 2038 est,
855 1998 945 2026 non
969 1997 1156 2027 servasse
1177 1979 1298 2041 quod
1321 1983 1464 2039 Apos-

68 2050 147 2094 toli
168 2051 444 2096 tradiderunt
465 2071 475 2097 ε
506 2053 696 2097 Orientis
718 2068 820 2098 vero
839 2061 989 2107 terras,
1016 2052 1134 2096 unde
1165 2052 1301 2110 coepit
1320 2051 1465 2109 ipsum

70 2123 359 2181 Evangelium
377 2124 620 2184 praedicari,
639 2126 686 2169 in
705 2140 757 2169 eo
780 2125 902 2186 quod
918 2125 972 2169 ab
988 2125 1194 2169 omnibus
1212 2122 1341 2167 simul
1363 2135 1465 2166 cum

56 2196 163 2254 ipso
184 2198 314 2240 Petro
336 2197 553 2256 Apostolis
580 2197 792 2241 traditum
823 2206 903 2252 est,
936 2211 992 2240 ne
1019 2196 1202 2240 sabbato
1223 2195 1461 2254 jejunetur,

70 2266 158 2310 sine
180 2266 324 2327 aliqua
345 2268 553 2312 varietate
573 2269 801 2313 mansisse:
816 2266 1152 2311 interminabilis
1173 2275 1238 2310 est
1258 2265 1338 2309 ista
1354 2279 1463 2309 con-

72 2338 240 2393 tentio,
274 2353 483 2396 generans
515 2338 626 2395 lites,
657 2355 747 2385 non
779 2339 934 2383 finiens
972 2337 1249 2398 quaestiones.
1278 2337 1341 2381 Sit
1362 2349 1464 2393 ergo

72 2423 161 2452 una
175 2408 283 2453 fides
303 2410 534 2465 universae,
553 2425 653 2469 quae
678 2410 845 2470 ubique
867 2408 1091 2464 dilatatur,
1120 2406 1342 2462 Ecclesiae,
1363 2416 1463 2450 tan-

72 2494 206 2539 quam
228 2481 345 2526 intus
363 2482 410 2526 in
426 2482 650 2538 membris,
676 2482 842 2526 etiamsi
864 2481 955 2540 ipsa
979 2480 1082 2524 fidei
1110 2481 1254 2524 unitas
1276 2479 1465 2540 quibus-

73 2548 174 2595 dam
204 2550 381 2597 diversis
423 2552 802 2598 observationibus
839 2550 1106 2606 celebratur,
1143 2550 1305 2611 quibus
1338 2547 1463 2594 nullo
