1790 3187
546 285 748 316 zrlsTOLA
780 288 970 317 xxxvm.
1365 276 1444 319 411

59 354 156 399 haec
184 353 330 399 omnia
353 371 363 398 :
399 352 474 397 sed
509 353 611 414 quia
641 353 748 397 mihi
771 368 814 398 es
847 353 955 398 alter
984 368 1088 413 ego,
1113 352 1222 413 quid
1244 352 1451 402 libentius

60 434 205 470 tecum
223 423 428 484 loquerer
446 425 526 468 nisi
543 423 664 484 quod
686 439 858 469 mecum
877 424 1064 484 loquor?
1082 425 1451 472 Commendamus

60 511 161 554 ergo
183 495 342 540 sanctis
374 496 646 541 orationibus
680 497 766 540 tuis
785 505 828 540 et
850 496 941 540 dies
964 505 1007 540 et
1021 505 1170 542 noctes
1192 505 1375 554 nostras,
1402 508 1452 542 ut

59 567 188 612 oretis
213 581 293 626 pro
329 566 478 622 nobis,
510 582 564 611 ne
600 566 755 611 diebus
789 567 1131 627 intemperanter
1158 568 1335 612 utamur
1361 589 1372 627 3
1401 577 1453 614 ut

59 646 208 682 noctes
237 653 365 698 aequo
387 638 531 682 animo
553 638 806 694 toleremuS,
843 648 893 683 ut
919 639 1086 683 etiamsi
1110 638 1384 684 ambulemus
1405 640 1452 683 in

58 708 204 755 medio
225 710 392 755 umbrae
407 711 575 767 mortis,
592 710 820 756 nobiscum
836 711 890 755 sit
908 711 1134 767 Dominus,
1146 726 1202 756 ne
1224 712 1451 756 timeamus

59 780 189 826 mala.

119 854 178 896 II.
192 852 323 905 Quod
345 867 475 896 senex
491 852 703 912 Megalius
720 850 955 897 defunctus
977 852 1030 897 sit
1057 856 1160 908 (23),
1172 853 1264 913 jam
1277 867 1354 898 vos
1372 868 1451 897 au·

59 922 170 968 disse
185 924 281 984 quis
296 923 499 968 dubitet?
514 927 651 968 Erant
666 924 782 967 enim
800 939 823 967 a
847 923 1119 982 depositione
1137 924 1329 981 corporis
1343 925 1449 983 ejus,

59 1009 160 1039 cum
190 995 284 1038 haec
315 994 567 1049 scriberem,
597 993 689 1037 dies
714 992 851 1037 ferme
869 993 1024 1052 viginti
1054 1002 1258 1053 quatuor.
1295 996 1453 1039 Utrum

55 1065 144 1125 jam
167 1063 341 1119 videris,
368 1064 628 1124 disponebas
646 1063 778 1119 enim,
794 1078 1083 1108 successorem
1106 1064 1316 1124 primatus
1333 1067 1425 1124 ejus
1439 1100 1451 1121 ‚

59 1136 93 1180 si
124 1135 214 1179 fieri
236 1144 393 1194 potest,
425 1150 549 1180 nosse
570 1134 788 1180 volumus.
813 1137 911 1180 Non
944 1136 1104 1180 desunt
1131 1135 1350 1191 scandala,
1380 1137 1455 1181 sed

59 1221 203 1265 neque
227 1205 443 1264 refugium
461 1224 470 1250 ι
496 1221 585 1250 non
605 1206 764 1250 desunt
785 1220 1011 1261 moerores,
1033 1206 1108 1250 sed
1136 1221 1280 1266 neque
1296 1222 1454 1252 conso·

58 1277 258 1321 lationes.
276 1280 422 1336 Atque
439 1277 552 1321 inter
572 1278 666 1321 haec
688 1293 819 1337 quam
837 1278 1111 1337 vigilandum
1134 1278 1203 1334 sit,
1229 1294 1284 1322 ne
1306 1280 1455 1338 cujus-

60 1363 194 1408 quam
220 1347 370 1392 odium
394 1348 537 1393 cordis
554 1349 705 1393 intima
724 1357 892 1403 teneat,
918 1364 1063 1408 neque
1080 1349 1192 1393 sinat
1208 1358 1258 1393 ut
1282 1365 1455 1394 oremus

61 1422 203 1463 Deum
226 1420 269 1463 in
287 1419 492 1464 cubiculo
512 1429 661 1464 nostro
680 1419 827 1464 clauso
850 1420 974 1475 ostio,
996 1420 1073 1464 sed
1095 1420 1299 1465 adversus
1313 1421 1454 1480 ipsum

62 1492 203 1534 Deum
225 1488 400 1534 claudat
425 1491 600 1546 ostium,
625 1490 738 1535 nosti
760 1490 925 1550 optime
957 1489 1090 1535 trater
1117 1510 1126 1535 :
1155 1492 1353 1550 subrepit
1376 1507 1456 1535 au-

62 1569 167 1615 tem,
195 1560 301 1605 dum
323 1560 435 1605 nulli
457 1562 658 1605 irascenti
676 1561 737 1605 ira
755 1576 832 1605 sua
855 1561 1029 1606 videtur
1050 1562 1224 1622 injusta.
1251 1565 1316 1606 Ita
1339 1562 1455 1606 enim

62 1631 379 1676 inveterascens
411 1632 472 1675 ira
494 1632 543 1675 fit
574 1631 742 1686 odium,
774 1631 882 1676 dum
906 1632 1029 1692 quasi
1051 1633 1157 1692 justi
1184 1632 1346 1677 doloris
1379 1632 1458 1677 ad-

64 1703 195 1747 mixta
217 1701 423 1757 dulcedo,
449 1703 613 1747 diutius
635 1718 730 1747 eam
754 1704 800 1746 in
821 1718 920 1746 vase
942 1702 1125 1758 detinet,
1151 1702 1292 1748 donec
1315 1712 1456 1747 totum

0 1800 1 1819 ;
65 1782 245 1828 acescat,
265 1788 428 1833 vasque
449 1783 716 1833 corrumpat.
734 1776 1008 1832 Quapropter
1031 1774 1172 1818 multo
1190 1774 1362 1829 melius,
1377 1789 1456 1818 nec

59 1847 175 1906 juste
204 1845 408 1904 cuiquam
437 1845 685 1900 irascimur,
721 1860 853 1904 quam
875 1844 996 1889 velut
1024 1846 1140 1904 juste
1162 1845 1387 1890 irascendo
1412 1846 1458 1889 in

64 1916 246 1975 alicujus
274 1916 424 1960 odium
445 1917 519 1960 irae
542 1916 714 1960 occulta
734 1914 943 1960 facilitate
973 1914 1236 1961 delabimur.
1270 1920 1319 1960 In
1353 1917 1458 1960 reci-

0 2030 2 2038 ,
65 1986 235 2046 piendis
271 1987 386 2031 enim
425 1988 670 2046 hospitibus
690 1987 864 2045 ignotis,
899 1986 1087 2031 solemus
1125 1987 1284 2042 dicere,
1318 1987 1459 2032 multo

66 2072 156 2102 esse
181 2056 336 2102 melius
358 2057 522 2101 malum
552 2057 776 2101 hominem
809 2058 992 2117 perpeti,
1024 2073 1157 2118 quam
1178 2056 1360 2102 forsitan
1382 2073 1460 2117 per

0 2155 4 2174 ;
66 2129 358 2188 ignorantiam
388 2127 560 2173 excludi
579 2129 764 2184 bonum,
790 2129 896 2173 dum
919 2144 1121 2174 cavemus
1150 2145 1205 2173 ne
1227 2130 1461 2189 recipiatur

0 2244 3 2256 ,
67 2200 230 2245 malus:
250 2201 325 2244 sed
348 2201 394 2244 in
423 2201 653 2246 affectibus
675 2201 807 2245 animi
829 2210 981 2246 contra
1004 2210 1082 2245 est.
1101 2203 1211 2246 Nam
1234 2202 1460 2260 incompa-

67 2269 263 2316 rabiliter
284 2269 497 2316 salubrius
518 2280 581 2316 est
602 2272 731 2316 etiam
753 2272 828 2316 irae
839 2273 954 2331 juste
973 2271 1163 2330 pulsanti
1180 2287 1269 2315 non
1293 2272 1460 2331 aperire

68 2341 290 2401 penetrale
311 2341 452 2386 cordis
466 2377 477 2396 ,
509 2357 641 2401 quam
670 2342 899 2386 admittere
916 2357 1006 2386 non
1027 2341 1155 2386 facile
1175 2357 1457 2398 recessuram,

68 2421 112 2457 et
134 2421 442 2472 perventuram
471 2412 525 2457 de
547 2412 723 2457 surculo
741 2412 794 2457 ad
813 2413 996 2456 trabem.
1021 2411 1168 2457 Audet
1193 2414 1357 2473 quippe
1379 2415 1462 2458 im·-

1 2497 5 2504 ·
69 2483 286 2542 pudenter
307 2484 436 2527 etiam
470 2498 660 2528 crescere
684 2484 811 2528 citius
840 2499 971 2543 quam
997 2492 1191 2542 putatur.
1217 2486 1315 2529 Non
1345 2483 1461 2528 enim

71 2553 289 2598 erubescit
309 2553 354 2597 in
372 2554 579 2609 tenebris,
597 2569 696 2598 cum
714 2569 842 2613 super
866 2569 961 2597 eam
984 2553 1048 2598 sol
1070 2553 1292 2598 occiderit.
1320 2557 1462 2599 Reco-

15 2679 19 2695 <
72 2623 122 2667 lis
145 2633 260 2668 certe
292 2639 378 2683 qua
401 2640 502 2669 cura
523 2633 566 2669 et
587 2634 750 2684 quanta
774 2623 1067 2669 sollicitudine
1089 2625 1168 2669 ista
1197 2625 1459 2684 scripserim,
