1790 3187
618 169 817 198 Emsmomt
852 171 878 195 ι.
1360 156 1443 193 255

62 254 136 300 per
163 240 396 284 verborum
420 237 641 294 ingenium
665 253 687 280 a
710 252 854 280 rerum
878 233 1264 293 comprehensione
1295 232 1443 275 deter—

62 309 148 353 ruit
173 308 402 365 sententia)
424 307 468 350 in
489 322 608 366 spem
632 304 898 366 reperiendae
920 305 1111 349 veritatis
1144 320 1152 345 ι
1179 318 1233 345 ne
1255 303 1298 346 id
1325 301 1444 361 quod

62 378 328 424 eradicandis
362 376 573 421 altissimis
610 376 825 420 erroribus
862 391 939 434 pro
975 385 1170 433 tempore
1195 388 1444 417 accommo-

62 449 214 494 datum
233 447 316 492 fuit
332 483 343 503 ,
359 449 450 508 jam
468 447 645 506 incipiat
661 445 902 490 inserendae
924 446 1114 490 scientiae
1134 445 1447 503 impedimento

61 534 163 564 esse.

122 591 180 634 ΙΙ.
210 591 397 632 Tantum
428 587 544 630 enim
567 596 673 632 tunc
703 587 920 632 variarum
948 595 1160 631 sectarum
1191 583 1333 629 studia
1365 584 1448 628 ssa-

64 661 271 721 grabant,
302 670 351 704 ut
374 659 482 704 nihil
506 659 790 704 metuendum
815 668 924 703 esset
952 659 1031 703 nisi
1054 658 1151 703 falsi
1173 656 1445 717 approbatio.

63 731 216 777 Pulsus
245 740 391 775 autem
421 730 605 791 quisque
638 729 722 774 illis
755 731 1019 789 argumentis
1056 729 1109 773 ab
1143 744 1219 783 eo,
1254 726 1373 786 quod
1406 740 1450 770 se

62 803 236 847 firmum
258 812 301 846 et
322 803 627 846 inconcussum
653 812 796 845 tenere
819 799 1082 853 crediderat,
1106 809 1227 842 tanto
1245 807 1450 842 constan-

61 874 148 918 tius
169 884 300 934 atque
330 874 497 917 cautius
518 871 636 916 aliud
658 874 883 931 quaerebat
899 906 909 926 ,
936 881 1102 930 quanto
1125 881 1167 914 et
1188 870 1232 913 in
1257 869 1453 913 moribus

0 964 1 983 ι
61 946 196 1004 major
218 954 309 988 erat
331 943 565 996 industria,
591 954 633 987 et
655 943 699 986 in
722 953 874 986 natura
894 958 1036 986 rerum
1061 951 1191 1001 atque
1207 941 1451 983 animorum

63 1016 263 1060 altissima
281 1026 323 1059 et
338 1014 666 1074 implicitissima
685 1015 818 1058 latere
837 1014 990 1057 veritas
1010 1013 1291 1056 sentiebatur.
1317 1014 1453 1054 Tanta

0 1080 1 1083 Ἴ
63 1103 192 1147 porro
221 1102 339 1130 nunc
372 1085 475 1144 fuga
498 1085 656 1129 laboris
690 1095 732 1128 et
760 1085 925 1128 incuria
952 1084 1164 1128 bonarum
1195 1083 1374 1134 artium,
1406 1090 1455 1124 ut

64 1158 190 1203 simul
219 1168 352 1218 atque
376 1158 592 1215 sonuerit,
624 1157 878 1201 acutissimis
903 1156 1169 1215 philosophis
1195 1170 1284 1197 esse
1311 1154 1454 1197 visum

65 1230 170 1275 nihil
191 1245 311 1288 posse
331 1228 643 1288 comprehendi
663 1248 671 1273 ε
694 1229 915 1271 dimittant
936 1238 1099 1271 mentes
1118 1237 1158 1270 et
1174 1227 1217 1269 in
1241 1235 1454 1269 aeternum

0 1312 4 1355 ,ἱ
64 1300 302 1347 obducant.
325 1304 419 1345 Non
437 1301 552 1344 enim
576 1299 739 1343 audent
758 1300 991 1343 vivaciores
1014 1314 1057 1342 se
1080 1297 1161 1341 illis
1181 1296 1356 1341 credere
1374 1331 1384 1348 ,
1407 1303 1455 1338 ut

65 1373 144 1417 sibi
167 1382 398 1431 appareat,
421 1372 541 1431 quod
571 1381 687 1415 tanto
709 1370 854 1415 studio
874 1406 884 1425 ,
904 1371 1080 1429 ingenio
1097 1404 1108 1419 ,
1130 1369 1241 1423 otio,
1270 1377 1353 1412 tam
1375 1366 1454 1410 de-

0 1479 3 1506 <
67 1444 198 1503 nique
218 1444 354 1487 multa
380 1443 700 1502 multiplicique
722 1443 919 1487 doctrina,
939 1477 949 1497 ,
976 1449 1194 1501 post‘remo
1218 1441 1303 1484 vita
1326 1440 1455 1482 etiam

1 1515 3 1546 ἶ
65 1511 308 1573 longissima
333 1514 576 1559 Carneades
605 1514 799 1557 invenire
824 1530 911 1557 non
941 1513 1100 1571 potuit.
1137 1513 1177 1556 Si
1203 1527 1304 1554 vero
1327 1511 1458 1553 ctiam

0 1619 7 1640 s
67 1583 337 1645 aliquantum
370 1586 618 1629 obnitentes
651 1584 854 1628 adversus
881 1584 1123 1643 pigritiam,
1148 1582 1330 1639 legerint
1363 1596 1458 1624 eos-

2 1647 7 1693 ¹,
67 1653 164 1699 dem
188 1655 339 1709 libros,
362 1656 522 1715 quibus
543 1657 664 1714 quasi
688 1655 932 1699 ostenditur
960 1664 1128 1697 naturae
1150 1654 1353 1696 humanae
1376 1651 1456 1694 de-

4 1762 7 1767 ,
66 1736 220 1784 negata
255 1727 504 1786 perceptio,
543 1735 666 1770 tanto
698 1735 873 1785 torpore
910 1724 1250 1778 indormiscunt,
1288 1733 1338 1766 ut
1377 1737 1456 1766 nec

19 1852 22 1860 .
66 1797 228 1842 coelesti
257 1798 359 1841 tuba
384 1797 604 1856 evigilent.
1358 1786 1361 1791 Α

4 1868 21 1922 s
126 1871 207 1912 111.
234 1868 526 1921 Quamobrem
546 1883 644 1910 cum
669 1867 955 1925 gratissimum
980 1867 1162 1909 habeam
1187 1864 1316 1908 fidele
1333 1862 1455 1923 judi-

67 1940 180 1985 cium
210 1950 337 1983 tuum
367 1939 422 1983 de
452 1938 606 1982 libellis
640 1939 773 1993 meis,
805 1947 1065 1998 tantumque
1093 1937 1138 1980 in
1172 1947 1212 1980 te
1247 1935 1457 1979 momenti

0 2035 21 2061 ·,
68 2025 225 2069 ponam
241 2045 251 2064 ,
273 2020 322 2054 ut
347 2025 426 2053 nec
443 2025 562 2053 error
582 2010 627 2052 in
652 2018 772 2052 tuam
795 2009 1076 2067 prudentiam
1093 2043 1103 2063 ,
1132 2023 1212 2051 nec
1237 2007 1282 2049 in
1305 2005 1456 2049 amici-

0 2082 22 2141 s
69 2080 170 2125 tiam
193 2081 412 2125 simulatio
429 2080 582 2124 cadere
600 2080 734 2139 possit
751 2078 897 2134 ,illud
924 2079 1054 2137 magis
1077 2088 1177 2137 peto
1207 2076 1459 2135 diligentius

70 2152 335 2207 consideres,
368 2153 564 2212 mihique
594 2151 828 2206 rescribas,
855 2161 1003 2194 utrum
1027 2150 1242 2209 approbes
1265 2146 1386 2208 quod
1413 2148 1458 2190 in

71 2233 258 2269 extremo
279 2224 390 2268 tertii
408 2224 507 2267 libri
524 2223 801 2283 suspiciosius
819 2220 996 2266 fortasse
1013 2236 1145 2281 quam
1162 2220 1347 2276 certius3
1375 2218 1458 2262 uti-

9 2324 11 2328 *
71 2294 152 2340 lius
178 2305 349 2350 tamen,
375 2305 424 2339 ut
454 2295 659 2349 arbitror,
690 2310 822 2354 quam
850 2292 1149 2337 incredibilius
1179 2291 1331 2351 putavi
1361 2305 1457 2334 cre-

72 2365 278 2412 dendum.
304 2366 520 2426 Equidem
540 2382 721 2426 quoquo
740 2367 871 2410 modo
894 2381 937 2409 se
960 2365 1151 2408 babeant
1172 2362 1256 2406 illae
1273 2363 1428 2406 litterae
1443 2396 1454 2416 ,

8 2434 10 2495 ζ
73 2451 159 2482 non
182 2448 270 2482 tam
292 2453 360 2481 me
388 2436 576 2482 delectat
597 2435 739 2497 quod,
765 2445 814 2480 ut
833 2436 983 2480 scribis
1001 2470 1011 2490 ,
1037 2434 1317 2479 Academicos
1340 2433 1456 2477 vice-

2 2503 11 2533 ²
74 2507 174 2563 rim,
193 2508 355 2564 (scribis
373 2508 488 2552 enim
504 2508 586 2552 hoc
609 2507 824 2552 amantius
842 2505 955 2551 forte
972 2521 1104 2566 quam
1118 2506 1261 2549 verius
1273 2509 1310 2562 ,)
1325 2518 1457 2564 quam
