1790 3187
618 262 814 289 EviSToLA
848 263 976 289 xxm.
1387 252 1471 290 309

87 345 214 374 senex
249 329 505 373 Saturninus
539 331 598 384 (6)
631 329 833 385 dignatus
868 327 1024 380 suerit,
1051 326 1227 386 quando
1259 337 1471 386 opportu-

88 416 191 443 num
215 399 459 451 videbitur,
487 399 539 441 ad
565 414 641 441 nos
665 398 810 440 venire
831 418 842 454 3
869 398 1083 457 quidquid
1108 413 1207 442 cum
1232 399 1322 457 ejus
1345 413 1472 442 sanc-

87 471 210 514 titate
224 503 235 523 ,
256 478 298 512 et
315 468 527 527 spirituali
546 468 706 511 affeetu
726 467 915 527 colloqui
934 467 1223 527 potuerimus,
1243 478 1317 511 aut
1336 467 1442 510 nibil
1458 502 1470 523 ‚

87 549 161 584 aut
191 555 278 583 non
311 539 500 582 multum
535 539 738 591 distabit,
766 554 814 582 ac
845 540 879 582 si
907 554 1007 582 eum
1037 548 1111 582 tua
1143 538 1394 596 dignatione
1427 538 1473 582 id

87 625 325 668 ageremus.
353 609 481 662 Quod
510 618 556 652 ut
580 608 808 652 nobiscum
834 609 889 652 ab
925 624 976 652 eo
1000 618 1144 667 petere
1173 618 1303 668 atque
1330 609 1472 666 impe-

88 689 200 724 trare
223 681 434 738 digneris,
458 680 587 723 tantis
607 679 809 739 precibus
831 695 960 738 posco
976 715 986 734 ,
1010 680 1182 739 quantis
1204 680 1333 722 verba
1355 677 1475 722 nulla

86 752 324 796 sufficiunt.
360 753 611 796 Absentiam
643 751 758 794 enim
792 767 929 794 meam
962 761 1130 795 tantum
1156 751 1283 808 longe
1310 752 1475 809 {lippo-

88 839 239 867 nenses
260 823 542 866 veliementer
564 823 775 882 nimisque
794 822 1051 877 formidant,
1074 837 1217 881 neque
1238 822 1327 865 ullo
1345 821 1475 866 modo

86 894 193 937 mibi
216 894 274 937 sic
293 894 447 937 volunt
469 892 671 944 credere3
695 904 741 936 ut
763 903 805 936 et
827 909 907 950 ego
925 893 1062 935 vobis.
1085 897 1249 948 Agrum
1269 892 1476 935 tratribus

86 963 237 1007 datum
262 965 506 1023 provisione
529 973 570 1006 et
594 964 852 1006 liberalitate
877 973 947 1006 lua
967 962 1199 1006 didicimus
1215 997 1225 1017 ‚
1247 972 1347 1005 ante
1365 962 1478 1020 epis-

89 1034 219 1078 tolam
245 1045 387 1089 tuam,
410 1050 486 1093 per
507 1043 704 1077 sanctum
734 1033 910 1077 fratrem
936 1042 977 1076 et
999 1047 1254 1076 conservum
1280 1043 1476 1076 nostrum

89 1106 368 1149 Parthenium
385 1140 395 1159 ‚
432 1121 454 1148 a
478 1121 566 1163 quo
597 1105 735 1149 multa
771 1104 874 1158 alia,
901 1120 1001 1163 quae
1027 1104 1176 1148 audire
1198 1104 1478 1147 desideraba-

86 1191 182 1219 mus
206 1177 467 1220 audivimus.
492 1177 716 1220 l‘raestabit
740 1176 946 1220 Dominus
965 1185 1013 1220 ut
1029 1176 1156 1220 etiam
1175 1186 1353 1229 caetera,
1379 1189 1478 1234 quae

87 1248 232 1292 adhuc
251 1249 565 1303 desideramus,
592 1247 872 1307 impleantur.

89 1393 371 1409 mmmmm!
377 1392 1014 1409 wmmmmmmmm
1020 1389 1480 1409 mmmmmwuw

482 1505 802 1551 EPiSToiifz.
851 1505 959 1550 XX}
977 1506 1012 1549 ll
1037 1497 1068 1549 ¹.

86 1640 217 1672 nomino
233 1639 437 1672 dilectissimo
467 1644 500 1671 et
516 1638 695 1670 honorabili
716 1639 807 1670 fratri
838 1638 1090 1672 MAXIMINO
1113 1639 1162 1679 (Ἴ)
1187 1639 1479 1674 AUGUSTINUS

317 1697 486 1738 presbyter
506 1696 654 1729 Ecclesiae
675 1696 853 1736 catliolicae,
880 1696 910 1727 in
935 1696 1069 1727 Domino
1096 1696 1243 1727 salutem.

87 1815 386 1876 Augustinus
404 1814 682 1858 M'aoeimino
705 1815 927 1873 episcopo
944 1812 1241 1869 Donatistae,
1266 1814 1349 1873 qui
1369 1812 1478 1858 dta-

147 1900 318 1929 conum
342 1882 635 1928 catholicum
658 1883 985 1943 rebaptizasse
1014 1882 1296 1940 dicebatur,
1322 1894 1373 1927 ut
1395 1893 1480 1928 (cut

132 1955 367 2018 fateatur
371 1956 574 2018 factum
588 1993 603 2012 ,
629 1966 714 2000 aut
731 1958 1021 2017 profiteatur
1046 1972 1096 2000 se
1125 1954 1450 2000 orthodoxum
1462 1992 1477 2011 ,

147 2028 354 2071 invitans
374 2025 506 2071 illum
526 2025 603 2071 vel
618 2025 690 2071 ad
702 2026 1017 2086 colloquium,
1037 2025 1115 2071 vel
1132 2025 1203 2071 ad
1214 2025 1479 2072 rescriben—

145 2095 259 2141 dum
275 2132 291 2153 ,
317 2106 367 2141 ut
389 2095 653 2142 concordia
673 2096 722 2142 E
725 2096 910 2142 cclesice
931 2097 1188 2142 sarciatur.

147 2235 183 2276 Ι.
220 2235 349 2276 Pmcs
372 2247 502 2292 quam
531 2231 586 2276 ad
618 2247 706 2276 rem
732 2233 903 2277 veniam
922 2267 934 2287 ‚
965 2233 1020 2276 de
1047 2247 1134 2292 qua
1161 2241 1251 2276 tuae
1285 2232 1480 2276 benevo-

90 2301 235 2348 lentiae
252 2303 439 2347 scribere
459 2302 601 2358 volui,
628 2303 743 2347 tituli
764 2303 891 2363 hujus
914 2302 1130 2362 epistolae,
1156 2317 1212 2345 ne
1233 2301 1301 2346 vel
1325 2311 1366 2346 te
1381 2337 1392 2356 ‚
1411 2302 1481 2347 vel

92 2374 222 2418 alium
261 2374 511 2434 quempiam
550 2383 722 2418 moveat
742 2409 753 2429 ‚
798 2374 1008 2418 rationem
1052 2374 1241 2418 breviter
1278 2373 1476 2418 reddam.

97 2462 116 2487 «
141 2445 349 2502 Domino3
371 2465 388 2486 »
418 2445 604 2504 Scripsi3
630 2446 731 2505 quia
753 2446 962 2503 scriptum
986 2454 1070 2499 est,
1102 2463 1121 2486 «
1152 2446 1239 2488 Vos
1267 2444 1310 2488 in
1344 2443 1478 2488 liber-

96 2533 116 2556 »
141 2524 273 2560 tatem
292 2516 434 2560 vocati
455 2516 553 2560 estis
570 2551 580 2570 ‚
606 2516 782 2570 fratres,
805 2526 977 2561 tantum
1000 2531 1054 2559 ne
1070 2514 1316 2559 libertatem
1340 2516 1385 2559 in
1405 2531 1479 2560 oc-

142 2613 147 2627 ·
171 2606 254 2638 Alias
271 2617 351 2639 ceni.
374 2618 443 2648 quae
457 2611 563 2639 autem
579 2618 656 2639 xxm
672 2614 752 2647 erat,
768 2618 850 2639 nunc
862 2618 968 2639 xcvni.
981 2606 1148 2649 ——Scripta
1167 2607 1251 2638 circa
1266 2617 1383 2639 annum
1403 2607 1478 2647 392.
