1790 3187
638 251 835 279 zms'roLA
868 252 986 279 Xle.
1422 242 1501 283 471

123 333 143 358 »
168 313 396 360 reditatem
410 322 531 359 tuam
550 349 561 370 ‚
582 322 625 358 et
643 315 953 374 possessionem
975 324 1095 361 tuam
1114 316 1320 360 terminos
1336 322 1504 377 terrae&

118 389 177 432 Et
197 387 288 446 ipse
316 385 526 430 Dominus
562 387 686 430 Jesus
715 385 912 430 Christus
933 385 1039 431 dicit
1061 385 1345 446 Evangelium
1379 404 1508 434 suum

119 459 165 503 in
187 458 388 503 omnibus
411 457 613 517 gentibus
630 457 831 502 futurum
845 460 877 501 2.
908 460 964 502 Et
981 458 1200 517 apostolus
1224 459 1383 504 Paulus
1399 494 1411 514 ‚
1437 476 1510 505 an-

119 539 296 590 tequam
317 545 458 574 sermo
479 529 557 574 Dei
578 528 625 573 in
654 527 845 574 Africam
867 530 1153 588 pervenisset,
1184 530 1230 574 in
1251 530 1344 590 ipso
1368 532 1510 591 capite

119 601 344 661 Epistolae‚
367 615 500 661 quam
516 600 683 659 scripsit
706 599 760 645 ad
777 603 1019 656 Romanos,
1049 619 1070 644 <t
1094 605 1175 646 Per
1192 617 1322 662 quem
1342 603 1512 662 accepi-

118 689 142 714 »
168 687 289 727 mus,
321 671 488 732 inquit,
515 670 696 729 gratiam
721 680 764 717 et
786 671 1075 731 apostolatum
1094 707 1106 727 ‚
1138 671 1194 717 ad
1213 673 1512 718 obediendum

119 760 140 785 »
167 742 292 796 fidei,
320 742 366 785 in
388 741 591 786 omnibus
614 742 816 801 gentibus
839 758 918 802 pro
940 743 1117 787 nomine
1138 744 1271 804 ejusss.
1298 762 1318 785 »
1346 745 1512 790 Deinde

117 813 208 873 ipse
226 814 281 857 ab
304 813 544 858 Jerusalem
563 813 609 857 in
631 814 862 858 circumitu
886 830 964 874 per
987 823 1122 859 totam
1145 815 1289 859 Asiam
1308 831 1447 876 usque
1468 817 1516 861 in

119 884 346 941 Illyricum
366 883 658 943 Evangelium
681 884 935 944 praedicavit
949 920 964 940 ,
984 885 1183 930 ecclesias
1204 886 1433 930 constituit
1455 895 1516 931 at-

117 971 205 1015 que
228 955 456 1011 fundavit,
473 972 563 1000 non
586 956 677 1015 ipse
692 990 704 1011 ‚
729 956 803 1000 sed
823 957 956 1013 gratia
975 957 1054 1000 Dei
1077 971 1175 1000 cum
1199 972 1273 1012 eo,
1298 957 1515 1017 sicutipse

117 1035 315 1071 testatur.
351 1026 468 1080 Quid
503 1035 648 1070 autem
678 1026 922 1072 evidentius
951 1043 1157 1088 apparere
1184 1038 1346 1088 potest,
1382 1045 1515 1088 quam

116 1113 217 1143 cum
233 1099 277 1142 in
293 1099 384 1158 ejus
399 1097 604 1158 Epistolis
622 1098 798 1143 nomina
815 1099 945 1143 etiam
963 1099 1191 1158 regionum
1208 1100 1276 1144 vel
1290 1100 1516 1145 civitatum

117 1170 380 1213 invenimus.
407 1170 475 1214 Ad
498 1172 744 1225 Romanos,
771 1169 825 1214 ad
854 1170 1126 1226 Corinthios,
1152 1170 1206 1214 ad
1230 1170 1401 1215 Galatas
1418 1207 1429 1226 ‚
1461 1172 1517 1216 ad

117 1241 350 1299 Ephesios,
374 1240 430 1284 ad
455 1241 752 1300 Philippenses
768 1276 779 1297 ‚
806 1241 861 1285 ad
895 1241 1293 1287 Thessalonicenses
1309 1277 1321 1298 ‚
1349 1242 1403 1287 ad
1425 1244 1514 1288 Co-

113 1310 323 1356 lossenses
351 1311 514 1356 scribit.
545 1314 734 1356 Joannes
763 1313 893 1357 etiam
920 1313 1070 1373 scribit
1093 1313 1146 1357 ad
1176 1323 1339 1374 septem
1371 1314 1513 1359 eccle-

115 1382 195 1427 sias
211 1384 249 1438 4,
287 1398 393 1443 quas
416 1393 730 1429 commemorat
756 1384 802 1428 in
826 1383 909 1429 illis
932 1385 1126 1444 partibus
1162 1387 1440 1441 constitutas,
1465 1385 1512 1429 in

113 1454 276 1514 quibus
298 1454 428 1498 etiam
452 1454 698 1498 universam
722 1455 960 1499 Ecclesiam
983 1457 1225 1516 septenario
1242 1472 1424 1500 numero
1442 1456 1513 1500 in-

113 1524 352 1583 telligimus
386 1525 709 1581 commendari,
747 1527 970 1585 Ephesum
984 1561 995 1580 ,
1038 1529 1268 1584 Smyrnam
1286 1562 1297 1581 ,
1329 1526 1508 1580 Sardos,

112 1595 484 1655 philadelphiam,
514 1596 784 1651 Laodiciam,
816 1600 1098 1656 Pergamum,
1124 1598 1391 1655 Thiatyram.
1410 1598 1515 1651 Qui-

111 1667 195 1711 bus
216 1668 420 1711 omnibus
443 1666 630 1711 ecclesiis
665 1683 754 1712 non
789 1667 921 1712 hodie
947 1669 1272 1712 communicare
1304 1668 1511 1713 manifes-

112 1747 207 1782 tum
226 1747 290 1781 est
305 1773 316 1793 ‚
336 1739 448 1784 sicut
469 1738 752 1783 manifestum
772 1748 836 1784 est
854 1754 930 1784 vos
952 1739 1042 1784 istis
1065 1739 1252 1784 ecclesiis
1275 1755 1366 1785 non
1390 1755 1511 1786 com-

111 1809 352 1852 municare.

171 1881 247 1923 III.
284 1879 529 1932 Quaerimus
556 1893 660 1938 ergo
683 1887 732 1922 ut
755 1879 881 1925 nobis
904 1879 1169 1939 respondere
1190 1895 1280 1925 non
1305 1882 1509 1940 graveris,

112 1965 246 2009 quam
274 1965 449 1994 causam
480 1948 592 1994 forte
614 1951 807 2005 noveris,
835 1967 922 2011 qua
948 1951 1112 1995 sactum
1145 1960 1208 1996 est
1234 1961 1284 1997 ut
1313 1953 1512 1998 Christus

114 2021 332 2066 amitteret
350 2020 651 2066 haereditatem
664 2037 784 2066 suam
799 2038 878 2082 per
890 2024 1041 2067 orbem
1060 2032 1270 2068 terrarum
1285 2023 1374 2068 diff
1373 2040 1509 2081 usam,

112 2100 155 2135 et
164 2092 309 2136 subito
321 2092 365 2136 in
378 2092 477 2137 solis
489 2092 621 2147 Afris,
634 2108 714 2137 nec
726 2093 827 2152 ipsis
844 2094 1050 2138 omnibus
1063 2103 1320 2139 remaneret.
1334 2096 1510 2139 Etenim

112 2162 304 2208 Ecclesia
316 2163 528 2208 catholica
542 2172 606 2207 est
617 2164 746 2208 etiam
760 2165 804 2207 in
820 2163 981 2219 Africa,
999 2166 1100 2225 quia
1115 2181 1190 2225 per
1205 2180 1354 2210 omnes
1376 2175 1511 2211 terras

112 2248 208 2277 eam
232 2237 347 2278 Deus
369 2249 459 2278 esse
480 2233 620 2279 voluit
636 2243 678 2279 et
697 2233 912 2293 praedixit.
940 2239 1042 2279 Pars
1065 2245 1211 2280 autem
1234 2246 1390 2291 vestra,
1409 2252 1509 2297 quae

112 2306 270 2349 Donati
289 2305 467 2361 dicitur,
487 2321 576 2350 non
599 2315 662 2350 est
677 2306 723 2350 in
745 2306 948 2351 omnibus
965 2306 1048 2351 illis
1067 2307 1187 2362 locis,
1214 2308 1259 2352 in
1280 2308 1441 2368 quibus
1465 2317 1510 2352 et

112 2375 270 2419 litterae
286 2385 330 2420 et·
345 2392 486 2421 sermo
504 2386 547 2421 et
563 2377 676 2422 facta
695 2378 930 2437 apostolica
947 2388 1248 2423 cucurrerunt.
1272 2380 1356 2425 Sed
1370 2396 1426 2424 ne
1440 2379 1510 2424 di-

113 2448 218 2492 catis
233 2463 322 2492 non
335 2448 478 2492 vocari
491 2447 712 2492 ecclesiam
729 2458 920 2493 nostram
933 2448 1208 2505 catholicam,
1220 2450 1294 2494 sed
1304 2451 1509 2495 Macaria-

113 2533 232 2574 nam,
250 2519 376 2563 sicuti
393 2534 488 2563 eam
503 2534 577 2565 vos
599 2519 844 2579 appellatis;
864 2535 988 2564 nosse
1003 2520 1150 2575 debes,
1169 2521 1289 2580 quod
1305 2521 1510 2566 facillime

164 2609 173 2624 ¹
195 2603 273 2636 Psal.
296 2615 329 2636 n.
346 2611 414 2628 —2
434 2604 548 2637 Matth.
569 2616 655 2643 xxiv,
678 2603 728 2643 ¹4·
744 2622 786 2627 —
801 2602 813 2626 3
833 2607 924 2637 Rom.
952 2617 975 2642 1,
998 2605 1029 2637 5.
1045 2604 1114 2635 -4
1134 2608 1236 2647 Αροο.
1262 2617 1336 2647 vm,
1364 2618 1391 2638 1.
