1790 3187
330 197 413 236 336
763 210 793 235 s.
833 210 1059 237 AUGUSTINl
1096 212 1274 240 EPlSCom

327 272 579 318 salutamus.
619 272 686 316 Ibi
714 272 831 316 cedri
860 273 1011 317 Libani
1037 274 1091 318 ad
1126 284 1284 319 terram
1316 276 1522 335 depositae
1541 311 1551 331 ,
1589 287 1632 322 et
1666 279 1711 322 in

327 358 437 388 arcae
459 343 666 387 fabricam
688 343 944 402 compagine
965 345 1186 389 charitatis
1203 354 1382 396 erectae,
1406 347 1562 390 mundi
1584 347 1712 407 hujus

325 413 483 458 fluctus
516 411 844 472 imputribiliter
879 422 1041 457 secant.
1082 415 1146 458 Ibi
1182 414 1317 474 gloria
1350 425 1398 459 ut
1433 417 1710 475 acquiratur,
1759 459 1762 469 ,

323 484 642 540 contemnitur3
672 491 714 526 et
737 482 929 527 mundus
959 493 1009 528 ut
1030 484 1303 539 obtineatur,
1339 485 1613 545 relinquitur.
1647 487 1712 531 lbi

325 554 507 612 parvuli,
523 553 611 598 sive
626 553 756 597 etiam
773 552 1067 612 grandiusculi
1081 555 1156 599 filii
1172 558 1228 600 Ba
1237 555 1406 614 bylonis
1420 555 1644 600 eliduntur
1658 557 1712 601 ad

323 634 512 683 petram,
537 624 639 668 vitia
663 622 824 668 scilicet
855 623 1122 669 confusionis
1150 626 1454 686 superbiaeque
1479 628 1708 672 saecularis.

381 698 439 740 ΙΙ.
477 698 579 740 Haec
614 704 746 756 atque
777 695 1031 755 hujusmodi
1059 696 1310 741 suavissima
1347 707 1389 741 et
1428 699 1713 743 sacratissima

320 767 589 825 spectacula,
620 766 775 811 litterae
800 776 884 810 tuae
911 767 1110 826 praebent
1138 768 1409 827 legentibus,
1439 768 1595 813 litteroe
1628 768 1713 813 iltae
1760 776 1766 803 f

320 836 475 880 litterae
504 837 606 881 fidei
635 853 724 881 non
763 839 898 892 fictae,
936 836 1092 881 litterae
1134 839 1223 896 spei
1258 839 1383 882 bonae
1404 837 1560 882 litterae
1592 855 1713 898 purae
1766 852 1768 858 ’

319 909 553 953 charitatis.
604 911 702 962 Quo
746 907 877 952 modo
926 909 1051 952 nobis
1087 908 1294 953 anhelant
1336 910 1448 954 sitim
1488 921 1633 964 tuam,
1671 919 1713 954 et
1764 902 1766 943 Ῐ

318 978 581 1023 desiderium
615 978 927 1038 defectumque
969 979 1125 1022 animae
1158 989 1245 1023 tuae
1278 980 1321 1022 in
1362 983 1467 1023 atria
1509 980 1713 1024 Domini?

317 1049 424 1108 quid
464 1049 619 1093 amoris
657 1049 911 1093 sanctissimi
954 1049 1148 1107 spirant?
1191 1059 1399 1109 quantam
1443 1049 1711 1108 opulentiam
1759 1099 1761 1106 Ξ

316 1119 470 1162 sinceri
503 1119 644 1162 cordis
680 1121 953 1162 exaestuant?
983 1135 1090 1178 quas
1113 1130 1248 1178 agunt
1268 1121 1422 1178 gratias
1458 1123 1580 1164 Deo?
1605 1136 1711 1179 quas
1759 1111 1761 1135 ³

317 1189 550 1248 impetrant
579 1205 602 1233 a
644 1190 759 1233 Deo?
784 1187 1036 1232 Blandiores
1056 1199 1180 1243 sunt,
1227 1206 1281 1233 an
1311 1189 1607 1248 ardentiores;
1639 1189 1710 1234 lu-
1759 1202 1761 1213 ¹

318 1259 600 1314 minosiorcs‚
651 1275 705 1303 an
751 1258 1091 1303 foecundioresi‘
1130 1259 1245 1313 Quid
1289 1261 1402 1304 enim
1447 1270 1546 1316 est,
1591 1260 1708 1320 quod
1758 1253 1774 1290 {-

315 1331 372 1374 ita
418 1347 495 1374 nos
530 1329 745 1385 mulcent,
788 1330 845 1374 ita
881 1330 1153 1386 accendunt,
1197 1331 1254 1374 ita
1283 1330 1542 1390 compluunt
1569 1340 1612 1375 et
1650 1332 1706 1376 ita

314 1417 475 1445 serenae
511 1403 645 1446 sunt?
683 1401 799 1454 Quid
820 1410 883 1445 est
906 1417 1053 1460 quaeso
1084 1410 1152 1456 tc,
1193 1412 1267 1446 aut
1290 1401 1396 1462 quid
1424 1403 1502 1445 tibi
1539 1418 1614 1461 pro
1649 1403 1706 1447 eis
1758 1391 1787 1471 {⁴

316 1472 550 1531 rependam
565 1507 576 1526 ‚
597 1472 677 1515 nisi
700 1472 801 1531 quia
821 1481 937 1516 totus
954 1487 1047 1515 sum
1072 1481 1173 1516 tuus
1193 1472 1237 1515 in
1257 1487 1332 1527 eo,
1361 1473 1484 1532 cujus
1508 1482 1622 1516 totus
1639 1474 1708 1516 es?
1758 1474 1761 1483 '
1786 1501 1789 1517 A

317 1543 359 1587 Si
382 1557 537 1602 parum
563 1551 650 1597 est,
677 1542 774 1601 plus
798 1550 913 1585 certe
936 1557 1024 1585 non
1048 1542 1202 1586 habeo.
1233 1545 1297 1585 Tu
1321 1552 1464 1586 autem
1490 1542 1625 1587 fecisti
1658 1551 1705 1586 ut
1758 1536 1760 1543 Ξ

314 1630 402 1658 non
433 1614 544 1658 mihi
568 1629 719 1673 parum
749 1613 975 1667 videatur,
1011 1613 1086 1673 qui
1113 1629 1179 1657 me
1202 1615 1243 1657 in
1272 1614 1343 1657 illa
1373 1615 1550 1673 epistola
1574 1615 1704 1659 tantis

313 1683 515 1728 laudibus
537 1685 751 1728 honorare
774 1683 975 1741 dignatus
998 1700 1041 1727 es
1059 1719 1069 1739 ‚
1090 1693 1138 1727 ut
1162 1700 1262 1728 cum
1295 1685 1372 1728 tibi
1395 1700 1464 1728 mc
1488 1684 1673 1729 refundo
1688 1719 1699 1739 ‚
1758 1705 1760 1743 ξ

311 1756 344 1799 si
363 1771 514 1814 parum
533 1755 616 1799 hoc
632 1764 783 1814 putem
802 1790 813 1809 ‚
839 1755 916 1798 tibi
935 1771 1021 1799 non
1040 1754 1271 1799 credidisse
1290 1756 1538 1800 convincar.
1563 1756 1702 1799 Pudet
1757 1780 1760 1820 Ξ

312 1841 380 1870 me
402 1825 579 1886 quidem
605 1835 774 1869 tantum
806 1824 910 1868 boni
942 1824 996 1868 de
1025 1840 1093 1868 me
1122 1825 1322 1880 credere,
1359 1826 1434 1869 sed
1459 1825 1555 1884 plus
1584 1827 1701 1885 piget
1788 1864 1790 1866 ,

314 1897 389 1940 tibi
408 1913 495 1940 non
518 1895 709 1940 credere.
731 1898 807 1939 Est
827 1894 945 1955 quod
972 1894 1125 1939 faciam
1149 1915 1157 1940 :
1181 1911 1269 1940 non
1294 1912 1363 1940 me
1380 1896 1552 1940 credam
1570 1897 1697 1940 talem
1757 1893 1759 1913 ³

310 1967 482 2026 qualem
509 1975 634 2026 putas
652 2001 662 2020 ,
688 1966 895 2025 quoniam
919 1981 1008 2009 non
1031 1981 1241 2023 agnosco3
1267 1975 1310 2009 et
1334 1965 1506 2010 credam
1533 1981 1599 2009 me
1623 1967 1698 2010 abs
1756 1985 1759 2028 3

313 2045 352 2080 te
370 2036 512 2094 diligi,
533 2036 739 2096 quoniam
763 2036 900 2079 sentio
921 2044 964 2078 et
982 2034 1109 2092 plane
1132 2035 1324 2094 percipio
1349 2054 1357 2079 :
1379 2036 1437 2079 ita
1458 2051 1536 2080 nec
1561 2037 1605 2079 in
1629 2051 1698 2080 me
1756 2058 1759 2086 2

311 2107 591 2160 temerarius,
618 2121 696 2149 nec
728 2106 770 2148 in
798 2115 839 2148 te
868 2105 1058 2162 ingratus
1087 2108 1279 2150 extitero.
1305 2108 1361 2150 Et
1386 2122 1485 2150 cum
1515 2122 1583 2150 me
1616 2107 1694 2151 tibi
1756 2127 1759 2161 g

309 2186 454 2221 totum
473 2177 612 2221 offero
624 2212 634 2231 ‚
651 2190 804 2236 parum
825 2190 913 2219 non
931 2184 993 2218 est
1010 2195 1021 2232 3
1039 2175 1177 2219 offero
1191 2176 1303 2219 enim
1318 2191 1451 2235 quem
1466 2177 1695 2220 vehemen-
1756 2169 1758 2218 Ξ

309 2247 467 2290 tissime
486 2245 627 2304 diligis
649 2265 657 2290 :
686 2255 727 2289 et
753 2245 914 2299 offero,
940 2245 974 2288 si
1003 2260 1090 2288 non
1114 2245 1284 2304 qualem
1310 2261 1377 2288 me
1398 2261 1486 2289 esse
1509 2246 1692 2291 arbitra-
1756 2242 1757 2249 ¹

308 2316 362 2360 ris
378 2352 388 2372 ‚
415 2332 516 2360 eum
543 2326 685 2360 tamen
710 2331 787 2375 pro
806 2331 917 2375 quo,
945 2325 991 2358 ut
1016 2314 1111 2358 talis
1132 2330 1223 2359 esse
1249 2331 1413 2359 merear
1432 2316 1687 2375 deprecaris.

309 2392 400 2432 Hoc
419 2388 533 2431 enim
551 2389 778 2447 magisjam
800 2396 901 2446 peto
918 2386 1062 2441 facias,
1082 2403 1135 2429 ne
1153 2388 1293 2431 minus
1311 2398 1433 2447 optes
1448 2389 1551 2431 milii
1566 2389 1691 2447 adjici
1756 2377 1757 2426 Ξ

305 2458 358 2503 ad
374 2458 418 2503 id
432 2458 551 2518 quod
563 2474 674 2513 sum,
694 2459 799 2502 dum
818 2473 885 2502 me
903 2457 1115 2502 existimas
1128 2460 1216 2517 jam
1234 2473 1322 2502 esse
1337 2461 1455 2518 quod
1472 2475 1558 2503 non
1573 2474 1685 2502 sum.

366 2530 439 2573 IV.
477 2531 588 2572 Ecce
614 2528 887 2573 charissimus
918 2542 1038 2572 meus
1063 2536 1148 2583 est,
1168 2536 1212 2572 et
1235 2529 1290 2573 ab
1315 2528 1493 2574 ineunte
1515 2528 1687 2575 adoles-
