1790 3187
330 266 416 309 490
762 278 794 305 s.
831 274 1060 304 AUGUSTIM
1091 276 1273 305 Erxscom

328 359 425 390 rum
442 350 610 403 peccata
626 341 660 385 si
676 348 795 385 tanta
814 356 902 385 non
919 350 1042 396 sunt,
1060 349 1109 385 ut
1126 341 1560 386 excommunicandus
1577 343 1698 404 quis-

328 431 457 477 quam
477 415 607 458 homo
620 411 854 472 judicetur,
876 427 963 456 non
977 427 1020 455 se
1034 412 1164 456 debet
1179 428 1202 456 a
1219 411 1471 472 quotidiana
1487 412 1699 461 medicina

328 485 539 533 Dominici
557 484 746 543 corporis
764 498 971 543 separare.
994 483 1168 527 Rectius
1185 484 1298 528 inter
1311 499 1382 528 eos
1398 485 1572 529 fortasse
1589 487 1700 545 quis-

327 559 442 618 piam
465 555 627 600 dirimit
647 554 766 598 litem
779 589 789 609 ‚
812 554 887 614 qui
905 563 1051 598 monet
1068 563 1116 598 ut
1130 555 1346 615 praecipue
1366 555 1411 598 in
1425 555 1581 600 Christi
1597 572 1701 615 pace

328 635 611 689 permaneant
652 644 661 670 :
687 624 815 670 faciat
834 635 976 669 autem
999 627 1296 687 unusquisque
1324 626 1443 686 quod
1465 626 1702 673 secundum

329 699 461 743 fidem
479 713 596 742 suam
611 697 680 757 pie
695 696 829 741 credit
846 711 934 741 esse
956 695 1219 751 faciendum,
1243 699 1403 743 Neuter
1421 698 1534 742 enim
1553 713 1703 743 eorum

330 770 568 814 exhonorat
581 782 736 827 corpus
750 776 793 811 et
809 767 1062 826 sanguinem
1084 767 1270 823 Domini,
1287 767 1362 812 sed
1377 767 1705 813 saluberrimum

328 848 643 885 sacramentum
665 839 861 883 certatim
884 839 1097 883 honorare
1117 837 1403 883 contendunt.
1425 842 1574 900 Neque
1591 839 1706 885 enim

328 912 607 970 litigaverunt
627 911 740 954 inter
761 926 827 965 se,
851 919 926 954 aut
950 911 1179 971 quisquam
1205 926 1356 955 eorum
1376 925 1420 955 se
1454 911 1575 956 alteri
1595 927 1708 971 prae-

329 983 499 1043 posuit,
527 982 730 1026 Zachaeus
754 991 796 1025 et
810 981 882 1025 ille
904 982 1153 1036 Centurio²‚
1175 997 1275 1025 cum
1299 981 1406 1026 alter
1427 997 1575 1027 eorum
1600 997 1707 1040 gau·

331 1054 438 1099 dens
459 1054 505 1097 in
525 1054 705 1097 domum
720 1069 839 1097 suam
863 1053 1096 1113 susceperit
1114 1053 1346 1097 Dominum
1362 1087 1373 1108 ,
1399 1053 1506 1097 alter
1522 1054 1676 1097 dixerit
1693 1073 1706 1112 3

334 1143 355 1168 «
380 1127 477 1170 Non
497 1140 592 1169 sum
616 1124 772 1183 dignus
792 1133 841 1168 ut
858 1125 990 1168 intres
1011 1124 1093 1168 sub
1115 1133 1278 1169 tectum
1301 1128 1476 1168 meum2
1501 1144 1510 1169 ι
1534 1142 1553 1166 »
1580 1124 1709 1169 ambo

333 1195 596 1241 Salvatorem
610 1194 942 1239 honorificantes
954 1194 1120 1238 diverso
1135 1203 1176 1238 et
1189 1194 1310 1254 quasi
1323 1194 1538 1238 contrario
1551 1194 1706 1239 modo:

331 1267 461 1311 ambo
483 1267 667 1326 peccatis
693 1266 856 1320 miseri,
873 1266 1002 1310 ambo
1019 1265 1354 1311 misericordiam
1373 1266 1607 1310 consecuti.
1625 1268 1711 1310 Va·-

332 1338 392 1382 let
420 1339 547 1382 etiam
577 1337 632 1382 ad
662 1338 774 1382 hanc
803 1338 1127 1382 similitudinem
1165 1337 1284 1397 quod
1312 1338 1355 1380 in
1382 1337 1520 1396 primo
1547 1336 1710 1397 populo

331 1409 572 1468 unicuique
595 1424 753 1453 manna
775 1409 1014 1453 secundum
1037 1409 1255 1468 propriam
1272 1406 1542 1453 voluntatem
1566 1408 1612 1451 in
1639 1422 1712 1452 ore

332 1480 523 1539 sapiebat
539 1481 571 1531 3,
612 1480 671 1525 sic
701 1480 1041 1540 uniuscujusque
1076 1480 1121 1523 in
1156 1478 1287 1524 corde
1315 1478 1546 1524 Christiani
1573 1493 1714 1523 sacra-

331 1559 526 1595 mentum
550 1549 685 1606 illud,
709 1550 828 1610 quod
846 1551 1098 1610 subjugatus
1118 1559 1180 1594 est
1202 1549 1406 1594 mundus.
1433 1552 1541 1595 Nam
1563 1558 1606 1593 et
1641 1548 1714 1593 ille

332 1619 590 1666 honorando
612 1637 699 1665 non
722 1620 853 1665 audet
871 1620 1067 1681 quotidie
1087 1635 1279 1674 sumere,
1304 1630 1347 1664 et
1367 1620 1440 1664 ille
1458 1619 1714 1664 honorando

333 1708 421 1736 non
443 1692 574 1735 audet
597 1692 685 1736 ullo
700 1691 770 1735 die
787 1693 1128 1751 praetermittere.
1150 1693 1458 1750 Contemptum
1470 1691 1608 1735 solum
1625 1706 1714 1734 non

333 1762 428 1806 vult
450 1762 572 1806 cibus
594 1762 673 1806 iste
689 1798 699 1816 ‚
725 1763 836 1806 sieut
858 1778 937 1806 nec
962 1777 1117 1805 manna
1140 1760 1377 1805 fastidium.
1406 1762 1513 1805 Inde
1534 1761 1647 1805 enim
1670 1770 1713 1804 et

334 1834 565 1893 Apostolus
584 1834 761 1892 indigne
783 1833 888 1878 dicit
910 1842 1135 1892 acceptum
1152 1833 1206 1876 ab
1225 1832 1282 1876 eis
1295 1867 1305 1887 ‚
1331 1833 1405 1892 qui
1422 1833 1502 1876 hoc
1518 1848 1606 1876 non
1624 1831 1713 1875 dis-

333 1906 569 1949 cernebant
594 1921 616 1949 a
642 1905 806 1949 caeteris
830 1905 934 1949 cibis
959 1905 1234 1949 veneratione
1254 1904 1527 1963 singulariter
1551 1902 1712 1947 debita.

334 1977 555 2021 Continuo
586 1978 747 2036 quippe
770 1992 867 2020 cum
894 1976 1069 2020 dixisset
1094 1995 1102 2020 :
1134 1995 1154 2018 «
1179 1974 1397 2020 „Iudicium
1423 1975 1504 2018 sibi
1528 1973 1713 2018 mandu-

338 2063 358 2087 »
384 2056 453 2090 eat
467 2056 508 2090 et
529 2047 667 2104 bibit3
691 2066 709 2087 »
732 2046 899 2090 addidit
916 2056 964 2090 ut
982 2047 1166 2101 diceret,
1191 2064 1211 2087 «
1236 2061 1324 2089 non
1354 2045 1594 2105 dijudicans
1621 2060 1715 2089 cor—

337 2135 358 2159 »
385 2133 464 2177 pus
488 2118 684 2163 Domini⁴
706 2136 750 2162 ι»
778 2118 897 2178 quod
920 2118 1017 2162 satis
1042 2126 1134 2161 toto
1156 2118 1246 2177 ipso
1266 2116 1361 2161 loeo
1384 2117 1428 2160 in
1448 2114 1641 2175 Epistola
1660 2114 1713 2160 ad

335 2189 583 2234 Corinthios
607 2189 742 2248 prima
759 2224 770 2244 ‚
796 2189 829 2233 si
849 2189 1080 2248 diiigenter
1102 2189 1365 2243 attendatur,
1391 2196 1583 2247 apparet.

397 2261 446 2304 V.
471 2260 532 2304 Sit
550 2259 703 2320 aliquis
730 2260 978 2319 peregrinus
999 2260 1043 2303 in
1063 2275 1112 2304 eo
1136 2258 1247 2304 forte
1269 2259 1390 2314 loco,
1416 2260 1492 2302 ubi
1519 2272 1714 2318 perseve-

336 2339 478 2373 rantes
500 2330 543 2373 in
566 2331 862 2375 observatione
881 2329 1250 2388 Quadragesimae‚
1276 2346 1356 2375 nec
1374 2331 1526 2390 quinta
1546 2329 1713 2373 sabbati

335 2401 507 2456 lavant,
528 2400 1146 2462 relaxantvejejunium:Non‚
1167 2402 1324 2462 inquit,
1346 2400 1709 2461 hodiejejunabo.

337 2472 555 2525 Quaeritur
574 2488 700 2517 causa
725 2493 733 2518 z
758 2474 868 2527 Quia
885 2489 973 2517 non
989 2474 1057 2527 fit,
1079 2473 1221 2533 inquit
1236 2509 1246 2528 ‚
1264 2473 1309 2517 in
1327 2473 1460 2532 patria
1477 2487 1584 2516 mea.
1598 2471 1712 2524 Quid

386 2583 394 2598 ¹
424 2579 500 2609 Luc.
525 2588 591 2619 nx,
609 2577 641 2609 6.
655 2595 696 2600 -—
714 2585 724 2600 ²
744 2578 855 2611 Mauh.
877 2589 946 2619 vm,
966 2580 997 2611 8.
1013 2595 1054 2601 --
1071 2575 1084 2600 3
1104 2577 1182 2610 Vide
1200 2579 1344 2610 Retract.
1372 2576 1428 2608 lib.
1454 2587 1494 2616 11,
1514 2585 1586 2618 cap.
1606 2582 1658 2607 20.
1671 2590 1711 2598 —

340 2630 355 2660 4
380 2643 391 2663 ι
417 2633 489 2664 Cor.
511 2643 557 2674 xi,
579 2641 632 2675 29,
781 2630 786 2635 ”
