1790 3187
315 243 396 281 328
746 256 777 279 s.
817 253 1049 280 Auorserim
1082 252 1263 279 EPISCOPI

371 319 408 362 Ο
433 317 563 371 bone,
584 331 711 374 carpe
734 317 814 359 iter
835 329 1067 369 annorum,
1089 313 1296 373 sapientia
1313 322 1528 373 quantum

371 388 534 432 Crescit
556 401 701 430 amore
723 386 804 441 sui,
830 386 1052 429 inveniens
1073 400 1184 429 nova
1207 383 1397 428 culmina
1419 397 1603 441 semper.

372 461 505 515 Perge
528 460 636 502 viam
660 473 747 517 qua
770 466 810 501 te
831 456 998 501 soboles
1021 455 1251 516 praecalara
1267 453 1457 498 tonantis

373 527 592 580 Perducit,
614 536 810 571 sternens
826 527 872 570 in
889 526 1040 585 planos
1069 525 1202 570 ardua
1221 539 1409 582 campos.

372 600 427 641 Et
448 612 548 641 cum
564 597 765 641 luciferos
782 597 1020 656 praecordia
1042 615 1051 641 ;
1077 611 1227 655 vesper
1243 595 1289 638 in
1307 604 1422 638 ortus

370 668 609 723 Distulerit‚
627 677 911 727 sanctumque
933 683 1061 728 super
1080 666 1351 711 benedixerit
1373 666 1536 723 ignem,

373 737 436 782 Sis
451 753 617 782 memor
635 738 723 797 ipse
741 738 845 782 mei:
866 737 1064 781 bibulam
1085 737 1162 797 qui
1184 736 1342 795 ponitis
1355 749 1502 779 aurem

372 808 558 867 Legibus
577 809 761 864 invictis,
793 809 1052 853 contundite
1075 817 1224 866 petora
1247 806 1419 866 palmis,

373 880 559 923 Sternite
580 881 775 925 membra
798 879 906 935 solo,
933 879 1195 939 meritosque
1217 878 1326 922 ciete
1344 874 1532 930 dolores,

370 952 426 992 Et
444 950 668 1008 prohibete
685 950 818 1004 nefas,
836 953 948 994 Deus
965 952 1148 1008 imperat
1169 949 1372 993 omnibus
1398 958 1551 1001 unum,

372 1020 590 1063 Admonet
613 1021 809 1075 antistes,
833 1030 1106 1081 venturaque
1134 1020 1318 1064 fulmina
1343 1027 1519 1063 terrent.

370 1090 407 1132 O
433 1089 537 1132 mihi
555 1099 788 1134 transactos
811 1101 983 1135 revocet
1000 1091 1032 1135 si
1049 1090 1227 1149 pristina
1250 1089 1360 1133 soles

375 1158 575 1202 Laetificis
593 1175 748 1203 aurora
772 1161 890 1215 rotis,
908 1176 1017 1220 quos
1040 1159 1176 1203 libera
1199 1169 1344 1203 tecum

374 1231 471 1273 Otia
489 1239 722 1286 tentantes,
749 1240 791 1275 et
813 1230 995 1275 candida
1013 1232 1110 1291 jura
1134 1231 1350 1275 bonorum

375 1300 586 1344 Duximus
602 1300 737 1344 Italiae
761 1301 920 1355 medio,
946 1310 1202 1360 montesque
1224 1314 1300 1358 per
1318 1298 1441 1342 altos.

375 1372 472 1415 Non
492 1386 561 1414 me
575 1369 684 1414 dura
703 1371 804 1429 gelu
827 1372 1108 1430 prohiberent
1128 1371 1289 1429 frigora
1310 1384 1436 1422 cano,

375 1443 464 1485 Nec
483 1440 575 1486 fera
596 1450 825 1500 tempestas
846 1443 1112 1501 Zephyrum,
1129 1441 1415 1498 fremitusque
1430 1438 1593 1492 Borini,

376 1512 493 1564 Quin
518 1521 590 1556 tua
612 1510 794 1556 sollicito
813 1528 1051 1571 premerem
1066 1513 1241 1570 vestigia
1265 1526 1406 1570 passu.

379 1585 472 1627 Hoc
485 1599 593 1642 opus
616 1594 664 1627 ut
679 1585 834 1643 jubeas
853 1594 1039 1638 tantum,
1066 1599 1194 1628 cruor
1211 1584 1360 1641 irriget
1377 1591 1511 1635 artus,

383 1653 572 1698 Solstitio
595 1657 777 1710 Nomos,
795 1657 949 1698 bruma
967 1654 1229 1698 sectabimur
1244 1656 1417 1696 Istrum.

382 1726 562 1781 Ignotus
584 1725 787 1769 Garamas
809 1724 945 1769 solvet
962 1725 1069 1767 mihi
1091 1722 1262 1767 vincula
1287 1723 1439 1780 gentis.

379 1795 731 1854 Xamphaeosque
748 1795 866 1840 lacus
884 1795 1052 1853 fugiens
1072 1794 1323 1853 Hypaneius
1337 1793 1474 1836 amnis

382 1864 646 1924 Callipidum
667 1867 860 1923 Scythias
876 1875 1046 1910 resonat
1059 1881 1285 1924 spumosus
1306 1863 1361 1908 ad
1373 1863 1526 1907 undas.

386 1936 549 1980 [bimus
571 1947 613 1981 et
634 1940 814 1991 Leucos,
840 1954 926 1997 qua
947 1937 1105 1981 Leucia
1127 1936 1227 1980 solis
1243 1937 1286 1979 in
1309 1945 1429 1980 ortus

391 2009 628 2052 Tenditur:
650 2018 693 2052 et
714 2009 822 2052 vasti
842 2007 1008 2051 deserta
1021 2008 1245 2052 cacumina
1261 2007 1393 2060 Cassi,

384 2079 511 2132 Queis
529 2076 813 2136 Epidamneas
824 2086 970 2136 aequat
991 2077 1072 2119 sibi
1088 2076 1230 2120 Cassia
1252 2090 1398 2134 rupes,

390 2148 511 2193 Unde
529 2148 823 2208 quiescentem
847 2163 1063 2201 auroram,
1080 2162 1320 2206 currusque
1341 2144 1521 2198 solutos,
1760 2156 1763 2186 ι

389 2220 668 2277 sopitamque
694 2218 808 2261 diem
828 2217 968 2260 media
991 2218 1215 2261 subnocte
1239 2216 1446 2270 viderem,

388 2293 447 2333 Te
470 2290 679 2332 suadente
694 2296 838 2346 petam
857 2306 865 2332 :
884 2302 963 2331 nec
978 2288 1092 2330 enim
1105 2287 1226 2331 labor
1249 2296 1324 2331 aut
1346 2295 1486 2330 metus
1510 2286 1623 2329 ullus

392 2363 555 2413 Terret,
574 2359 650 2401 ubi
675 2359 862 2402 insontes
884 2358 1083 2417 precibus
1107 2361 1218 2401 Deus
1240 2356 1361 2400 audit
1377 2356 1548 2416 apertis.
1761 2385 1764 2423 ξ

388 2433 443 2474 vEt
460 2445 578 2473 nunc
596 2427 878 2472 Romulidum
895 2427 1015 2472 sedes
1028 2437 1071 2472 et
1091 2428 1235 2472 inania
1251 2428 1352 2472 tecti

388 2501 608 2554 Culmina,
635 2501 951 2559 bacchatasque
973 2499 1144 2553 domus,
1164 2513 1385 2558 vanosque
1408 2498 1622 2542 tumultus

394 2575 655 2626 Desererem,
678 2580 720 2614 et
745 2580 859 2615 totus
879 2569 1011 2615 semel
1032 2570 1074 2613 in
1098 2578 1172 2613 tua
1191 2568 1322 2615 corda
1343 2568 1550 2622 venirem,
