1790 3187
606 241 803 268 nris'rom
840 242 908 268 xi„
1372 230 1455 269 413

69 317 194 367 putet
223 307 480 351 beneficium
500 316 799 350 consecutum.
828 309 916 351 Cur
937 315 1082 350 autem
1105 305 1158 350 ad
1174 307 1455 352 Occidentem

68 377 351 437 navigaverit,
376 377 469 436 ipso
492 377 652 436 poteris
668 386 871 420 narrante
894 392 1167 435 cognoscere.
1197 395 1216 419 »

130 450 188 490 II.
222 465 241 488 «
278 449 363 492 Nos
398 447 443 490 in
480 448 740 492 monasterio
776 448 1028 503 constituti,
1066 447 1192 492 variis
1231 446 1457 491 hincinde

10 524 13 546 ²
69 518 276 562 fluctibus
305 519 542 578 quatimur,
576 528 617 562 et
641 519 997 577 peregrinationis
1032 518 1248 563 molestias
1278 518 1461 563 sustine-

68 603 178 632 mus.
207 588 290 633 Sed
311 589 526 633 credimus
559 590 604 632 in
627 605 679 633 eo
701 590 775 649 qui
797 589 905 633 dixit
926 609 933 634 2
960 608 980 631 «
1004 589 1221 634 Consulite
1237 624 1248 645 ,
1273 604 1353 648 ego
1377 588 1460 632 vici

71 676 91 700 »
105 659 318 703 mundun
332 662 391 715 ¹,»
409 660 531 719 quod
554 661 646 719 ipso
662 661 884 704 tribuente
905 670 947 704 et
970 660 1171 719 praesule,
1191 670 1341 705 contra
1356 660 1459 704 hos-

69 738 155 773 tem
179 729 402 774 diabolum
422 731 646 776 victoriam
667 747 1001 792 consequamur.
1025 734 1232 776 Sanctum
1258 739 1302 774 et
1325 745 1461 775 vene-

10 807 14 854 ξ
69 799 250 844 rabilem
274 801 451 846 fratrem
479 812 674 847 nostrum
701 807 861 862 Papam
885 802 1110 862 Alypium,
1139 812 1189 847 ut
1218 818 1316 847 meo
1339 802 1461 846 obse-

10 908 13 922 „
69 873 173 931 quio
209 872 384 928 salutes,
418 875 615 929 obsecro,
660 876 804 920 Sancti
840 873 1008 930 tratres,
1048 875 1124 934 qui
1153 875 1382 919 nobiscum
1414 873 1460 915 in

12 976 15 1006 ¹.
69 947 333 989 monasterio
351 947 536 990 Domino
566 946 726 990 servire
748 946 972 999 festinant,
999 945 1162 1003 oppido
1189 954 1231 988 te
1252 944 1457 988 salutant.

71 1014 343 1058 Incolumem
382 1025 424 1059 te
460 1025 503 1060 et
538 1030 777 1059 memorem
816 1015 922 1069 mei,
952 1014 1149 1059 Christus
1181 1017 1294 1058 Deus
1318 1022 1463 1058 noster

13 1107 15 1123 =
70 1093 244 1130 tueatur
281 1088 579 1146 omnipotens,
613 1087 798 1132 Domine
826 1102 927 1131 vere
956 1096 1103 1131 sancte
1126 1095 1169 1131 et
1190 1084 1463 1145 suscipiende

14 1189 17 1217 5
71 1158 246 1216 Papa.»

8 1310 17 1342 i
72 1302 569 1320 mummkuvmmvvxrum
576 1301 1142 1320 mmm-mmmmm
1149 1301 1460 1318 wmwmmmwmm

495 1413 824 1462 EpisToiiA
860 1403 996 1461 ΧΗ.

14 1562 19 1576 =
73 1549 206 1582 Domino
224 1549 447 1590 dilectissime,
469 1554 501 1581 ct
518 1549 607 1581 cultu
630 1548 839 1581 sincerissimo
867 1548 1030 1580 charitatis
1053 1547 1254 1580 observando
1279 1551 1376 1590 atque
1392 1556 1466 1578 arn-

141 1606 313 1648 plcctcndo
330 1605 423 1638 fratri
441 1609 474 1637 et
490 1605 754 1647 compresbytero
782 1604 1067 1637 HIERONYMO
1095 1603 1398 1636 AUGUSTINUS.

19 1779 21 1789 ,
76 1737 374 1799 Augustinus
394 1737 697 1797 Hieronymo
720 1734 779 1780 (le
796 1735 929 1780 titulo
945 1734 1133 1796 vulgati
1151 1732 1214 1778 ab
1238 1734 1341 1793 ipso
1361 1731 1471 1777 libri

136 1806 196 1850 de
211 1806 536 1866 Scrzptorc'bzcs
555 1806 907 1851 ecelesiasticis.
930 1805 1054 1853 Tum
1077 1803 1136 1848 (le
1149 1805 1300 1849 Petro
1316 1819 1468 1863 repre-

138 1877 288 1922 henso
310 1894 404 1922 7201:
428 1876 729 1922 mendaciter
750 1895 782 1921 a
805 1875 982 1933 Paculo,
995 1876 1053 1920 a'e
1075 1892 1167 1934 quo
1178 1874 1291 1937 jam
1317 1872 1470 1918 eidem

137 1949 326 2007 scripsit
349 1948 602 2008 epistolam
627 1957 696 1993 28.
715 1947 776 1993 H
772 1958 962 1993 ortatur
972 1957 1215 2007 postremo
1231 1943 1471 2006 utprodat

144 2019 366 2082 Origem's
389 2031 434 2064 et
457 2019 754 2082 singulormn
777 2019 1110 2064 lzceretz'corum
1137 2027 1318 2063 errata.

21 2217 25 2222 Ἰ
140 2159 174 2200 Ι.
210 2159 359 2201 ΗΑΒΕο
391 2158 600 2215 gratiam,
641 2156 761 2218 quod
795 2172 874 2216 pro
906 2156 1148 2215 subscripta
1185 2154 1468 2209 salutatione,

18 2250 21 2262 ‹
81 2226 253 2286 plenam
287 2227 393 2270 mihi
425 2227 651 2287 epistolam
691 2226 916 2272 reddidisti
939 2226 1014 2270 sed
1038 2226 1279 2270 breviorem
1311 2223 1468 2279 multo,

12 2306 15 2310 '
81 2313 212 2357 quam
237 2313 286 2342 ex
308 2307 351 2343 te
372 2297 528 2343 vellem
547 2314 733 2354 sumere,
749 2298 825 2343 tali
838 2299 947 2352 viro,
969 2314 992 2341 a
1015 2313 1103 2357 quo
1127 2306 1320 2355 tempora
1337 2311 1473 2355 quan-

19 2424 21 2426 ,
82 2368 235 2413 talibet
270 2379 471 2429 occupet,
502 2370 649 2414 nullus
683 2384 823 2414 sermo
856 2367 1049 2428 prolixus
1093 2376 1169 2412 est„
1211 2370 1470 2426 Quanquam

82 2438 231 2500 itaque
252 2457 330 2486 nos
344 2441 621 2500 negotiorum
636 2441 894 2496 alienorum,
916 2454 1157 2499 eorumque
1178 2437 1470 2493 saecularium,

132 2555 141 2571 1
160 2550 254 2582 Joan.
274 2560 340 2587 xvi,
361 2550 391 2582 3.
403 2567 444 2572 —-
456 2556 468 2572 ²
486 2549 569 2583 Alias
587 2561 628 2584 ix.
646 2561 714 2594 quae
729 2556 837 2583 autem
852 2559 891 2582 Χῖ,
909 2554 990 2588 erat,
1005 2547 1190 2582 continetur
1206 2547 1474 2590 xxv1.-—Scripta

85 2603 171 2638 circa
191 2615 307 2638 annum
326 2605 401 2648 397.
