1790 3187
319 196 371 223 DE
405 195 593 224 Dlvmtsls
619 195 782 232 mmm.
819 193 967 223 OCTOG.
1006 196 1170 223 mmsis.
1355 185 1438 224 129

14 221 17 283 l
57 283 78 307 «
101 261 292 309 Tradidit
312 260 407 305 illos
432 263 543 305 Deus
565 261 611 304 in
641 259 852 305 desideria
876 260 1017 305 cordis
1048 261 1242 306 eorum¹.
1264 277 1283 302 »
1308 263 1437 313 Quo-

15 298 17 387 l
52 333 248 379 rumdam
260 331 374 375 enim
389 340 666 390 peccatorum
683 333 1074 390 perpetrandorum
1093 330 1278 376 facilitas
1301 346 1439 390 poena

15 394 18 460 l
55 413 118 449 est
138 402 319 447 aliorum
339 402 694 460 praecedentium.

16 467 18 547 ᾗ
111 476 170 519 2⁰.
195 473 324 527 Quod
350 481 494 517 autem
516 473 725 517 Dominus
748 471 854 518 dicit
880 492 888 518 :
927 493 947 515 «
968 475 1066 520 Non
1089 481 1233 532 potest
1260 474 1441 517 Satanas

16 558 19 575 ¹
53 562 74 587 »
100 547 300 590 Satanam
324 542 552 588 excludere
563 547 580 570 '²
601 559 609 584 :
641 562 660 585 »
688 557 743 587 ne
766 542 877 588 forte
900 545 1132 604 quisquam
1155 552 1283 587 utens
1300 544 1441 588 nomi-

16 606 19 682 }
51 615 177 660 nibus
194 613 436 673 aliquarum
461 614 712 658 infimarum
734 623 1024 673 potestatum,
1043 629 1145 658 cum
1168 613 1440 658 daemonium

53 683 300 738 excluserit,
316 682 467 728 falsam
490 693 614 743 putet
632 698 723 728 esse
741 684 864 728 istam
883 684 1056 729 Domini
1078 684 1339 728 sententiam
1358 704 1368 741 3
1388 683 1443 728 ad

54 756 136 801 hoc
156 754 368 813 intelligat
401 754 596 810 dictum,
622 755 723 815 quia
760 756 843 800 hoc
879 754 1011 800 modo
1036 757 1214 800 Satanas
1233 789 1243 809 ,
1275 755 1443 799 etiamsi

51 826 218 886 corpori
236 834 312 869 aut
332 826 523 885 corporis
544 826 739 870 sensibus
760 827 923 885 parcit,
944 826 1044 870 ideo
1067 826 1222 884 parcit,
1242 835 1293 869 ut
1308 826 1443 884 ipsius

50 895 233 941 hominis
246 895 459 940 voluntati
473 911 549 955 per
570 896 802 954 impietatis
820 911 1012 941 errorem
1036 895 1262 955 triumpho
1282 897 1443 955 majore

50 966 309 1012 dominetur.
338 969 431 1011 Hoc
449 975 596 1010 autem
620 965 752 1011 modo
769 982 859 1011 non
881 967 967 1011 exit
989 969 1182 1020 Satanas,
1204 966 1280 1010 sed
1298 967 1444 1025 potius

49 1039 94 1082 in
108 1038 259 1082 intima
278 1036 536 1096 ingreditur,
549 1038 660 1082 utin
682 1053 734 1083 eo
746 1039 805 1083 sic
824 1047 1045 1098 operetur,
1061 1038 1442 1098 quemadmodum

49 1107 152 1152 dicit
186 1107 419 1167 Apostolus
446 1127 454 1153 ε
484 1127 504 1151 «
530 1108 783 1153 Secundum
811 1108 1054 1168 principem
1077 1109 1303 1167 potestatis
1336 1109 1444 1152 ae'ris

50 1195 70 1219 »
95 1178 242 1238 hujus,
265 1178 342 1237 qui
363 1193 481 1222 nunc
502 1188 707 1238 operatur
738 1178 784 1223 in
809 1178 907 1223 filiis
942 1178 1201 1223 diffidentiae
1235 1180 1267 1221 3.
1297 1196 1317 1219 »
1346 1182 1444 1225 Non

48 1247 162 1292 enim
196 1262 343 1292 sensus
366 1249 557 1308 corporis
589 1264 740 1293 eorum
770 1249 980 1293 turbabat
1013 1258 1146 1308 atque
1174 1249 1437 1308 torquebat,

47 1327 121 1363 aut
137 1333 287 1363 eorum
311 1334 492 1378 corpora
514 1319 766 1375 collidebat,
784 1319 919 1364 sedin
937 1334 1090 1364 eorum
1107 1320 1354 1376 voluntate,
1373 1319 1443 1365 vel

46 1389 188 1448 potius
209 1389 449 1448 cupiditate
472 1390 694 1451 regnabat.

105 1461 164 1503 3⁰.
191 1458 321 1511 Quod
354 1469 501 1504 autem
528 1460 633 1504 dicit
660 1460 1064 1520 pseudoprophetas
1087 1459 1226 1505 multa
1248 1461 1367 1519 signa
1398 1471 1441 1506 et

48 1528 244 1589 prodigia
271 1529 463 1575 facturos
481 1565 492 1586 ,
518 1531 577 1575 ita
619 1540 670 1575 ut
700 1530 855 1576 fallant
884 1531 1031 1586 etiam,
1067 1532 1102 1575 si
1138 1532 1230 1575 fieri
1266 1541 1438 1591 potest,

46 1598 261 1658 electos43
285 1599 492 1646 admonet
512 1600 667 1662 utique
687 1611 738 1646 ut
758 1600 1052 1660 intelligamus
1076 1602 1282 1662 quaedam
1305 1603 1439 1648 mira·-

46 1669 143 1716 cula
160 1671 289 1715 etiam
307 1671 534 1717 sceleratos
555 1673 756 1717 homines
779 1673 922 1717 facere
939 1707 950 1727 ,
972 1671 1120 1732 qualia
1141 1674 1277 1717 sancti
1301 1673 1442 1718 iacere

47 1755 135 1786 non
154 1750 358 1801 possunt:
376 1757 457 1786 nec
475 1751 622 1787 tamen
644 1742 743 1788 ideo
758 1743 938 1802 potioris
955 1742 1039 1788 loci
1057 1742 1176 1802 apud
1195 1746 1334 1787 Deum
1354 1759 1443 1788 esse

47 1812 289 1858 arbitrandi
310 1823 428 1859 sunt.
453 1816 552 1861 Non
574 1814 690 1859 enim
721 1816 983 1874 acceptiores
1012 1823 1133 1859 erant
1152 1817 1244 1859 Deo
1270 1850 1280 1869 ,
1309 1831 1441 1875 quam

46 1883 234 1944 populus
251 1885 378 1929 Israel
398 1920 408 1941 ,
434 1886 548 1944 magi
570 1886 904 1945 AEgyptiorum,
932 1886 1035 1945 quia
1065 1900 1155 1930 non
1177 1895 1350 1945 poterat
1370 1886 1442 1931 ille

45 1955 232 2015 populus
246 1955 389 2001 facere
410 1973 499 2018 quo
516 1957 580 2002 illi
601 1958 847 2003 faciebant⁵
862 1977 870 2002 :
888 1958 1087 2018 quamvis
1104 1960 1276 2016 Moyses
1290 1958 1335 2002 in
1359 1959 1442 2003 vir-

47 2033 139 2070 tute
159 2027 239 2072 Dei
270 2028 433 2088 majora
458 2029 664 2089 potuerit.
693 2027 778 2074 Sed
806 2027 907 2073 ideo
933 2043 1024 2073 non
1050 2028 1256 2073 omnibus
1284 2028 1442 2073 sanctis

48 2096 126 2141 ista
142 2097 422 2154 tribuuntur,
449 2114 506 2143 ne
526 2099 889 2159 perniciosissimo
907 2114 1052 2143 errore
1072 2098 1349 2159 decipiantur
1370 2100 1440 2143 in-

48 2165 159 2212 firmi
185 2203 197 2225 ,
231 2169 524 2215 existimantes
555 2171 602 2215 in
633 2170 795 2216 talibus
821 2171 946 2216 factis
974 2171 1136 2230 majora
1170 2171 1282 2215 dona
1314 2186 1405 2216 esse
1428 2207 1437 2222 ,

48 2253 177 2298 quam
196 2240 242 2285 in
265 2242 469 2301 operibus
485 2242 666 2303 justitiae
684 2279 698 2298 ,
733 2242 895 2303 quibus
922 2251 1085 2289 aeterna
1107 2242 1194 2287 vita
1215 2257 1442 2302 compara-

48 2316 132 2355 tur.
152 2313 386 2372 Propterea
400 2313 610 2359 Dominus
625 2313 830 2373 prohibet
847 2314 952 2358 hinc
975 2313 1165 2371 gaudere
1185 2312 1436 2373 discipulos,

47 2394 144 2426 cum
160 2382 219 2427 ait
247 2401 255 2429 :
284 2402 304 2426 «
329 2382 472 2431 Nolite
492 2384 539 2429 in
554 2385 638 2430 hoc
660 2383 866 2444 gaudere,
892 2384 1102 2444 quoniam
1121 2383 1296 2443 spiritus
1318 2385 1440 2429 vobis

95 2489 106 2508 ¹
125 2486 215 2519 Rom.
239 2496 263 2527 1,
294 2485 349 2519 26.
366 2504 406 2511 --
424 2493 436 2510 2
469 2488 574 2521 Marc.
596 2498 645 2530 ιιι,
674 2488 783 2521 23.—·
799 2486 812 2511 3
830 2488 946 2531 Ephes.
979 2498 1023 2530 11,
1054 2496 1085 2520 2.
1102 2504 1143 2510 —
1167 2485 1181 2511 4
1210 2488 1330 2521 Matth.
1354 2499 1439 2529 xxxv,

52 2537 184 2579 24.—5
202 2541 300 2575 Exod.
321 2542 373 2575 vni.

233 2605 364 2636 CXLV.
1226 2602 1250 2637 9
