<?xml version="1.0" encoding="UTF-8"?>
<!DOCTYPE html PUBLIC "-//W3C//DTD XHTML 1.0 Transitional//EN"
    "http://www.w3.org/TR/xhtml1/DTD/xhtml1-transitional.dtd">
<html xmlns="http://www.w3.org/1999/xhtml" xml:lang="en" lang="en">
 <head>
  <title>
</title>
<meta http-equiv="Content-Type" content="text/html;charset=utf-8" />
  <meta name='ocr-system' content='tesseract 3.04.00' />
  <meta name='ocr-capabilities' content='ocr_page ocr_carea ocr_par ocr_line ocrx_word'/>
</head>
<body>
  <div class='ocr_page' id='page_1' title='image "./operaomniaaccura38auguuoft_0484.png"; bbox 0 0 1790 3187; ppageno 0'>
   <div class='ocr_carea' id='block_1_1' title="bbox 290 233 1245 275">
    <p class='ocr_par' dir='ltr' id='par_1_1' title="bbox 290 233 1245 275">
     <span class='ocr_line' id='line_1_1' title="bbox 290 233 1245 275; baseline 0 -1"><span class='ocrx_word' id='word_1_1' title='bbox 290 233 374 274; x_wconf 71' lang='lat'>474</span> <span class='ocrx_word' id='word_1_2' title='bbox 730 245 762 273; x_wconf 89' lang='lat' dir='ltr'>S.</span> <span class='ocrx_word' id='word_1_3' title='bbox 800 247 1030 274; x_wconf 73' lang='lat' dir='ltr'><strong>AUGUSTIM</strong></span> <span class='ocrx_word' id='word_1_4' title='bbox 1063 247 1245 275; x_wconf 72' lang='lat' dir='ltr'>Erlscort</span> 
     </span>
    </p>
   </div>
   <div class='ocr_carea' id='block_1_2' title="bbox 289 309 1688 2633">
    <p class='ocr_par' dir='ltr' id='par_1_2' title="bbox 289 309 1688 2071">
     <span class='ocr_line' id='line_1_2' title="bbox 290 309 1675 371; baseline 0.003 -17"><span class='ocrx_word' id='word_1_5' title='bbox 290 311 371 355; x_wconf 90' lang='lat' dir='ltr'>nisi</span> <span class='ocrx_word' id='word_1_6' title='bbox 391 309 541 366; x_wconf 88' lang='lat' dir='ltr'>fallor,</span> <span class='ocrx_word' id='word_1_7' title='bbox 562 310 682 355; x_wconf 86' lang='lat' dir='ltr'>nulla</span> <span class='ocrx_word' id='word_1_8' title='bbox 705 319 768 354; x_wconf 90' lang='lat' dir='ltr'>est</span> <span class='ocrx_word' id='word_1_9' title='bbox 783 309 1015 371; x_wconf 84' lang='lat' dir='ltr'>adjuvante</span> <span class='ocrx_word' id='word_1_10' title='bbox 1031 312 1241 370; x_wconf 76' lang='lat' dir='ltr'>Domin03</span> <span class='ocrx_word' id='word_1_11' title='bbox 1261 311 1391 356; x_wconf 86' lang='lat' dir='ltr'>ambo</span> <span class='ocrx_word' id='word_1_12' title='bbox 1410 312 1457 356; x_wconf 90' lang='lat' dir='ltr'>in</span> <span class='ocrx_word' id='word_1_13' title='bbox 1471 311 1675 358; x_wconf 88' lang='lat' dir='ltr'><strong>Numidia</strong></span> 
     </span>
     <span class='ocr_line' id='line_1_3' title="bbox 289 380 1673 443; baseline 0.002 -17"><span class='ocrx_word' id='word_1_14' title='bbox 289 397 461 437; x_wconf 90' lang='lat' dir='ltr'>sumus,</span> <span class='ocrx_word' id='word_1_15' title='bbox 498 390 541 426; x_wconf 90' lang='lat' dir='ltr'>et</span> <span class='ocrx_word' id='word_1_16' title='bbox 572 381 696 426; x_wconf 88' lang='lat' dir='ltr'>nobis</span> <span class='ocrx_word' id='word_1_17' title='bbox 725 380 822 426; x_wconf 85' lang='lat' dir='ltr'>loco</span> <span class='ocrx_word' id='word_1_18' title='bbox 855 391 1070 426; x_wconf 85' lang='lat' dir='ltr'>terrarum</span> <span class='ocrx_word' id='word_1_19' title='bbox 1099 383 1285 428; x_wconf 85' lang='lat' dir='ltr'>invicem</span> <span class='ocrx_word' id='word_1_20' title='bbox 1314 383 1673 443; x_wconf 83' lang='lat' dir='ltr'>propinquamus.</span> 
     </span>
     <span class='ocr_line' id='line_1_4' title="bbox 290 452 1678 514; baseline 0.004 -18"><span class='ocrx_word' id='word_1_21' title='bbox 290 459 453 497; x_wconf 86' lang='lat' dir='ltr'><strong>Rumor</strong></span> <span class='ocrx_word' id='word_1_22' title='bbox 471 453 525 498; x_wconf 83' lang='lat' dir='ltr'>ad</span> <span class='ocrx_word' id='word_1_23' title='bbox 548 468 617 496; x_wconf 86' lang='lat' dir='ltr'>me</span> <span class='ocrx_word' id='word_1_24' title='bbox 635 452 815 508; x_wconf 89' lang='lat' dir='ltr'>detulit,</span> <span class='ocrx_word' id='word_1_25' title='bbox 845 452 989 499; x_wconf 89' lang='lat' dir='ltr'>adhuc</span> <span class='ocrx_word' id='word_1_26' title='bbox 1015 463 1058 498; x_wconf 86' lang='lat' dir='ltr'>te</span> <span class='ocrx_word' id='word_1_27' title='bbox 1079 453 1190 499; x_wconf 89' lang='lat' dir='ltr'>velle</span> <span class='ocrx_word' id='word_1_28' title='bbox 1218 470 1391 499; x_wconf 88' lang='lat' dir='ltr'>mecum</span> <span class='ocrx_word' id='word_1_29' title='bbox 1413 454 1678 514; x_wconf 79' lang='lat' dir='ltr'>disputando</span> 
     </span>
     <span class='ocr_line' id='line_1_5' title="bbox 292 524 1679 584; baseline 0.003 -17"><span class='ocrx_word' id='word_1_30' title='bbox 292 524 474 583; x_wconf 81' lang='lat' dir='ltr'>experiri</span> <span class='ocrx_word' id='word_1_31' title='bbox 501 524 555 567; x_wconf 91' lang='lat' dir='ltr'>de</span> <span class='ocrx_word' id='word_1_32' title='bbox 577 524 840 583; x_wconf 76' lang='lat' dir='ltr'>quaestione,</span> <span class='ocrx_word' id='word_1_33' title='bbox 871 540 970 584; x_wconf 82' lang='lat' dir='ltr'>quae</span> <span class='ocrx_word' id='word_1_34' title='bbox 1000 534 1192 570; x_wconf 88' lang='lat' dir='ltr'>nostram</span> <span class='ocrx_word' id='word_1_35' title='bbox 1220 525 1383 569; x_wconf 86' lang='lat' dir='ltr'>dirimit</span> <span class='ocrx_word' id='word_1_36' title='bbox 1403 527 1679 572; x_wconf 85' lang='lat' dir='ltr'>communio-</span> 
     </span>
     <span class='ocr_line' id='line_1_6' title="bbox 292 593 1680 654; baseline 0.002 -17"><span class='ocrx_word' id='word_1_37' title='bbox 292 610 408 638; x_wconf 92' lang='lat' dir='ltr'>nem.</span> <span class='ocrx_word' id='word_1_38' title='bbox 434 593 543 638; x_wconf 85' lang='lat' dir='ltr'>Vide</span> <span class='ocrx_word' id='word_1_39' title='bbox 567 609 698 653; x_wconf 87' lang='lat' dir='ltr'>quam</span> <span class='ocrx_word' id='word_1_40' title='bbox 728 593 917 638; x_wconf 89' lang='lat' dir='ltr'>breviter</span> <span class='ocrx_word' id='word_1_41' title='bbox 936 610 1086 639; x_wconf 86' lang='lat' dir='ltr'>omnes</span> <span class='ocrx_word' id='word_1_42' title='bbox 1102 595 1342 639; x_wconf 84' lang='lat' dir='ltr'>offerantur</span> <span class='ocrx_word' id='word_1_43' title='bbox 1363 596 1566 654; x_wconf 84' lang='lat' dir='ltr'>ambages</span> <span class='ocrx_word' id='word_1_44' title='bbox 1581 630 1592 650; x_wconf 91' lang='lat'>,</span> <span class='ocrx_word' id='word_1_45' title='bbox 1623 597 1680 641; x_wconf 82' lang='lat' dir='ltr'>ad</span> 
     </span>
     <span class='ocr_line' id='line_1_7' title="bbox 291 664 1673 726; baseline 0.002 -18"><span class='ocrx_word' id='word_1_46' title='bbox 291 666 404 709; x_wconf 88' lang='lat' dir='ltr'>hanc</span> <span class='ocrx_word' id='word_1_47' title='bbox 433 664 657 724; x_wconf 88' lang='lat' dir='ltr'>epistolam</span> <span class='ocrx_word' id='word_1_48' title='bbox 682 667 896 724; x_wconf 83' lang='lat' dir='ltr'>responde</span> <span class='ocrx_word' id='word_1_49' title='bbox 915 701 926 721; x_wconf 91' lang='lat'>,</span> <span class='ocrx_word' id='word_1_50' title='bbox 955 667 990 711; x_wconf 89' lang='lat' dir='ltr'>si</span> <span class='ocrx_word' id='word_1_51' title='bbox 1013 666 1178 726; x_wconf 77' lang='lat' dir='ltr'>placet,</span> <span class='ocrx_word' id='word_1_52' title='bbox 1199 676 1242 711; x_wconf 90' lang='lat' dir='ltr'>et</span> <span class='ocrx_word' id='word_1_53' title='bbox 1263 666 1442 711; x_wconf 85' lang='lat' dir='ltr'>fortasse</span> <span class='ocrx_word' id='word_1_54' title='bbox 1464 667 1673 723; x_wconf 84' lang='lat' dir='ltr'>sufficiet,</span> 
     </span>
     <span class='ocr_line' id='line_1_8' title="bbox 292 735 1678 797; baseline 0.003 -19"><span class='ocrx_word' id='word_1_55' title='bbox 292 751 383 779; x_wconf 90' lang='lat' dir='ltr'>non</span> <span class='ocrx_word' id='word_1_56' title='bbox 413 735 553 779; x_wconf 88' lang='lat' dir='ltr'>solum</span> <span class='ocrx_word' id='word_1_57' title='bbox 578 736 703 779; x_wconf 87' lang='lat' dir='ltr'>nobis</span> <span class='ocrx_word' id='word_1_58' title='bbox 716 771 731 792; x_wconf 87' lang='lat'>,</span> <span class='ocrx_word' id='word_1_59' title='bbox 754 736 828 780; x_wconf 88' lang='lat' dir='ltr'>sed</span> <span class='ocrx_word' id='word_1_60' title='bbox 849 745 892 780; x_wconf 92' lang='lat' dir='ltr'>et</span> <span class='ocrx_word' id='word_1_61' title='bbox 916 737 1001 793; x_wconf 90' lang='lat' dir='ltr'>eis,</span> <span class='ocrx_word' id='word_1_62' title='bbox 1026 737 1103 797; x_wconf 86' lang='lat' dir='ltr'>qui</span> <span class='ocrx_word' id='word_1_63' title='bbox 1128 752 1207 782; x_wconf 91' lang='lat' dir='ltr'>nos</span> <span class='ocrx_word' id='word_1_64' title='bbox 1233 737 1382 781; x_wconf 88' lang='lat' dir='ltr'>audire</span> <span class='ocrx_word' id='word_1_65' title='bbox 1409 737 1678 796; x_wconf 79' lang='lat' dir='ltr'>desiderant3</span> 
     </span>
     <span class='ocr_line' id='line_1_9' title="bbox 294 806 1681 868; baseline 0.002 -18"><span class='ocrx_word' id='word_1_66' title='bbox 294 816 370 850; x_wconf 90' lang='lat' dir='ltr'>aut</span> <span class='ocrx_word' id='word_1_67' title='bbox 388 808 421 850; x_wconf 91' lang='lat' dir='ltr'>si</span> <span class='ocrx_word' id='word_1_68' title='bbox 443 822 532 851; x_wconf 91' lang='lat' dir='ltr'>non</span> <span class='ocrx_word' id='word_1_69' title='bbox 558 807 768 863; x_wconf 80' lang='lat' dir='ltr'>sufficiet,</span> <span class='ocrx_word' id='word_1_70' title='bbox 801 807 958 867; x_wconf 89' lang='lat' dir='ltr'>scripta</span> <span class='ocrx_word' id='word_1_71' title='bbox 986 816 1116 868; x_wconf 84' lang='lat' dir='ltr'>atque</span> <span class='ocrx_word' id='word_1_72' title='bbox 1137 806 1342 866; x_wconf 87' lang='lat' dir='ltr'>rescripta</span> <span class='ocrx_word' id='word_1_73' title='bbox 1359 843 1369 863; x_wconf 93' lang='lat'>,</span> <span class='ocrx_word' id='word_1_74' title='bbox 1395 806 1535 853; x_wconf 87' lang='lat' dir='ltr'>donec</span> <span class='ocrx_word' id='word_1_75' title='bbox 1556 808 1681 853; x_wconf 89' lang='lat' dir='ltr'>suffi-</span> 
     </span>
     <span class='ocr_line' id='line_1_10' title="bbox 294 878 1680 939; baseline 0.001 -17"><span class='ocrx_word' id='word_1_76' title='bbox 294 878 436 932; x_wconf 83' lang='lat' dir='ltr'>ciant,</span> <span class='ocrx_word' id='word_1_77' title='bbox 475 887 742 937; x_wconf 80' lang='lat' dir='ltr'>repetantur.</span> <span class='ocrx_word' id='word_1_78' title='bbox 778 880 893 932; x_wconf 87' lang='lat' dir='ltr'>Quid</span> <span class='ocrx_word' id='word_1_79' title='bbox 925 879 1040 923; x_wconf 86' lang='lat' dir='ltr'>enim</span> <span class='ocrx_word' id='word_1_80' title='bbox 1069 879 1194 923; x_wconf 89' lang='lat' dir='ltr'>nobis</span> <span class='ocrx_word' id='word_1_81' title='bbox 1224 878 1493 924; x_wconf 88' lang='lat' dir='ltr'>commodius</span> <span class='ocrx_word' id='word_1_82' title='bbox 1520 880 1680 939; x_wconf 83' lang='lat' dir='ltr'>poterit</span> 
     </span>
     <span class='ocr_line' id='line_1_11' title="bbox 293 948 1677 1009; baseline 0.001 -17"><span class='ocrx_word' id='word_1_83' title='bbox 293 948 498 992; x_wconf 79' lang='lat' dir='ltr'>exhibere</span> <span class='ocrx_word' id='word_1_84' title='bbox 512 949 702 1004; x_wconf 82' lang='lat' dir='ltr'>urbium,</span> <span class='ocrx_word' id='word_1_85' title='bbox 719 965 825 1009; x_wconf 86' lang='lat' dir='ltr'>quas</span> <span class='ocrx_word' id='word_1_86' title='bbox 836 949 1081 1007; x_wconf 85' lang='lat' dir='ltr'>incolimus,</span> <span class='ocrx_word' id='word_1_87' title='bbox 1096 959 1215 994; x_wconf 84' lang='lat' dir='ltr'>tanta</span> <span class='ocrx_word' id='word_1_88' title='bbox 1228 950 1548 1009; x_wconf 81' lang='lat' dir='ltr'>vicinitasPEgo</span> <span class='ocrx_word' id='word_1_89' title='bbox 1561 951 1677 994; x_wconf 89' lang='lat' dir='ltr'>enim</span> 
     </span>
     <span class='ocr_line' id='line_1_12' title="bbox 294 1019 1675 1080; baseline 0.001 -18"><span class='ocrx_word' id='word_1_90' title='bbox 294 1019 424 1063; x_wconf 80' lang='lat' dir='ltr'>statui</span> <span class='ocrx_word' id='word_1_91' title='bbox 447 1020 555 1063; x_wconf 84' lang='lat' dir='ltr'>nihil</span> <span class='ocrx_word' id='word_1_92' title='bbox 582 1021 636 1063; x_wconf 87' lang='lat' dir='ltr'>de</span> <span class='ocrx_word' id='word_1_93' title='bbox 660 1021 739 1065; x_wconf 87' lang='lat' dir='ltr'>hac</span> <span class='ocrx_word' id='word_1_94' title='bbox 769 1036 812 1064; x_wconf 91' lang='lat' dir='ltr'>re</span> <span class='ocrx_word' id='word_1_95' title='bbox 836 1036 961 1079; x_wconf 81' lang='lat' dir='ltr'>agere</span> <span class='ocrx_word' id='word_1_96' title='bbox 990 1021 1240 1076; x_wconf 85' lang='lat' dir='ltr'>vobiscum,</span> <span class='ocrx_word' id='word_1_97' title='bbox 1271 1022 1353 1065; x_wconf 87' lang='lat' dir='ltr'>nisi</span> <span class='ocrx_word' id='word_1_98' title='bbox 1376 1036 1452 1080; x_wconf 86' lang='lat' dir='ltr'>per</span> <span class='ocrx_word' id='word_1_99' title='bbox 1479 1021 1643 1065; x_wconf 78' lang='lat' dir='ltr'>litteras</span> <span class='ocrx_word' id='word_1_100' title='bbox 1662 1055 1675 1077; x_wconf 89' lang='lat'>‚</span> 
     </span>
     <span class='ocr_line' id='line_1_13' title="bbox 294 1089 1680 1151; baseline 0 -16"><span class='ocrx_word' id='word_1_101' title='bbox 294 1089 363 1135; x_wconf 90' lang='lat' dir='ltr'>vel</span> <span class='ocrx_word' id='word_1_102' title='bbox 387 1105 441 1133; x_wconf 92' lang='lat' dir='ltr'>ne</span> <span class='ocrx_word' id='word_1_103' title='bbox 461 1090 530 1133; x_wconf 89' lang='lat' dir='ltr'>cui</span> <span class='ocrx_word' id='word_1_104' title='bbox 553 1100 750 1134; x_wconf 91' lang='lat' dir='ltr'>nostrum</span> <span class='ocrx_word' id='word_1_105' title='bbox 778 1091 832 1135; x_wconf 89' lang='lat' dir='ltr'>de</span> <span class='ocrx_word' id='word_1_106' title='bbox 856 1093 1091 1147; x_wconf 85' lang='lat' dir='ltr'>memoria,</span> <span class='ocrx_word' id='word_1_107' title='bbox 1118 1092 1239 1151; x_wconf 91' lang='lat' dir='ltr'>quod</span> <span class='ocrx_word' id='word_1_108' title='bbox 1273 1092 1433 1136; x_wconf 91' lang='lat' dir='ltr'>dicitur</span> <span class='ocrx_word' id='word_1_109' title='bbox 1461 1091 1680 1147; x_wconf 81' lang='lat' dir='ltr'>elabatur,</span> 
     </span>
     <span class='ocr_line' id='line_1_14' title="bbox 294 1160 1685 1222; baseline 0.001 -17"><span class='ocrx_word' id='word_1_110' title='bbox 294 1160 361 1205; x_wconf 85' lang='lat' dir='ltr'>vel</span> <span class='ocrx_word' id='word_1_111' title='bbox 382 1176 436 1204; x_wconf 91' lang='lat' dir='ltr'>ne</span> <span class='ocrx_word' id='word_1_112' title='bbox 459 1161 719 1205; x_wconf 80' lang='lat' dir='ltr'>fraudentur</span> <span class='ocrx_word' id='word_1_113' title='bbox 741 1162 892 1205; x_wconf 86' lang='lat' dir='ltr'>talium</span> <span class='ocrx_word' id='word_1_114' title='bbox 910 1162 1115 1220; x_wconf 75' lang='lat' dir='ltr'>studiosi,</span> <span class='ocrx_word' id='word_1_115' title='bbox 1139 1163 1216 1222; x_wconf 88' lang='lat' dir='ltr'>qui</span> <span class='ocrx_word' id='word_1_116' title='bbox 1237 1161 1349 1206; x_wconf 88' lang='lat' dir='ltr'>forte</span> <span class='ocrx_word' id='word_1_117' title='bbox 1372 1163 1576 1206; x_wconf 80' lang='lat' dir='ltr'>interesse</span> <span class='ocrx_word' id='word_1_118' title='bbox 1594 1177 1685 1207; x_wconf 91' lang='lat' dir='ltr'>non</span> 
     </span>
     <span class='ocr_line' id='line_1_15' title="bbox 296 1225 1681 1293; baseline 0.002 -19"><span class='ocrx_word' id='word_1_119' title='bbox 296 1241 491 1291; x_wconf 84' lang='lat' dir='ltr'>possunt.</span> <span class='ocrx_word' id='word_1_120' title='bbox 529 1232 681 1276; x_wconf 82' lang='lat' dir='ltr'>Soletis</span> <span class='ocrx_word' id='word_1_121' title='bbox 709 1232 763 1276; x_wconf 90' lang='lat' dir='ltr'>de</span> <span class='ocrx_word' id='word_1_122' title='bbox 793 1234 1019 1291; x_wconf 80' lang='lat' dir='ltr'>praeteritis</span> <span class='ocrx_word' id='word_1_123' title='bbox 1050 1234 1178 1277; x_wconf 88' lang='lat' dir='ltr'>rebus</span> <span class='ocrx_word' id='word_1_124' title='bbox 1207 1235 1356 1292; x_wconf 82' lang='lat' dir='ltr'>gestis,</span> <span class='ocrx_word' id='word_1_125' title='bbox 1391 1225 1490 1293; x_wconf 83' lang='lat' dir='ltr'>quae</span> <span class='ocrx_word' id='word_1_126' title='bbox 1523 1233 1681 1287; x_wconf 86' lang='lat' dir='ltr'>vultis,</span> 
     </span>
     <span class='ocr_line' id='line_1_16' title="bbox 296 1302 1681 1362; baseline 0.002 -17"><span class='ocrx_word' id='word_1_127' title='bbox 296 1302 402 1346; x_wconf 79' lang='lat' dir='ltr'>falsa</span> <span class='ocrx_word' id='word_1_128' title='bbox 433 1304 621 1362; x_wconf 74' lang='lat' dir='ltr'>jactare,</span> <span class='ocrx_word' id='word_1_129' title='bbox 658 1302 770 1347; x_wconf 82' lang='lat' dir='ltr'>forte</span> <span class='ocrx_word' id='word_1_130' title='bbox 805 1320 893 1347; x_wconf 92' lang='lat' dir='ltr'>non</span> <span class='ocrx_word' id='word_1_131' title='bbox 931 1305 1169 1348; x_wconf 89' lang='lat' dir='ltr'>mentiendi</span> <span class='ocrx_word' id='word_1_132' title='bbox 1197 1304 1371 1359; x_wconf 89' lang='lat' dir='ltr'>studio,</span> <span class='ocrx_word' id='word_1_133' title='bbox 1410 1304 1485 1348; x_wconf 91' lang='lat' dir='ltr'>sed</span> <span class='ocrx_word' id='word_1_134' title='bbox 1522 1319 1681 1348; x_wconf 84' lang='lat' dir='ltr'>errore.</span> 
     </span>
     <span class='ocr_line' id='line_1_17' title="bbox 296 1374 1686 1434; baseline 0.001 -17"><span class='ocrx_word' id='word_1_135' title='bbox 296 1374 484 1418; x_wconf 83' lang='lat' dir='ltr'>Proinde</span> <span class='ocrx_word' id='word_1_136' title='bbox 501 1409 511 1429; x_wconf 84' lang='lat'>‚</span> <span class='ocrx_word' id='word_1_137' title='bbox 537 1375 570 1418; x_wconf 89' lang='lat' dir='ltr'>si</span> <span class='ocrx_word' id='word_1_138' title='bbox 589 1374 752 1433; x_wconf 88' lang='lat' dir='ltr'>placet,</span> <span class='ocrx_word' id='word_1_139' title='bbox 773 1374 827 1419; x_wconf 91' lang='lat' dir='ltr'>de</span> <span class='ocrx_word' id='word_1_140' title='bbox 848 1376 1132 1434; x_wconf 81' lang='lat' dir='ltr'>praesentibus</span> <span class='ocrx_word' id='word_1_141' title='bbox 1153 1375 1225 1420; x_wconf 91' lang='lat' dir='ltr'>illa</span> <span class='ocrx_word' id='word_1_142' title='bbox 1248 1376 1492 1420; x_wconf 85' lang='lat' dir='ltr'>metiamur.</span> <span class='ocrx_word' id='word_1_143' title='bbox 1527 1374 1686 1420; x_wconf 88' lang='lat' dir='ltr'>Procul</span> 
     </span>
     <span class='ocr_line' id='line_1_18' title="bbox 296 1445 1685 1506; baseline 0.001 -19"><span class='ocrx_word' id='word_1_144' title='bbox 296 1445 433 1489; x_wconf 87' lang='lat' dir='ltr'>dubio</span> <span class='ocrx_word' id='word_1_145' title='bbox 452 1455 493 1489; x_wconf 88' lang='lat' dir='ltr'>te</span> <span class='ocrx_word' id='word_1_146' title='bbox 515 1462 601 1489; x_wconf 83' lang='lat' dir='ltr'>non</span> <span class='ocrx_word' id='word_1_147' title='bbox 624 1445 734 1504; x_wconf 82' lang='lat' dir='ltr'>fugit</span> <span class='ocrx_word' id='word_1_148' title='bbox 747 1447 900 1506; x_wconf 86' lang='lat' dir='ltr'>prioris</span> <span class='ocrx_word' id='word_1_149' title='bbox 916 1447 1066 1506; x_wconf 86' lang='lat' dir='ltr'>populi</span> <span class='ocrx_word' id='word_1_150' title='bbox 1084 1447 1351 1506; x_wconf 87' lang='lat' dir='ltr'>temporibus</span> <span class='ocrx_word' id='word_1_151' title='bbox 1367 1456 1411 1491; x_wconf 90' lang='lat' dir='ltr'>et</span> <span class='ocrx_word' id='word_1_152' title='bbox 1427 1445 1685 1490; x_wconf 83' lang='lat' dir='ltr'>idololatriae</span> 
     </span>
     <span class='ocr_line' id='line_1_19' title="bbox 296 1515 1686 1575; baseline 0.001 -17"><span class='ocrx_word' id='word_1_153' title='bbox 296 1515 567 1572; x_wconf 82' lang='lat' dir='ltr'>saerilegium</span> <span class='ocrx_word' id='word_1_154' title='bbox 603 1515 733 1560; x_wconf 85' lang='lat' dir='ltr'>fuisse</span> <span class='ocrx_word' id='word_1_155' title='bbox 771 1518 1076 1572; x_wconf 83' lang='lat' dir='ltr'>commissum,</span> <span class='ocrx_word' id='word_1_156' title='bbox 1113 1526 1156 1561; x_wconf 85' lang='lat' dir='ltr'>et</span> <span class='ocrx_word' id='word_1_157' title='bbox 1189 1533 1213 1561; x_wconf 88' lang='lat' dir='ltr'>a</span> <span class='ocrx_word' id='word_1_158' title='bbox 1251 1532 1351 1575; x_wconf 83' lang='lat' dir='ltr'>rege</span> <span class='ocrx_word' id='word_1_159' title='bbox 1387 1525 1686 1575; x_wconf 84' lang='lat' dir='ltr'>contemptore</span> 
     </span>
     <span class='ocr_line' id='line_1_20' title="bbox 297 1586 1687 1646; baseline 0.001 -18"><span class='ocrx_word' id='word_1_160' title='bbox 297 1586 458 1629; x_wconf 83' lang='lat' dir='ltr'>librum</span> <span class='ocrx_word' id='word_1_161' title='bbox 503 1586 805 1645; x_wconf 86' lang='lat' dir='ltr'>propheticum</span> <span class='ocrx_word' id='word_1_162' title='bbox 840 1588 1066 1631; x_wconf 89' lang='lat' dir='ltr'>incensum</span> <span class='ocrx_word' id='word_1_163' title='bbox 1089 1622 1100 1643; x_wconf 92' lang='lat'>,</span> <span class='ocrx_word' id='word_1_164' title='bbox 1145 1603 1235 1646; x_wconf 91' lang='lat' dir='ltr'>quo</span> <span class='ocrx_word' id='word_1_165' title='bbox 1276 1596 1465 1646; x_wconf 86' lang='lat' dir='ltr'>utroque</span> <span class='ocrx_word' id='word_1_166' title='bbox 1506 1586 1687 1631; x_wconf 87' lang='lat' dir='ltr'>crimine</span> 
     </span>
     <span class='ocr_line' id='line_1_21' title="bbox 296 1657 1687 1716; baseline -0.001 -15"><span class='ocrx_word' id='word_1_167' title='bbox 296 1657 534 1701; x_wconf 82' lang='lat' dir='ltr'>schismatis</span> <span class='ocrx_word' id='word_1_168' title='bbox 548 1657 710 1700; x_wconf 82' lang='lat' dir='ltr'>malum</span> <span class='ocrx_word' id='word_1_169' title='bbox 726 1673 815 1701; x_wconf 91' lang='lat' dir='ltr'>non</span> <span class='ocrx_word' id='word_1_170' title='bbox 830 1658 1058 1716; x_wconf 87' lang='lat' dir='ltr'>puniretur</span> <span class='ocrx_word' id='word_1_171' title='bbox 1079 1658 1282 1712; x_wconf 87' lang='lat' dir='ltr'>atrocius,</span> <span class='ocrx_word' id='word_1_172' title='bbox 1299 1658 1377 1701; x_wconf 86' lang='lat' dir='ltr'>nisi</span> <span class='ocrx_word' id='word_1_173' title='bbox 1392 1657 1563 1716; x_wconf 86' lang='lat' dir='ltr'>gravius</span> <span class='ocrx_word' id='word_1_174' title='bbox 1579 1672 1687 1715; x_wconf 79' lang='lat' dir='ltr'>pen-</span> 
     </span>
     <span class='ocr_line' id='line_1_22' title="bbox 296 1728 1686 1789; baseline -0.002 -16"><span class='ocrx_word' id='word_1_175' title='bbox 296 1730 487 1773; x_wconf 86' lang='lat' dir='ltr'>deretur.</span> <span class='ocrx_word' id='word_1_176' title='bbox 522 1728 722 1774; x_wconf 84' lang='lat' dir='ltr'>Profecto</span> <span class='ocrx_word' id='word_1_177' title='bbox 747 1730 862 1772; x_wconf 90' lang='lat' dir='ltr'>enim</span> <span class='ocrx_word' id='word_1_178' title='bbox 889 1728 1126 1774; x_wconf 83' lang='lat' dir='ltr'>recordaris</span> <span class='ocrx_word' id='word_1_179' title='bbox 1157 1728 1531 1789; x_wconf 80' lang='lat' dir='ltr'>quemadmodum</span> <span class='ocrx_word' id='word_1_180' title='bbox 1560 1728 1686 1772; x_wconf 87' lang='lat' dir='ltr'>schis-</span> 
     </span>
     <span class='ocr_line' id='line_1_23' title="bbox 297 1798 1687 1858; baseline -0.002 -14"><span class='ocrx_word' id='word_1_181' title='bbox 297 1802 422 1844; x_wconf 87' lang='lat' dir='ltr'>matis</span> <span class='ocrx_word' id='word_1_182' title='bbox 446 1810 640 1845; x_wconf 79' lang='lat' dir='ltr'>auctores</span> <span class='ocrx_word' id='word_1_183' title='bbox 663 1802 782 1845; x_wconf 87' lang='lat' dir='ltr'>vivos</span> <span class='ocrx_word' id='word_1_184' title='bbox 802 1801 1026 1845; x_wconf 82' lang='lat' dir='ltr'>dehiscens</span> <span class='ocrx_word' id='word_1_185' title='bbox 1050 1810 1163 1845; x_wconf 82' lang='lat' dir='ltr'>terra</span> <span class='ocrx_word' id='word_1_186' title='bbox 1185 1801 1424 1855; x_wconf 87' lang='lat' dir='ltr'>sorbuerit,</span> <span class='ocrx_word' id='word_1_187' title='bbox 1450 1809 1494 1843; x_wconf 90' lang='lat' dir='ltr'>et</span> <span class='ocrx_word' id='word_1_188' title='bbox 1515 1815 1588 1843; x_wconf 90' lang='lat' dir='ltr'>eos</span> <span class='ocrx_word' id='word_1_189' title='bbox 1611 1798 1687 1858; x_wconf 88' lang='lat' dir='ltr'>qui</span> 
     </span>
     <span class='ocr_line' id='line_1_24' title="bbox 297 1869 1688 1931; baseline -0.002 -15"><span class='ocrx_word' id='word_1_190' title='bbox 297 1880 630 1927; x_wconf 88' lang='lat' dir='ltr'>consenserant,</span> <span class='ocrx_word' id='word_1_191' title='bbox 657 1872 770 1916; x_wconf 82' lang='lat' dir='ltr'>coelo</span> <span class='ocrx_word' id='word_1_192' title='bbox 791 1872 960 1916; x_wconf 88' lang='lat' dir='ltr'>irruens</span> <span class='ocrx_word' id='word_1_193' title='bbox 982 1872 1094 1931; x_wconf 83' lang='lat' dir='ltr'>ignis</span> <span class='ocrx_word' id='word_1_194' title='bbox 1112 1871 1414 1931; x_wconf 84' lang='lat' dir='ltr'>absumpserit.</span> <span class='ocrx_word' id='word_1_195' title='bbox 1439 1871 1506 1915; x_wconf 90' lang='lat' dir='ltr'>Sic</span> <span class='ocrx_word' id='word_1_196' title='bbox 1528 1885 1609 1914; x_wconf 91' lang='lat' dir='ltr'>nec</span> <span class='ocrx_word' id='word_1_197' title='bbox 1628 1869 1688 1913; x_wconf 85' lang='lat' dir='ltr'>fa-</span> 
     </span>
     <span class='ocr_line' id='line_1_25' title="bbox 298 1942 1687 1998; baseline -0.003 -11"><span class='ocrx_word' id='word_1_198' title='bbox 298 1943 514 1987; x_wconf 86' lang='lat' dir='ltr'>bricatum</span> <span class='ocrx_word' id='word_1_199' title='bbox 543 1952 585 1986; x_wconf 93' lang='lat' dir='ltr'>et</span> <span class='ocrx_word' id='word_1_200' title='bbox 618 1942 846 1987; x_wconf 88' lang='lat' dir='ltr'>adoratum</span> <span class='ocrx_word' id='word_1_201' title='bbox 877 1942 1071 1998; x_wconf 88' lang='lat' dir='ltr'>idolum,</span> <span class='ocrx_word' id='word_1_202' title='bbox 1110 1957 1191 1987; x_wconf 87' lang='lat' dir='ltr'>nec</span> <span class='ocrx_word' id='word_1_203' title='bbox 1224 1957 1342 1987; x_wconf 86' lang='lat' dir='ltr'>sacer</span> <span class='ocrx_word' id='word_1_204' title='bbox 1375 1942 1483 1985; x_wconf 89' lang='lat' dir='ltr'>liber</span> <span class='ocrx_word' id='word_1_205' title='bbox 1514 1949 1687 1985; x_wconf 84' lang='lat' dir='ltr'>exustus</span> 
     </span>
     <span class='ocr_line' id='line_1_26' title="bbox 295 2014 701 2071; baseline -0.002 -14"><span class='ocrx_word' id='word_1_206' title='bbox 295 2016 454 2071; x_wconf 87' lang='lat' dir='ltr'>meruit</span> <span class='ocrx_word' id='word_1_207' title='bbox 476 2014 701 2058; x_wconf 87' lang='lat' dir='ltr'>vindicari.</span> 
     </span>
    </p>

    <p class='ocr_par' dir='ltr' id='par_1_3' title="bbox 294 2079 1687 2633">
     <span class='ocr_line' id='line_1_27' title="bbox 354 2079 1687 2144; baseline -0.005 -16"><span class='ocrx_word' id='word_1_208' title='bbox 354 2088 412 2129; x_wconf 89' lang='lat' dir='ltr'>II.</span> <span class='ocrx_word' id='word_1_209' title='bbox 449 2087 539 2130; x_wconf 89' lang='lat' dir='ltr'>Cur</span> <span class='ocrx_word' id='word_1_210' title='bbox 564 2099 665 2142; x_wconf 79' lang='lat' dir='ltr'>ergo</span> <span class='ocrx_word' id='word_1_211' title='bbox 687 2084 763 2144; x_wconf 88' lang='lat' dir='ltr'>qui</span> <span class='ocrx_word' id='word_1_212' title='bbox 790 2083 933 2128; x_wconf 89' lang='lat' dir='ltr'>soletis</span> <span class='ocrx_word' id='word_1_213' title='bbox 957 2084 1083 2128; x_wconf 87' lang='lat' dir='ltr'>nobis</span> <span class='ocrx_word' id='word_1_214' title='bbox 1105 2082 1317 2142; x_wconf 90' lang='lat' dir='ltr'>objicere,</span> <span class='ocrx_word' id='word_1_215' title='bbox 1350 2096 1439 2126; x_wconf 91' lang='lat' dir='ltr'>non</span> <span class='ocrx_word' id='word_1_216' title='bbox 1469 2079 1610 2125; x_wconf 90' lang='lat' dir='ltr'>solum</span> <span class='ocrx_word' id='word_1_217' title='bbox 1640 2079 1687 2122; x_wconf 90' lang='lat' dir='ltr'>in</span> 
     </span>
     <span class='ocr_line' id='line_1_28' title="bbox 294 2149 1686 2214; baseline -0.006 -14"><span class='ocrx_word' id='word_1_218' title='bbox 294 2155 449 2200; x_wconf 89' lang='lat' dir='ltr'>nostris</span> <span class='ocrx_word' id='word_1_219' title='bbox 484 2170 572 2198; x_wconf 92' lang='lat' dir='ltr'>non</span> <span class='ocrx_word' id='word_1_220' title='bbox 605 2155 813 2214; x_wconf 85' lang='lat' dir='ltr'>probata,</span> <span class='ocrx_word' id='word_1_221' title='bbox 843 2153 917 2198; x_wconf 86' lang='lat' dir='ltr'>sed</span> <span class='ocrx_word' id='word_1_222' title='bbox 950 2154 1094 2212; x_wconf 84' lang='lat' dir='ltr'>potius</span> <span class='ocrx_word' id='word_1_223' title='bbox 1123 2153 1166 2196; x_wconf 91' lang='lat' dir='ltr'>in</span> <span class='ocrx_word' id='word_1_224' title='bbox 1201 2151 1351 2197; x_wconf 89' lang='lat' dir='ltr'>vestris</span> <span class='ocrx_word' id='word_1_225' title='bbox 1387 2150 1569 2209; x_wconf 88' lang='lat' dir='ltr'>probata</span> <span class='ocrx_word' id='word_1_226' title='bbox 1599 2149 1686 2193; x_wconf 90' lang='lat' dir='ltr'>cri·-</span> 
     </span>
     <span class='ocr_line' id='line_1_29' title="bbox 294 2219 1685 2284; baseline -0.005 -15"><span class='ocrx_word' id='word_1_227' title='bbox 294 2226 412 2269; x_wconf 86' lang='lat' dir='ltr'>mina</span> <span class='ocrx_word' id='word_1_228' title='bbox 441 2240 619 2279; x_wconf 83' lang='lat' dir='ltr'>eorum,</span> <span class='ocrx_word' id='word_1_229' title='bbox 646 2225 721 2284; x_wconf 88' lang='lat' dir='ltr'>qui</span> <span class='ocrx_word' id='word_1_230' title='bbox 743 2223 977 2268; x_wconf 87' lang='lat' dir='ltr'>formidine</span> <span class='ocrx_word' id='word_1_231' title='bbox 1004 2222 1313 2282; x_wconf 89' lang='lat' dir='ltr'>persecutionis</span> <span class='ocrx_word' id='word_1_232' title='bbox 1336 2220 1512 2279; x_wconf 88' lang='lat' dir='ltr'>impulsi</span> <span class='ocrx_word' id='word_1_233' title='bbox 1541 2219 1685 2263; x_wconf 89' lang='lat' dir='ltr'>domi-</span> 
     </span>
     <span class='ocr_line' id='line_1_30' title="bbox 295 2291 1686 2352; baseline -0.005 -13"><span class='ocrx_word' id='word_1_234' title='bbox 295 2297 413 2339; x_wconf 88' lang='lat' dir='ltr'>nicos</span> <span class='ocrx_word' id='word_1_235' title='bbox 439 2295 569 2339; x_wconf 85' lang='lat' dir='ltr'>libros</span> <span class='ocrx_word' id='word_1_236' title='bbox 598 2293 938 2339; x_wconf 80' lang='lat' dir='ltr'>concremandos</span> <span class='ocrx_word' id='word_1_237' title='bbox 968 2293 1142 2352; x_wconf 79' lang='lat' dir='ltr'>ignibus</span> <span class='ocrx_word' id='word_1_238' title='bbox 1176 2291 1480 2347; x_wconf 66' lang='lat' dir='ltr'>tradiderunt,</span> <span class='ocrx_word' id='word_1_239' title='bbox 1518 2304 1592 2334; x_wconf 90' lang='lat' dir='ltr'>vos</span> <span class='ocrx_word' id='word_1_240' title='bbox 1614 2304 1686 2333; x_wconf 90' lang='lat' dir='ltr'>eos</span> 
     </span>
     <span class='ocr_line' id='line_1_31' title="bbox 295 2360 1686 2424; baseline -0.005 -15"><span class='ocrx_word' id='word_1_241' title='bbox 295 2382 404 2424; x_wconf 87' lang='lat' dir='ltr'>quos</span> <span class='ocrx_word' id='word_1_242' title='bbox 427 2381 504 2424; x_wconf 87' lang='lat' dir='ltr'>pro</span> <span class='ocrx_word' id='word_1_243' title='bbox 532 2365 691 2409; x_wconf 88' lang='lat' dir='ltr'>scelere</span> <span class='ocrx_word' id='word_1_244' title='bbox 718 2364 979 2418; x_wconf 83' lang='lat' dir='ltr'>schismatis,</span> <span class='ocrx_word' id='word_1_245' title='bbox 1010 2381 1029 2404; x_wconf 91' lang='lat'>«</span> <span class='ocrx_word' id='word_1_246' title='bbox 1057 2363 1238 2421; x_wconf 85' lang='lat' dir='ltr'>plenarii</span> <span class='ocrx_word' id='word_1_247' title='bbox 1266 2360 1439 2405; x_wconf 91' lang='lat' dir='ltr'>concilii</span> <span class='ocrx_word' id='word_1_248' title='bbox 1466 2360 1594 2403; x_wconf 81' lang='lat' dir='ltr'>vestri</span> <span class='ocrx_word' id='word_1_249' title='bbox 1617 2373 1686 2403; x_wconf 90' lang='lat' dir='ltr'>ve-</span> 
     </span>
     <span class='ocr_line' id='line_1_32' title="bbox 295 2431 1682 2494; baseline -0.005 -14"><span class='ocrx_word' id='word_1_250' title='bbox 295 2436 432 2480; x_wconf 85' lang='lat' dir='ltr'>ridico</span> <span class='ocrx_word' id='word_1_251' title='bbox 466 2439 580 2493; x_wconf 81' lang='lat'>(39),</span> <span class='ocrx_word' id='word_1_252' title='bbox 622 2436 733 2480; x_wconf 90' lang='lat' dir='ltr'>sicut</span> <span class='ocrx_word' id='word_1_253' title='bbox 767 2436 826 2479; x_wconf 86' lang='lat' dir='ltr'>ibi</span> <span class='ocrx_word' id='word_1_254' title='bbox 861 2436 1071 2494; x_wconf 86' lang='lat' dir='ltr'>scriptum</span> <span class='ocrx_word' id='word_1_255' title='bbox 1111 2443 1210 2490; x_wconf 84' lang='lat' dir='ltr'>est,</span> <span class='ocrx_word' id='word_1_256' title='bbox 1255 2448 1328 2477; x_wconf 87' lang='lat' dir='ltr'>ore</span> <span class='ocrx_word' id='word_1_257' title='bbox 1360 2431 1620 2486; x_wconf 78' lang='lat' dir='ltr'>damnastis,</span> <span class='ocrx_word' id='word_1_258' title='bbox 1663 2450 1682 2472; x_wconf 89' lang='lat'>»</span> 
     </span>
     <span class='ocr_line' id='line_1_33' title="bbox 296 2502 1681 2566; baseline -0.003 -16"><span class='ocrx_word' id='word_1_259' title='bbox 296 2507 340 2550; x_wconf 92' lang='lat' dir='ltr'>in</span> <span class='ocrx_word' id='word_1_260' title='bbox 370 2507 524 2550; x_wconf 86' lang='lat' dir='ltr'>eodem</span> <span class='ocrx_word' id='word_1_261' title='bbox 558 2507 651 2566; x_wconf 88' lang='lat' dir='ltr'>ipso</span> <span class='ocrx_word' id='word_1_262' title='bbox 681 2507 934 2566; x_wconf 84' lang='lat' dir='ltr'>episcopatu</span> <span class='ocrx_word' id='word_1_263' title='bbox 964 2505 1200 2564; x_wconf 83' lang='lat' dir='ltr'>recepistiS,</span> <span class='ocrx_word' id='word_1_264' title='bbox 1227 2505 1273 2548; x_wconf 88' lang='lat' dir='ltr'>in</span> <span class='ocrx_word' id='word_1_265' title='bbox 1305 2519 1394 2563; x_wconf 86' lang='lat' dir='ltr'>quo</span> <span class='ocrx_word' id='word_1_266' title='bbox 1422 2502 1681 2555; x_wconf 85' lang='lat' dir='ltr'>damnastis,</span> 
     </span>
     <span class='ocr_line' id='line_1_34' title="bbox 297 2573 1685 2633; baseline -0.002 -13"><span class='ocrx_word' id='word_1_267' title='bbox 297 2578 564 2622; x_wconf 81' lang='lat' dir='ltr'>Felicianum</span> <span class='ocrx_word' id='word_1_268' title='bbox 595 2577 692 2622; x_wconf 87' lang='lat' dir='ltr'>dico</span> <span class='ocrx_word' id='word_1_269' title='bbox 721 2577 1030 2633; x_wconf 84' lang='lat' dir='ltr'>Mustitanum,</span> <span class='ocrx_word' id='word_1_270' title='bbox 1064 2585 1107 2620; x_wconf 89' lang='lat' dir='ltr'>et</span> <span class='ocrx_word' id='word_1_271' title='bbox 1130 2579 1438 2621; x_wconf 82' lang='lat' dir='ltr'>Praetextatum</span> <span class='ocrx_word' id='word_1_272' title='bbox 1469 2573 1685 2618; x_wconf 85' lang='lat' dir='ltr'>Assurita-</span> 
     </span>
    </p>
   </div>
  </div>
 </body>
</html>
