1790 3187
552 212 748 238 EPISTOLA
786 213 888 238 xxv.
1335 203 1416 239 323

30 274 81 319 tis
101 284 277 319 exortus
298 283 426 318 aetate
442 275 699 319 consideres.
727 276 899 335 Quippe
923 286 1025 321 aetas
1053 277 1158 320 mihi
1177 278 1418 321 secundum

29 360 202 390 carnem
218 361 263 389 ea
280 346 367 405 jam
385 355 464 397 est,
489 361 574 405 qua
592 346 675 390 fuit
698 346 770 389 ille
790 348 845 390 ab
868 347 1081 406 Apostolis
1103 348 1147 390 in
1173 359 1296 406 porta
1326 363 1422 407 spe-

31 414 145 460 ciosa
161 418 172 441 ¹
186 450 198 467 ,
217 416 335 458 verbi
355 425 569 474 potestate
583 425 771 460 sanatus.
793 420 841 460 In
866 417 1137 462 naturalibus
1155 427 1298 461 autem
1324 418 1424 461 ani-

30 500 130 539 mae,
146 485 261 529 illius
281 486 426 531 adhuc
444 487 546 530 mihi
571 497 741 547 tempus
760 487 956 532 infantiae
974 499 1053 543 est,
1079 505 1178 550 quae
1200 490 1424 534 intentatis

30 556 204 603 Christo
231 557 485 602 vulneribus
507 559 750 613 immolata,
777 560 912 618 digno
939 561 1150 620 sanguine
1176 561 1275 620 agni
1300 560 1426 604 victi-

31 641 144 672 mam
167 629 464 686 praecucurrit,
491 639 530 672 et
553 629 814 674 dominicam
835 631 1053 690 auspicata
1077 641 1139 675 est
1161 632 1423 690 passionem.

32 699 177 757 Atque
196 699 293 743 ideo
312 710 359 743 ut
380 698 588 744 infantem
617 700 761 746 adhuc
778 703 914 746 verbo
941 704 1010 746 Dei
1035 713 1076 746 et
1100 703 1278 763 spiritali
1298 712 1427 747 aetate

32 767 279 824 lactentem,
306 771 443 815 educa
468 772 608 815 verbis
644 773 742 826 tuis,
769 773 978 817 uberibus
1001 774 1120 826 fidei,
1154 775 1374 834 sapientiae
1390 777 1425 828 ²,

33 840 252 885 charitatis
282 843 536 886 inhiantem.
577 844 618 888 Si
654 844 846 888 officium
891 861 1125 889 commune
1163 845 1424 899 consideras,

34 907 166 955 frater
180 912 291 955 eszsi
311 914 603 957 maturitatem
620 915 782 972 ingenii
801 916 861 958 tui
879 925 921 958 et
939 931 1162 963 sensuum,
1183 925 1302 974 pater
1323 915 1428 958 mihi

33 995 77 1025 es
98 1001 109 1037 3
144 983 221 1025 etsi
246 982 358 1026 forte
382 985 436 1027 sis
459 999 553 1027 aevo
574 985 736 1043 junior,
764 985 863 1043 quia
886 995 926 1028 te
950 985 1003 1028 ad
1027 987 1319 1028 maturitatem
1338 1000 1429 1028 me-

34 1052 103 1098 riti
121 1063 164 1097 et
187 1054 400 1098 honorem
421 1056 639 1099 seniorum
677 1057 1090 1117 provexitjuvenem
1110 1072 1214 1101 cana
1235 1057 1430 1115 pruden-

33 1123 107 1168 tia.
124 1126 384 1182 Foveigitur
399 1136 441 1170 et
460 1127 691 1171 corrobora
715 1127 844 1170 mein
864 1128 992 1171 sacris
1004 1129 1192 1180 Litteris,
1209 1138 1249 1171 et
1266 1129 1431 1188 spirita-

33 1193 148 1239 tibus
181 1195 347 1249 studiis,
381 1206 576 1257 tempore
597 1200 678 1255 (ut
709 1198 824 1254 dixi)
847 1208 1063 1242 recentem
1085 1209 1126 1243 et
1153 1199 1209 1243 ob
1232 1200 1315 1243 hoc
1334 1207 1432 1258 posi

33 1263 164 1324 longa
200 1265 466 1323 discrimina,
501 1278 596 1327 post
619 1269 756 1312 multa
774 1269 1014 1327 naufragia,
1038 1287 1116 1313 usu
1138 1270 1309 1324 rudem,
1334 1271 1430 1314 vix-

34 1336 138 1382 dum
158 1353 180 1381 a
206 1338 414 1382 fluctibus
436 1339 585 1384 saeculi
607 1350 920 1399 emergentem,
950 1349 994 1383 tu
1021 1341 1095 1401 qui
1116 1342 1203 1400 jam
1224 1341 1267 1384 vin
1292 1340 1433 1385 solido

34 1405 183 1452 littore
202 1409 450 1463 constitisti,
479 1419 575 1454 tuto
597 1411 744 1469 excipe
770 1411 885 1464 sinu,
914 1412 1025 1454 utin
1059 1421 1185 1470 portu
1206 1410 1370 1464 salutis,
1397 1412 1431 1455 si

35 1478 215 1538 dignum
233 1491 372 1539 putas,
403 1482 563 1541 pariter
581 1483 849 1541 navigemus.
873 1485 1043 1526 Interea
1067 1499 1137 1526 me
1153 1483 1208 1527 de
1228 1484 1433 1542 periculis

36 1551 136 1596 vitae
174 1552 295 1596 istius
324 1562 367 1597 et
406 1552 627 1612 profu-ndo
662 1563 940 1612 peccatorum
978 1554 1162 1598 evadere
1199 1556 1427 1608 nitentem,

36 1625 304 1669 orationibus
325 1626 409 1669 tuis
432 1635 639 1685 tanquam
662 1626 810 1670 tabula
832 1627 1011 1681 sustine,
1030 1626 1147 1671 utdc
1163 1627 1247 1672 hoc·
1263 1626 1431 1672 mundo

36 1696 156 1756 quasi
170 1695 224 1739 de
247 1695 476 1756 naufragio
498 1697 642 1741 nudus
659 1697 858 1742 evadam.
890 1716 910 1739 ι)

52 1783 55 1785 ’
95 1770 170 1812 IV.
192 1768 360 1812 Idcirco
377 1768 491 1811 enim
513 1783 580 1811 me
598 1768 741 1811 levare
762 1767 954 1821 sarcinis,
976 1777 1018 1812 et
1035 1769 1302 1813 vestimentis
1319 1785 1430 1814 one-

38 1839 234 1883 rantibus
255 1854 411 1882 exuere
435 1838 600 1892 curavi,
624 1848 673 1881 ut
704 1838 919 1882 undosum
946 1839 1028 1883 hoc
1043 1874 1054 1893 ,
1075 1839 1196 1899 quod
1218 1840 1331 1883 inter
1353 1856 1432 1886 nos

37 1919 78 1954 et
100 1914 233 1954 Deum
259 1910 446 1969 peccatis
468 1909 843 1954 interlatrantibus
868 1919 1062 1969 separat,
1086 1912 1309 1969 praesentis
1331 1912 1435 1956 vitae

37 1981 191 2035 salum,
209 1982 327 2025 omni
351 1982 510 2025 amictu
534 1981 687 2033 carnis,
707 1990 748 2025 et
767 1996 869 2024 cura
889 1981 972 2024 diei
995 1982 1429 2041 sequeiitiS,jtil)cnte

38 2060 80 2095 et
101 2051 333 2112 adjuvante
354 2053 527 2097 Christo
549 2051 775 2110 expeditus
797 2061 986 2095 enatem.
1005 2054 1157 2112 Neque
1175 2052 1219 2095 id
1244 2068 1311 2096 me
1331 2069 1431 2112 per-

10 2147 11 2150 *
38 2119 183 2168 fecisse
206 2123 381 2182 glorior,
401 2123 520 2183 quod
543 2133 585 2167 et
607 2123 639 2166 si
655 2122 828 2182 gloriari
852 2138 1035 2182 possem,
1055 2124 1100 2166 in
1125 2124 1311 2168 Domino
1333 2125 1430 2182 glo-

24 2193 184 2248 :riaren
205 2196 328 2255 cujus
350 2203 413 2237 est
440 2195 662 2252 perficere,
693 2195 812 2253 quod
837 2193 963 2237 nobis
990 2193 1156 2252 adjacet
1178 2193 1290 2238 velle
1315 2214 1324 2238 ε
1354 2195 1430 2239 sed

41 2265 304 2325 concupiscit
332 2264 476 2308 adhuc
499 2265 640 2308 anima
667 2280 760 2308 mea
785 2263 1029 2307 desiderare
1047 2265 1213 2325 judicia
1238 2265 1426 2309 Domini.

40 2336 147 2380 Vide
159 2336 336 2397 quando
350 2345 603 2394 assequatur
620 2335 780 2379 effectu
801 2335 877 2379 Dei
892 2335 1162 2378 voluntatem
1175 2335 1270 2394 ,qui
1288 2336 1431 2381 adhuc

16 2425 17 2437 ι
39 2405 174 2464 ipsum
198 2406 442 2451 desiderare
465 2405 695 2450 desiderat.
719 2405 848 2458 Quod
866 2406 910 2449 in
936 2421 1005 2449 me
1025 2415 1168 2449 tamen
1192 2414 1271 2458 est,
1299 2406 1430 2451 dilexi

15 2492 17 2498 ⁴
41 2476 237 2522 decorem
260 2477 417 2521 domus
439 2486 615 2531 sanetae,
638 2486 680 2520 et
702 2486 917 2536 quantum
940 2477 985 2520 in
1009 2492 1076 2520 me
1093 2476 1190 2529 fuit,
1215 2476 1428 2536 elegeram

93 2567 98 2582 ¹
123 2564 192 2593 Act.
214 2572 258 2600 ιιι,
277 2571 308 2602 7,
330 2565 364 2593 ct
381 2572 424 2599 iv,
444 2569 497 2592 22.
515 2574 553 2582 —
574 2567 584 2581 ²
605 2560 710 2592 Forte
728 2560 806 2602 spei.

1179 2613 1224 2652 Ἣ

1180 2642 1204 2651 a..
1237 2646 1242 2652 .
