1790 3187
372 204 425 244 94
810 214 842 238 s.
879 212 1107 239 accusa-nu
1141 213 1321 240 nmscorl

370 279 533 339 gemitu
566 287 609 322 et
646 275 869 322 doloribus
898 276 944 319 id
971 276 1112 319 facere
1148 275 1352 319 credendi
1376 265 1506 328 sunt,
1525 290 1579 318 ne
1610 275 1751 322 miseri

369 349 670 393 existimentur
687 383 697 400 ,
724 345 978 405 feliciorque
1005 347 1058 390 sit
1084 347 1140 389 de
1168 360 1349 390 numero
1379 353 1529 388 nostro
1566 347 1752 398 Lazarus

369 418 442 462 ille
466 422 496 472 ¹,
528 418 601 478 qui
623 419 709 477 jam
730 417 775 459 in
799 417 985 459 Abrahae
1003 415 1098 459 sinu
1123 415 1366 476 requiescit.
1388 415 1625 458 Praesertim
1648 415 1750 475 quia

369 488 491 543 dixit,
509 488 702 532 eamdem
721 496 961 530 creaturam
983 502 1082 545 quae
1099 486 1379 544 congemiscit
1399 495 1442 528 et
1458 484 1599 539 dolet,
1622 491 1749 529 vani„

371 559 447 602 tati
468 574 555 602 esse
580 557 837 617 subjectam:
861 556 980 615 quod
1001 555 1056 598 de
1074 555 1252 599 summis
1270 565 1312 599 et
1328 554 1638 603 excellentibus
1653 556 1749 600 Vir-

370 637 514 672 tutum
538 632 892 686 Potestatumque
919 626 1124 670 creaturis
1151 625 1269 670 nefas
1289 635 1353 670 est
1370 625 1561 669 credere.
1589 625 1751 672 Deinde

368 698 637 742 liberandam
669 712 761 740 eam
786 696 895 740 dixit
918 711 940 739 a
963 696 1169 740 servitute
1196 694 1396 739 interitus
1413 729 1424 749 ,
1449 711 1538 754 quo
1560 695 1657 739 illos
1678 709 1752 741 cea

368 768 519 812 cidisse
543 803 553 822 ,
579 769 654 827 qui
675 768 718 810 in
741 766 864 811 coelis
889 775 1024 825 agunt
1047 767 1179 810 vitam
1204 766 1491 810 beatissimam
1511 801 1522 816 ,
1547 781 1635 811 non
1659 781 1750 824 po&

368 854 515 883 sumus
546 839 928 883 credere.,Tamen
958 836 1067 881 nihil
1099 846 1261 880 temere
1292 837 1639 880 confirmandum
1659 845 1751 891 est,

369 909 440 953 sed
461 909 528 967 pia
553 907 773 967 diligentia
793 908 923 951 etiam
946 917 1078 967 atque
1097 906 1224 950 etiam
1236 906 1368 950 verba
1383 905 1606 951 tractanda
1623 915 1750 964 sunta

369 994 424 1022 ne
443 976 553 1022 sorte
569 995 668 1038 quae
690 978 969 1036 congemiscit
990 987 1033 1021 et
1054 977 1172 1021 dolet
1189 985 1232 1019 et
1251 976 1432 1019 vanitati
1453 976 1647 1036 subjecta
1669 985 1748 1031 est,

369 1049 502 1107 possit
528 1049 674 1108 aliquo
697 1048 826 1092 modo
850 1048 933 1092 alio
956 1047 1174 1106 intelligi,
1205 1056 1254 1090 ut
1280 1045 1336 1089 de
1358 1048 1535 1090 summis
1558 1046 1749 1104 Angelis,-

369 1120 565 1178 quandiu
594 1129 751 1163 nostrae
768 1119 1008 1163 infirmitati
1031 1119 1152 1178 jussu
1183 1116 1351 1162 Domini
1374 1117 1508 1161 nostri
1529 1116 1750 1176 opitulan-

370 1196 456 1242 tur,
478 1205 564 1232 non
589 1190 719 1247 impie
738 1189 870 1247 possit
891 1189 1136 1232 existimari.
1172 1189 1255 1234 Sed
1274 1190 1362 1234 sive
1381 1187 1452 1232 illa
1480 1203 1611 1247 quam
1633 1202 1752 1252 exseq¹

369 1259 458 1302 cuti
479 1273 628 1302 sumus
649 1293 660 1312 ‚
686 1258 774 1302 sive
797 1258 876 1301 alia
900 1257 1043 1317 aliqua
1067 1259 1195 1317 hujus
1217 1259 1394 1318 capituli
1419 1258 1628 1316 expositio
1652 1272 1751 1316 pron·

367 1327 531 1372 feratur
556 1349 567 1385 3
596 1328 640 1372 id
661 1338 828 1372 tantum
849 1327 1092 1371 cavendum
1112 1338 1175 1372 est
1193 1363 1204 1382 ‚
1230 1344 1284 1372 ne
1302 1328 1435 1373 violet
1456 1336 1531 1371 aut
1553 1326 1751 1378 vulneret

369 1398 630 1443 catholicam
654 1399 801 1442 fidem.
832 1398 927 1442 Scio
949 1399 1063 1450 enim
1087 1414 1220 1443 vanos
1249 1398 1474 1443 haereticos
1496 1398 1552 1441 de
1579 1399 1662 1442 hoc
1683 1413 1750 1442 οε·

368 1469 509 1527 pitulo
528 1469 692 1513 multa
683 1469 814 1527 impia
838 1479 881 1513 et
901 1469 1047 1528 inepta
1066 1471 1261 1528 jactasse.

427 1542 640 1592 Q1AEsr10.
666 1542 868 1584 LXV.111
891 1567 945 1572 —
972 1542 1031 1583 1⁰.
1053 1543 1163 1585 Cum
1183 1540 1380 1583 videatur
1402 1538 1634 1597 Apostolus
1651 1537 1767 1606 corn}

369 1610 548 1668 ripuisse
581 1611 792 1664 cutiosos,
823 1609 1011 1654 dicendo
1043 1629 1050 1655 ι
1085 1629 1105 1652 «
1135 1612 1171 1654 Ο
1201 1611 1357 1664 homo,
1389 1619 1437 1654 tu
1464 1609 1561 1669 quis
1583 1624 1649 1664 es,
1673 1608 1748 1668 qui

370 1696 390 1720 »
415 1679 675 1738 respondeas
704 1682 792 1724 Deo
810 1681 854 1723 ²?
882 1698 900 1720 η
932 1680 987 1722 de
1019 1680 1140 1723 hoc
1130 1695 1223 1738 ipso
1249 1679 1312 1723 illi
1342 1680 1627 1740 quaestionem
1650 1693 1771 1723 mo»,

365 1759 491 1804 vent,
517 1760 560 1794 et
575 1750 620 1793 in
638 1765 695 1793 ea·
707 1750 920 1793 sententia
935 1765 1025 1793 non
1040 1749 1245 1794 desinunt
1259 1766 1348 1794 esse
1371 1750 1550 1804 curiosi,
1570 1765 1658 1808 qua
1674 1749 1746 1798 oh·
1768 1767 1770 1792 ;

362 1820 534 1878 jurgata
562 1829 624 1863 est
652 1821 740 1878 ipsa
764 1820 986 1863 curiositas
1008 1838 1016 1863 ;
1040 1829 1083 1863 et
1105 1821 1226 1879 impii
1253 1821 1431 1879 quidem
1463 1835 1564 1864 cum
1590 1828 1746 1870 contum,
1768 1836 1769 1841 ¹

368 1889 517 1944 melia,
542 1899 592 1934 ut
613 1890 760 1934 dicant
777 1890 1034 1947 Apostolum
1066 1890 1111 1933 in
1133 1890 1337 1934 solvenda
1362 1891 1603 1949 quaestione
1624 1889 1746 1933 defe-
1766 1931 1767 1934 ,

367 1960 497 2013 cisse,
533 1968 577 2003 et
609 1960 856 2019 objurgasse
883 1969 1148 2019 quaerentes,
1188 1962 1291 2020 quia
1319 1976 1407 2004 non
1438 1969 1606 2019 poterat
1628 1958 1768 2019 quod

367 2029 643 2087 quaerebatur
674 2044 902 2088 exponere.
946 2029 1154 2075 Nonnulli
1187 2039 1330 2073 autem
1371 2029 1609 2083 haeretici3‚
1646 2028 1746 2088 quia
1785 2046 1787 2053 ⁴

367 2114 455 2142 non
491 2100 741 2158 decipiunt,
777 2100 855 2143 nisi
883 2115 981 2143 cum
1011 2101 1233 2144 scientiam
1265 2116 1396 2160 quam
1425 2116 1514 2147 non
1541 2099 1745 2148 exhibent

368 2169 652 2227 pollicentur,
679 2179 721 2213 et
748 2172 1021 2214 adversantes
1051 2169 1155 2227 Legi
1181 2179 1224 2213 et
1246 2171 1494 2229 Prophetis,
1521 2183 1744 2229 quaecum

370 2255 456 2298 que
477 2239 531 2283 de
548 2238 630 2282 illis
648 2240 879 2298 Apostolus
896 2240 1083 2284 sermoni
1101 2255 1179 2283 suo
1195 2239 1377 2284 inseruit
1393 2275 1404 2295 ,
1430 2239 1534 2284 falsa
1553 2249 1596 2284 et
1614 2256 1637 2284 a
1653 2253 1745 2284 cora·

371 2309 620 2366 ruptoribus
638 2309 826 2353 immissa
844 2324 932 2353 esse
952 2309 1251 2363 criminantur,
1272 2310 1400 2354 etiam
1423 2311 1506 2355 hoc
1526 2310 1639 2353 inter
1658 2309 1745 2367 ipsa

369 2393 469 2437 quae
491 2378 750 2438 interpolata
770 2378 951 2434 dicunt,
975 2394 1203 2424 numerare
1227 2379 1499 2435 maluerunt,
1525 2389 1569 2423 et
1589 2391 1743 2437 negare

372 2447 556 2491 Paulum
584 2448 736 2493 dixisse
765 2467 773 2493 :
803 2467 823 2491 «
849 2450 886 2493 Ο
908 2449 1060 2504 homo,
1089 2457 1134 2492 tu
1157 2450 1253 2507 quis
1284 2465 1354 2504 es,
1385 2449 1461 2508 qui
1491 2447 1743 2533 respondeas

420 2532 525 2564 ¹Luc.
548 2541 617 2572 xvi,
644 2533 693 2564 13
711 2547 751 2555 —s—
769 2534 886 2565 ²·ltoin
908 2541 1026 2570 1x‚2o
1039 2548 1078 2554 --
1094 2532 1306 2565 2Manichaei.
1754 2530 1757 2558 l
