1790 3187
333 234 415 276 428
771 247 804 274 s.
840 242 1073 274 Aut-,usum
1104 245 1288 274 nmscopr

331 312 483 357 fratres
500 321 599 372 post
617 319 781 356 tantam
802 320 985 369 stragem
1004 311 1312 371 persecutionis
1333 311 1622 356 misericordia
1634 310 1713 354 Dei

330 398 353 427 a
372 383 639 442 principibus
655 381 800 425 saeculi
819 397 966 441 pacem
990 397 1079 426 esse
1100 397 1343 426 concessam
1362 402 1373 439 3
1397 397 1483 426 non
1507 381 1714 426 debemus

331 463 409 493 nos
432 447 662 493 Christiani
692 458 733 491 et
756 447 944 506 episcopi
975 448 1190 491 unitatem
1219 447 1489 506 disrumpere
1517 447 1714 491 christia-

331 535 449 572 nam,
474 535 603 579 quam
622 519 710 578 jam
735 522 932 577 paganus
955 534 1041 563 non
1066 519 1307 578 insequitur
1325 518 1540 563 inimicus.
1563 522 1716 576 Itaque

333 591 519 633 antistas
533 604 682 633 omnes
701 604 867 642 causas,
889 605 993 648 quas
1015 588 1158 632 clades
1173 588 1535 632 turbulentissimi
1552 598 1717 647 tempo-

331 660 389 704 ris
407 660 562 704 inflixit
582 659 799 714 Ecclesiae,
819 660 1051 720 Deojudici
1069 659 1363 704 dimittamus:
1385 669 1460 703 aut
1478 660 1510 703 si
1525 659 1657 717 aliqui
1671 659 1719 702 in

331 732 454 777 vobis
482 741 598 786 sunt,
628 731 702 792 qui
725 742 839 776 certa
861 731 1041 775 istorum
1067 731 1248 775 crimina
1275 731 1333 774 ita
1354 730 1576 784 noverint,
1598 738 1647 773 ut
1669 745 1718 773 ea

333 801 458 845 facile
476 802 643 846 valeant
665 802 862 854 edocere,
883 812 1176 861 negantesque
1195 801 1469 854 convincere,
1495 810 1536 843 et
1559 800 1719 843 talibus

331 874 654 919 communicare
690 873 950 928 formidant,
978 883 1160 933 pergant
1193 873 1247 916 ad
1285 871 1438 916 fratres
1461 881 1503 915 et
1535 870 1721 930 collegas

333 954 502 988 nostros
520 946 902 988 transmarinarum
920 945 1196 988 ecclesiarum
1214 944 1508 1003 episcopos‚et
1527 943 1586 986 ibi
1604 943 1721 1002 prius

334 1015 390 1059 de
412 1015 592 1059 istorum
623 1013 743 1059 sactis
765 1024 808 1058 et
830 1015 1103 1059 contumacia
1134 1024 1482 1074 conquerantur,
1507 1013 1626 1073 quod
1664 1011 1720 1056 ad

329 1083 541 1145 judicium
577 1083 841 1143 collegarum
881 1085 1086 1128 Afrorum
1113 1085 1225 1128 male
1260 1085 1341 1128 sibi
1383 1084 1542 1128 conscii
1574 1083 1721 1128 venire

334 1154 588 1209 noluerunt,
621 1163 670 1198 ut
704 1155 808 1198 inde
838 1154 921 1199 illis
957 1155 1242 1199 denuntietur
1263 1164 1313 1198 ut
1336 1156 1540 1208 veniant,
1571 1155 1722 1214 ibique

335 1226 513 1286 objectis
551 1226 857 1284 respondeant.
893 1225 1022 1278 Quod
1058 1226 1092 1270 si
1133 1241 1222 1269 non
1253 1224 1459 1274 fecerint,
1495 1224 1553 1268 ibi
1592 1224 1722 1268 etiam

335 1311 486 1341 eorum
512 1297 698 1356 pravitas
731 1306 773 1341 et
805 1296 1059 1355 perversitas
1095 1296 1351 1350 innotescet,
1378 1295 1592 1355 missaque
1613 1304 1723 1339 trac-

336 1367 489 1412 tatoria
507 1369 601 1425 (28)
622 1383 751 1427 super
772 1382 923 1411 eornm
950 1367 1127 1411 nomine
1149 1382 1226 1426 per
1244 1376 1385 1411 totum
1409 1366 1557 1410 orbem
1585 1375 1722 1409 terra-

338 1453 433 1482 rum
453 1454 732 1498 quacumque
748 1439 837 1497 jam
856 1437 1015 1482 Christi
1035 1437 1222 1482 Ecclesia
1245 1437 1377 1481 dilata
1401 1447 1479 1492 cst,
1505 1437 1561 1481 ab
1583 1436 1725 1480 omni-

338 1508 420 1552 hus
457 1508 643 1552 ecclesiis
678 1523 829 1551 eorum
864 1508 1114 1552 communio
1150 1507 1412 1568 praecidetur
1428 1543 1439 1561 ,
1478 1523 1533 1551 ne
1571 1506 1725 1566 aliquis

338 1594 456 1622 error
479 1579 521 1621 in
545 1578 749 1622 cathedra
783 1578 974 1622 ecclesiae
997 1579 1270 1636 Carthaginis
1292 1579 1471 1622 oriatur.
1512 1580 1620 1621 Tum
1651 1578 1726 1619 de-

338 1664 458 1692 mum
481 1648 619 1691 securi
642 1648 891 1707 episcopum
921 1647 1051 1691 alium
1074 1647 1189 1706 plebi
1207 1648 1478 1705 Carthaginis
1501 1646 1723 1691 ordinabi·

341 1735 558 1774 mus,cum
581 1736 599 1762 a
624 1728 710 1763 tota
734 1718 910 1762 ccclesia
933 1719 999 1762 isti
1021 1717 1185 1762 fuerint
1207 1719 1406 1776 separati,
1423 1734 1474 1761 ne
1497 1717 1608 1761 forte
1626 1731 1726 1761 cum

341 1790 447 1833 alius
470 1789 600 1833 modo
622 1788 750 1832 fuerit
772 1789 1016 1843 ordinatus,
1042 1805 1130 1832 non
1150 1789 1188 1831 ei
1209 1790 1556 1832 communicetur
1577 1789 1631 1831 ab
1655 1802 1727 1831 ec-

340 1861 465 1905 clesia
486 1861 768 1904 transmarina
789 1880 800 1917 3
824 1859 926 1919 quia
949 1860 1026 1903 iste
1044 1860 1098 1902 ab
1122 1860 1288 1903 honore
1317 1859 1537 1917 depositus
1560 1873 1649 1902 non
1667 1858 1728 1900 vi-

340 1930 528 1986 debitur,
553 1947 681 1990 quem
701 1932 790 1990 jam
809 1931 1058 1975 ordinatum
1083 1930 1197 1974 fama
1219 1930 1472 1985 celebravit,
1490 1939 1532 1973 ct
1555 1930 1607 1973 ad
1627 1943 1728 1972 eum

341 2017 584 2045 commeare
607 2002 1011 2045 communicatorias
1036 2001 1201 2044 litteras
1226 2000 1323 2044 fecit
1347 2021 1359 2059 3
1383 2011 1514 2060 atque
1535 2001 1592 2043 ita
1615 2015 1730 2057 mag-

341 2089 447 2117 num
475 2073 727 2117 scandalum
753 2072 991 2116 schismatis
1018 2073 1062 2115 in
1086 2073 1253 2115 unitate
1272 2072 1431 2116 Christi
1449 2073 1537 2131 jam
1570 2070 1729 2129 pacatis

283 2188 287 2189 ⁷
344 2144 612 2202 temporibus
649 2143 828 2196 oriatur,
869 2141 975 2185 dum
1011 2157 1287 2201 praepropere
1326 2153 1493 2186 nostras
1529 2141 1730 2186 volumus

343 2214 607 2273 praecipitare
641 2214 874 2258 sententias
902 2234 914 2271 3
951 2223 994 2257 et
1026 2229 1113 2256 non
1150 2223 1301 2257 contra
1332 2212 1633 2265 Caecilianum,
1656 2209 1731 2256 sed

343 2295 492 2330 contra
516 2285 667 2329 orbem
697 2295 932 2337 terrarum,
953 2284 1027 2343 qni
1051 2284 1087 2326 ei
1115 2299 1191 2342 per
1216 2283 1507 2341 ignorantiam
1532 2297 1750 2327 commu-·,¹

346 2358 477 2409 nicat,
497 2357 629 2400 altare
650 2355 834 2400 alterum
858 2355 1019 2413 erigere
1041 2355 1292 2398 audeamus.

407 2429 485 2470 lx.
522 2427 631 2470 Huic
667 2435 752 2470 tam
776 2442 878 2469 sano
904 2435 1111 2484 rectoque
1133 2425 1312 2469 consilio
1338 2424 1530 2484 quisquis
1552 2423 1731 2466 infrenis

349 2497 650 2554 obtemperare
673 2496 896 2549 noluisset,
916 2494 1020 2554 quid
1043 2504 1151 2538 esset
1171 2494 1393 2538 facturus?
1414 2503 1489 2537 aut
1510 2492 1730 2552 quomodo

352 2567 538 2626 aliquem
560 2567 803 2611 absentium
827 2566 1088 2623 collegarum
1117 2575 1224 2610 esset
1242 2567 1540 2617 damnaturus,
1563 2578 1662 2607 cum
1685 2562 1728 2605 in

1758 459 1762 475 l

1776 2066 1790 2101 tr

1775 2131 1787 2171 d

1775 2208 1789 2242 tr

1775 2285 1789 2313 at

1746 2330 1748 2393 ἰ
1775 2341 1790 2383 m

1745 2421 1748 2475 ᾖ
1774 2410 1789 2453 in

1745 2475 1762 2570 ΗΕ
1774 2496 1790 2540 ψ

1750 2565 1789 2617 lm

1747 2166 1750 2219 l
