1790 3187
344 206 429 248 436
781 219 815 245 s.
849 213 1082 246 Aueuscrtm
1113 217 1293 247 muscum

340 291 448 327 tunc
478 281 770 327 innocentiam
800 297 921 326 suam
953 282 1157 328 adversus
1188 299 1339 329 eorum
1376 285 1724 331 machinamenta

341 351 620 406 defenderet,
647 351 756 396 sicut
786 362 933 412 postea
957 352 1119 398 factum
1151 370 1239 399 esse
1260 354 1466 399 didicistis
1492 374 1502 401 ι
1527 371 1627 400 cum
1656 369 1724 401 ta-

342 439 443 468 men
458 423 517 467 illi
537 422 662 466 nimis
676 438 770 467 sero
785 425 1033 484 quaesissent
1053 425 1267 485 judicium
1286 427 1619 470 transmarinum
1634 427 1725 487 jam

340 494 580 538 schismatis
603 494 686 548 rei,
711 494 798 554 jam
825 493 953 539 levati
976 495 1119 540 altaris
1142 496 1359 541 horrendo
1381 497 1538 541 scelere
1571 512 1722 542 macu-

337 564 431 608 lati.
468 565 611 609 Primo
645 565 759 608 enim
792 564 1005 622 facerent,
1043 567 1077 610 si
1112 567 1292 611 veritate
1328 568 1570 611 niterentur
1606 586 1616 612 ε
1650 566 1727 612 sed

337 634 452 679 falsis
473 636 719 680 rumoribus
743 638 948 696 temporis
970 638 1259 682 diuturnitate
1281 639 1482 694 firmatis,
1508 638 1630 699 quasi
1649 653 1726 683 ve-

337 715 451 750 tusta
474 708 591 752 sama
615 709 927 768 praejudicante
960 708 1013 753 ad
1042 709 1256 769 judicium
1292 709 1439 754 venire
1471 710 1721 754 voluerunt.

337 779 426 822 Aut
448 779 569 838 quod
592 780 726 838 magis
751 778 1017 824 credendum
1040 790 1103 824 est
1131 781 1337 825 damnato
1359 781 1500 840 prius,
1530 781 1640 825 sicut
1667 779 1722 824 li-

336 848 455 904 buit,
485 849 739 905 Coeciliano,
761 853 881 911 quasi
905 851 1043 896 securi
1057 852 1138 896 sibi
1163 852 1425 896 videbantur
1451 850 1726 912 praefidentes

336 934 521 965 numero
542 937 649 977 suo,
673 937 754 966 nec
779 922 989 966 audentes
1011 922 1113 966 alibi
1139 938 1413 967 commovere
1437 937 1610 967 causam
1636 931 1725 966 tam

336 991 496 1036 malam
510 1027 522 1048 ,
549 993 626 1037 ubi
647 993 768 1038 nulla
790 994 1070 1054 corruptione
1091 1005 1298 1055 operante
1320 1004 1463 1055 posset
1483 995 1638 1041 veritas
1658 994 1727 1038 in-

339 1076 490 1106 veniri.

394 1135 518 1178 XIX.
547 1134 631 1179 Sed
649 1144 931 1196 posteaquam
948 1136 1051 1195 ipsis
1066 1137 1196 1180 rebus
1217 1138 1380 1196 experti
1398 1145 1500 1180 sunt
1516 1150 1616 1180 cum
1634 1136 1728 1180 Cae-

337 1202 493 1249 ciliano
521 1220 775 1265 permanere
804 1207 1156 1250 communionem
1181 1207 1298 1250 orbis
1326 1217 1536 1250 terrarum
1556 1240 1568 1261 ‚
1607 1214 1651 1249 et
1672 1203 1727 1249 ad

339 1290 439 1319 eum
453 1291 477 1319 a
490 1277 783 1321 transmarinis
796 1276 983 1321 ecclesiis
994 1277 1402 1321 communicatorias
1415 1277 1578 1321 litteras
1592 1276 1724 1330 mitti,

337 1361 427 1391 non
464 1346 518 1390 ad
548 1346 670 1391 illum
707 1364 838 1408 quem
868 1349 947 1407 ipsi
978 1348 1181 1392 scelerate
1208 1348 1538 1406 ordinaverant3
1569 1345 1728 1407 puduit

336 1431 409 1460 eos
432 1432 601 1476 semper
625 1427 767 1462 tacere
800 1438 809 1463 :
842 1419 943 1478 quia
963 1427 1105 1477 posset
1136 1419 1195 1462 eis
1219 1419 1346 1478 objici
1367 1434 1445 1462 cur
1472 1426 1728 1478 paterentur
1789 1465 1790 1468 Ἴ

335 1487 529 1546 ignaram
549 1505 625 1548 per
642 1498 709 1533 tot
731 1498 878 1547 gentes
900 1489 1124 1534 ecclesiam
1148 1491 1470 1535 communicare
1492 1488 1724 1543 damnatis,

336 1566 378 1601 et
397 1573 474 1601 cur
495 1573 539 1602 se
568 1558 647 1617 ipsi
669 1560 724 1602 ab
752 1560 995 1604 innocentis
1026 1561 1142 1604 orbis
1177 1570 1388 1604 terrarum
1418 1559 1727 1604 communione

335 1627 623 1686 praeciderent
640 1662 651 1683 ‚
680 1644 780 1672 cum
808 1629 990 1673 tacendo
1014 1630 1202 1673 sinerent
1226 1631 1440 1689 Episcopo
1463 1644 1594 1689 quem
1618 1630 1727 1673 Car-

337 1698 667 1756 thaginensibus
684 1699 977 1755 ordinassent,
999 1716 1021 1744 a
1039 1709 1132 1744 toto
1149 1705 1255 1744 orbe
1275 1717 1361 1744 non
1380 1698 1723 1744 communicari:

337 1767 584 1826 clegerunt,
617 1770 729 1814 sicut
750 1770 938 1825 dicitur,
967 1790 986 1812 «
1013 1769 1065 1814 ad
1090 1770 1197 1814 duas
1222 1789 1242 1813 »
1275 1785 1402 1830 agere
1424 1784 1597 1814 causam
1626 1783 1727 1813 cum

337 1838 571 1885 Caeciliano
588 1841 706 1900 apud
730 1840 929 1885 ecclesias
956 1842 1284 1896 transmarinas,
1311 1842 1447 1901 parati
1476 1841 1529 1884 ad
1558 1849 1729 1883 utrum-
1789 1839 1790 1845 ’

337 1925 448 1965 que,
474 1920 524 1954 ut
543 1911 576 1955 si
598 1926 699 1955 eum
720 1913 960 1971 potuissent
988 1928 1266 1973 quacumque
1294 1912 1481 1957 versutia
1503 1910 1622 1955 falsae
1644 1909 1729 1954 cri-

337 1980 589 2025 minationis
599 1982 812 2036 evincere,
823 1982 1026 2026 satiarent
1038 1983 1281 2041 plenissime
1289 1981 1570 2041 cupiditatem
1581 1994 1726 2037 suam3

337 2050 372 2094 si
393 2059 536 2094 autem
559 2066 647 2095 non
670 2062 865 2111 possent,
894 2053 938 2096 in
961 2052 1111 2096 eadem
1137 2051 1312 2111 quidem
1341 2050 1619 2110 perversitate
1640 2048 1727 2094 du-

338 2130 501 2175 rarent,
522 2123 594 2165 sed
612 2123 701 2182 jam
716 2131 862 2166 tamen
883 2122 1006 2182 quasi
1023 2122 1233 2166 haberent
1256 2120 1375 2182 quod
1399 2121 1616 2175 dicerent,
1643 2135 1728 2164 ma·

337 2189 401 2235 los
422 2191 590 2251 judices
611 2207 655 2236 se
677 2207 765 2236 esse
785 2207 1006 2251 perpessos
1021 2226 1032 2247 ,
1056 2208 1156 2252 quae
1179 2208 1260 2237 vox
1283 2201 1347 2236 est
1368 2192 1563 2236 omnium
1588 2189 1726 2234 malo-

339 2275 436 2304 rum
453 2261 736 2320 litigatorum,
753 2278 854 2308 cum
869 2261 1034 2307 fuerint
1047 2264 1174 2306 etiam
1190 2262 1533 2307 manifestissima
1546 2261 1727 2304 veritate

340 2333 529 2390 superati
556 2351 565 2377 :
598 2333 721 2393 quasi
754 2348 842 2377 non
871 2333 928 2376 eis
962 2332 1015 2376 ad
1039 2333 1120 2376 hoc
1149 2332 1234 2376 dici
1264 2342 1406 2392 posset
1428 2341 1469 2376 et
1492 2329 1727 2392 justissime

341 2402 453 2457 dici,
485 2405 598 2447 Ecce
630 2413 834 2462 putemus
866 2403 961 2447 illos
994 2404 1242 2463 episcopos,
1274 2405 1348 2464 qui
1380 2407 1531 2448 Rowae
1554 2403 1725 2463 judica-

342 2486 466 2527 runt,
488 2489 575 2517 non
600 2473 918 2534 bonosjudices
937 2472 1064 2517 fuisse
1085 2492 1092 2518 :
1115 2475 1302 2517 restabat
1321 2473 1464 2517 adhuc
1483 2472 1725 2532 plenarium
1751 2499 1754 2537 Ι

344 2543 543 2588 Ecclesiae
566 2546 776 2588 universae
798 2544 1030 2590 concilium
1047 2578 1058 2599 ,
1085 2545 1161 2588 ubi
1184 2545 1309 2589 etiam
1333 2559 1432 2588 cum
1454 2543 1555 2604 ipsis
1572 2542 1726 2603 judici·
1750 2545 1753 2608 ξ
