1790 3187
313 265 397 306 412
748 277 781 304 s.
818 273 1049 304 Aucus-nm
1080 274 1263 304 EPISCOPI

310 344 344 388 si
378 342 528 388 recolis
548 341 653 402 quid
677 356 850 386 mecum
880 357 1019 401 nuper
1051 342 1096 387 in
1123 342 1276 387 itinere
1298 340 1489 401 quodam
1522 341 1696 387 locutus

312 415 381 459 sis.

371 486 453 528 ΙΙΙ.
475 486 670 527 Fratrem
695 484 916 538 Severum,
939 492 981 528 et
1003 483 1079 544 qui
1101 497 1202 527 cum
1222 497 1274 527 eo
1295 491 1412 537 sunt,
1437 482 1690 527 salutamus.

311 555 455 599 Etiam
479 554 658 598 tortasse
675 553 774 612 ipsis
795 554 1094 608 scriberemus,
1116 554 1150 598 si
1169 569 1244 613 per
1262 552 1582 597 festinationem
1599 568 1700 612 per-

312 626 459 670 latoris
501 624 665 669 liceret.
701 627 805 669 Peto
839 633 984 669 autem
1018 634 1067 669 ut
1102 625 1220 684 apud
1256 623 1458 669 eumdem
1505 633 1701 668 nostrum

314 697 551 751 Victorem,
577 696 648 739 cui
681 711 763 755 ago
787 698 906 756 apud
935 705 1056 741 tuam
1079 697 1352 741 sanctitatem
1374 696 1502 740 etiam
1528 696 1699 754 gratias,

317 767 437 826 quod
460 767 789 811 Constantinam
812 781 912 811 cum
942 776 1152 826 pergeret,
1175 765 1396 821 indicavit,
1421 765 1610 825 petendo
1632 764 1706 810 ad-

311 837 437 896 juves
465 845 643 896 propter
666 837 889 895 negotium
910 838 1028 897 quod
1060 837 1150 896 ipse
1173 837 1309 891 novit,
1329 835 1383 880 de
1397 852 1485 896 quo
1508 836 1706 894 gravissi-

320 923 437 951 mum
471 908 642 966 pondus
666 924 743 966 pro
767 924 814 952 ca
838 924 882 952 re
905 909 1092 952 multum
1117 908 1384 968 deprecantis
1402 908 1589 953 Nectarii
1612 923 1706 952 ma-

312 979 417 1039 joris
439 980 603 1038 patior:
627 995 702 1038 pcr
717 980 945 1024 Calantum
964 996 1154 1025 remeare
1176 996 1230 1025 ne
1253 989 1452 1039 gravetur
1471 999 1479 1024 2
1504 980 1563 1024 sic
1591 981 1706 1024 enim

318 1051 516 1109 promisit
543 1050 794 1095 mihi.Vale.

321 1193 812 1211 WWWUWUMMWUMMMM
817 1194 1657 1212 mmmwwwuwuwmmmvvmmwwmmm
1661 1195 1707 1211 m

698 1306 1024 1354 EPISTULA
1063 1303 1325 1354 XXXIX1.

345 1442 477 1475 Domino
496 1453 572 1476 vere
585 1447 696 1475 sancto
717 1447 749 1474 ct
767 1441 951 1476 beatissimo
975 1445 1067 1484 Papae
1090 1442 1356 1477 AUGUSTINO
1378 1442 1687 1477 HIERONYMUS

842 1500 874 1531 in
892 1499 1016 1532 Christo
1035 1499 1182 1532 salutem.

320 1616 645 1677 Hieronymus
687 1618 960 1678 Augustino
975 1651 986 1672 ,
1030 1614 1377 1661 commendans
1420 1615 1492 1660 illc·
1527 1616 1709 1661 Proesz'-

570 1685 717 1742 dium,
743 1696 787 1731 et
808 1685 993 1732 salvere
1003 1685 1182 1748 jubens
1204 1688 1252 1730 A
1257 1685 1450 1747 ζγριίιιη,

1758 1019 1762 1134 i

1758 1135 1762 1339 i

382 1826 416 1868 I.
440 1842 460 1866 «
485 1826 611 1869 Auno
634 1824 853 1883 praeterito
873 1839 951 1883 per
970 1823 1148 1868 fratrem
1173 1832 1370 1868 nostrum
1394 1823 1610 1867 Asterium
1631 1823 1710 1880 hy·
1757 1778 1760 1877 i

323 1894 614 1954 podiaconum
643 1895 885 1953 dignationi
915 1904 1000 1938 tuae
1023 1893 1250 1953 epistolam
1283 1894 1499 1948 miseram,
1529 1908 1711 1952 promp-

324 1973 418 2009 tum
453 1964 638 2009 reddens
668 1964 936 2009 salutationis
975 1965 1193 2018 officium,
1236 1979 1368 2023 quam
1407 1964 1486 2007 tibi
1524 1963 1711 2007 arbitror

322 2036 550 2080 redditam.
578 2038 703 2081 Nunc
725 2051 902 2095 quoque
923 2050 998 2094 per
1013 2045 1211 2079 sanctum
1233 2033 1411 2078 fratrem
1434 2048 1580 2078 mcum
1598 2037 1711 2077 Prae-

323 2106 479 2152 sidium
517 2105 766 2162 diaconum,
792 2106 970 2150 obsecro
1009 2107 1198 2165 primum
1232 2114 1282 2149 ut
1316 2105 1562 2148 memineris
1604 2106 1706 2148 mei.

323 2178 489 2223 Deinde
517 2187 567 2221 ut
590 2178 783 2238 bajulum
809 2177 1051 2222 litterarum
1073 2177 1233 2220 habeas
1255 2176 1609 2220 commendatum
1627 2211 1638 2231 ,
1667 2185 1711 2220 et

323 2249 430 2293 mihi
451 2248 554 2292 scias
578 2248 962 2307 germanissimum,
985 2257 1028 2291 et
1044 2248 1089 2290 in
1107 2247 1461 2306 quibuscumque
1482 2246 1709 2291 necessitas

324 2319 623 2378 postulaverit,
650 2317 796 2363 soveas
821 2329 951 2378 atque
981 2327 1193 2361 sustentes
1219 2339 1230 2375 3
1256 2333 1344 2362 non
1377 2333 1465 2376 quo
1494 2317 1635 2377 aliqua
1665 2333 1710 2362 re
1755 2284 1760 2434 ¹

324 2390 521 2448 (Christo
545 2389 788 2447 tribuente)
818 2389 1023 2446 indigeat,
1049 2388 1124 2432 sed
1147 2405 1234 2448 quo
1258 2390 1475 2432 bonorum
1504 2389 1710 2432 amicitias
1760 2445 1761 2448 Ἴ

325 2459 567 2504 avidiffiime
594 2469 792 2518 expetat,
819 2469 862 2503 et
891 2474 934 2502 se
966 2459 1010 2502 in
1039 2459 1102 2502 his
1128 2458 1441 2518 conjungendis
1472 2458 1710 2502 maximum
1754 2438 1758 2541 ξ

1753 2712 1757 2745 Ι

1753 2814 1757 2899 ρ

373 2575 381 2590 ¹
402 2567 485 2600 Alias
506 2578 580 2600 xvn.
608 2579 676 2609 quae
705 2571 812 2600 autem
841 2577 941 2599 xxxix
962 2570 1032 2600 crat
1050 2592 1058 2608 ‚
1083 2577 1166 2599 nunc
1186 2577 1272 2599 xxvi.
1291 2565 1472 2607 —Scripta
1490 2567 1576 2598 circa
1594 2575 1709 2597 annum

326 2624 403 2664 397.
