<?xml version="1.0" encoding="UTF-8"?>
<!DOCTYPE html PUBLIC "-//W3C//DTD XHTML 1.0 Transitional//EN"
    "http://www.w3.org/TR/xhtml1/DTD/xhtml1-transitional.dtd">
<html xmlns="http://www.w3.org/1999/xhtml" xml:lang="en" lang="en">
 <head>
  <title>
</title>
<meta http-equiv="Content-Type" content="text/html;charset=utf-8" />
  <meta name='ocr-system' content='tesseract 3.04.00' />
  <meta name='ocr-capabilities' content='ocr_page ocr_carea ocr_par ocr_line ocrx_word'/>
</head>
<body>
  <div class='ocr_page' id='page_1' title='image "./operaomniaaccura38auguuoft/operaomniaaccura38auguuoft_0083.png"; bbox 0 0 1790 3187; ppageno 0'>
   <div class='ocr_carea' id='block_1_1' title="bbox 301 225 1424 267">
    <p class='ocr_par' dir='ltr' id='par_1_1' title="bbox 301 225 1424 267">
     <span class='ocr_line' id='line_1_1' title="bbox 301 225 1424 267; baseline 0.004 -10"><span class='ocrx_word' id='word_1_1' title='bbox 301 230 355 257; x_wconf 72' lang='lat' dir='ltr'>m:</span> <span class='ocrx_word' id='word_1_2' title='bbox 392 230 581 258; x_wconf 71' lang='lat' dir='ltr'>mvnnsis</span> <span class='ocrx_word' id='word_1_3' title='bbox 613 231 769 267; x_wconf 72' lang='lat' dir='ltr'>QUAEs‘r.</span> <span class='ocrx_word' id='word_1_4' title='bbox 807 232 955 260; x_wconf 80' lang='lat' dir='ltr'><strong>OCTOG.</strong></span> <span class='ocrx_word' id='word_1_5' title='bbox 992 234 1154 259; x_wconf 67' lang='lat' dir='ltr'>munis·</span> <span class='ocrx_word' id='word_1_6' title='bbox 1370 225 1424 262; x_wconf 88' lang='lat'>73</span> 
     </span>
    </p>
   </div>
   <div class='ocr_carea' id='block_1_2' title="bbox 0 296 1427 2472">
    <p class='ocr_par' dir='ltr' id='par_1_2' title="bbox 0 296 1427 2472">
     <span class='ocr_line' id='line_1_2' title="bbox 40 296 1425 358; baseline 0.002 -17"><span class='ocrx_word' id='word_1_7' title='bbox 40 317 61 342; x_wconf 87' lang='lat'>»</span> <span class='ocrx_word' id='word_1_8' title='bbox 82 296 286 344; x_wconf 89' lang='lat' dir='ltr'>Nondum</span> <span class='ocrx_word' id='word_1_9' title='bbox 311 304 457 339; x_wconf 89' lang='lat' dir='ltr'>autem</span> <span class='ocrx_word' id='word_1_10' title='bbox 481 305 572 340; x_wconf 88' lang='lat' dir='ltr'>erat</span> <span class='ocrx_word' id='word_1_11' title='bbox 597 296 778 355; x_wconf 86' lang='lat' dir='ltr'>Spiritus</span> <span class='ocrx_word' id='word_1_12' title='bbox 800 296 943 352; x_wconf 85' lang='lat' dir='ltr'>datus,</span> <span class='ocrx_word' id='word_1_13' title='bbox 959 298 1062 358; x_wconf 85' lang='lat' dir='ltr'>quia</span> <span class='ocrx_word' id='word_1_14' title='bbox 1081 300 1205 343; x_wconf 88' lang='lat' dir='ltr'>Jesus</span> <span class='ocrx_word' id='word_1_15' title='bbox 1227 299 1425 344; x_wconf 89' lang='lat' dir='ltr'>nondum</span> 
     </span>
     <span class='ocr_line' id='line_1_3' title="bbox 39 365 1427 428; baseline 0.002 -17"><span class='ocrx_word' id='word_1_16' title='bbox 39 389 60 412; x_wconf 90' lang='lat'>»</span> <span class='ocrx_word' id='word_1_17' title='bbox 86 367 228 413; x_wconf 89' lang='lat' dir='ltr'>fuerat</span> <span class='ocrx_word' id='word_1_18' title='bbox 251 365 509 412; x_wconf 85' lang='lat' dir='ltr'>clarificatus</span> <span class='ocrx_word' id='word_1_19' title='bbox 527 369 556 410; x_wconf 86' lang='lat'>¹.</span> <span class='ocrx_word' id='word_1_20' title='bbox 577 386 596 408; x_wconf 87' lang='lat'>»</span> <span class='ocrx_word' id='word_1_21' title='bbox 618 370 709 411; x_wconf 90' lang='lat' dir='ltr'>Hoc</span> <span class='ocrx_word' id='word_1_22' title='bbox 731 368 879 427; x_wconf 81' lang='lat' dir='ltr'>itaque</span> <span class='ocrx_word' id='word_1_23' title='bbox 898 369 1063 413; x_wconf 91' lang='lat' dir='ltr'>donum</span> <span class='ocrx_word' id='word_1_24' title='bbox 1085 369 1269 428; x_wconf 87' lang='lat' dir='ltr'>Spiritus</span> <span class='ocrx_word' id='word_1_25' title='bbox 1290 371 1427 415; x_wconf 89' lang='lat' dir='ltr'>sancti</span> 
     </span>
     <span class='ocr_line' id='line_1_4' title="bbox 36 437 1427 498; baseline 0.001 -14"><span class='ocrx_word' id='word_1_26' title='bbox 36 448 112 493; x_wconf 88' lang='lat' dir='ltr'>est,</span> <span class='ocrx_word' id='word_1_27' title='bbox 138 438 258 498; x_wconf 90' lang='lat' dir='ltr'>quod</span> <span class='ocrx_word' id='word_1_28' title='bbox 281 447 379 497; x_wconf 90' lang='lat' dir='ltr'>post</span> <span class='ocrx_word' id='word_1_29' title='bbox 400 452 522 481; x_wconf 88' lang='lat' dir='ltr'>suam</span> <span class='ocrx_word' id='word_1_30' title='bbox 546 437 897 482; x_wconf 82' lang='lat' dir='ltr'>clarificationem</span> <span class='ocrx_word' id='word_1_31' title='bbox 924 439 1046 484; x_wconf 88' lang='lat' dir='ltr'>dedit</span> <span class='ocrx_word' id='word_1_32' title='bbox 1066 440 1295 496; x_wconf 83' lang='lat' dir='ltr'>Ecclesiae,</span> <span class='ocrx_word' id='word_1_33' title='bbox 1316 442 1427 485; x_wconf 89' lang='lat' dir='ltr'>sieut</span> 
     </span>
     <span class='ocr_line' id='line_1_5' title="bbox 36 507 1426 570; baseline 0.001 -16"><span class='ocrx_word' id='word_1_34' title='bbox 36 508 116 554; x_wconf 88' lang='lat' dir='ltr'>alia</span> <span class='ocrx_word' id='word_1_35' title='bbox 140 509 360 568; x_wconf 80' lang='lat' dir='ltr'>Scriptura</span> <span class='ocrx_word' id='word_1_36' title='bbox 379 507 483 552; x_wconf 87' lang='lat' dir='ltr'>dicit</span> <span class='ocrx_word' id='word_1_37' title='bbox 508 507 814 553; x_wconf 86' lang='lat' dir='ltr'>:«Ascendens</span> <span class='ocrx_word' id='word_1_38' title='bbox 838 510 881 552; x_wconf 91' lang='lat' dir='ltr'>in</span> <span class='ocrx_word' id='word_1_39' title='bbox 905 510 1041 554; x_wconf 84' lang='lat' dir='ltr'>altum</span> <span class='ocrx_word' id='word_1_40' title='bbox 1060 511 1276 570; x_wconf 83' lang='lat' dir='ltr'>captivam</span> <span class='ocrx_word' id='word_1_41' title='bbox 1301 511 1426 557; x_wconf 82' lang='lat' dir='ltr'>duxit</span> 
     </span>
     <span class='ocr_line' id='line_1_6' title="bbox 37 578 1074 639; baseline 0 -17"><span class='ocrx_word' id='word_1_42' title='bbox 37 598 59 623; x_wconf 84' lang='lat'>»</span> <span class='ocrx_word' id='word_1_43' title='bbox 83 580 376 639; x_wconf 86' lang='lat' dir='ltr'>captivitatem</span> <span class='ocrx_word' id='word_1_44' title='bbox 395 614 405 633; x_wconf 89' lang='lat'>,</span> <span class='ocrx_word' id='word_1_45' title='bbox 440 578 561 624; x_wconf 83' lang='lat' dir='ltr'>dedit</span> <span class='ocrx_word' id='word_1_46' title='bbox 582 578 697 624; x_wconf 84' lang='lat' dir='ltr'>dona</span> <span class='ocrx_word' id='word_1_47' title='bbox 722 581 975 625; x_wconf 87' lang='lat' dir='ltr'>hominibus</span> <span class='ocrx_word' id='word_1_48' title='bbox 998 583 1030 625; x_wconf 84' lang='lat'>².</span> <span class='ocrx_word' id='word_1_49' title='bbox 1055 601 1074 622; x_wconf 71' lang='lat' dir='ltr'>n</span> 
     </span>
     <span class='ocr_line' id='line_1_7' title="bbox 94 649 1425 712; baseline 0.002 -19"><span class='ocrx_word' id='word_1_50' title='bbox 94 651 155 694; x_wconf 79' lang='lat'>5⁰.</span> <span class='ocrx_word' id='word_1_51' title='bbox 193 649 276 694; x_wconf 87' lang='lat' dir='ltr'>Sed</span> <span class='ocrx_word' id='word_1_52' title='bbox 306 649 449 694; x_wconf 87' lang='lat' dir='ltr'>adhuc</span> <span class='ocrx_word' id='word_1_53' title='bbox 483 649 555 694; x_wconf 91' lang='lat' dir='ltr'>illa</span> <span class='ocrx_word' id='word_1_54' title='bbox 588 650 744 694; x_wconf 91' lang='lat' dir='ltr'>mulier</span> <span class='ocrx_word' id='word_1_55' title='bbox 779 651 1007 696; x_wconf 81' lang='lat' dir='ltr'>carnaliter</span> <span class='ocrx_word' id='word_1_56' title='bbox 1036 653 1146 712; x_wconf 86' lang='lat' dir='ltr'>sapit</span> <span class='ocrx_word' id='word_1_57' title='bbox 1174 674 1185 711; x_wconf 75' lang='lat'><em>3</em></span> <span class='ocrx_word' id='word_1_58' title='bbox 1219 654 1278 698; x_wconf 89' lang='lat' dir='ltr'>sic</span> <span class='ocrx_word' id='word_1_59' title='bbox 1309 653 1425 697; x_wconf 90' lang='lat' dir='ltr'>enim</span> 
     </span>
     <span class='ocr_line' id='line_1_8' title="bbox 35 720 1426 784; baseline 0.001 -17"><span class='ocrx_word' id='word_1_60' title='bbox 35 720 255 780; x_wconf 86' lang='lat' dir='ltr'>respondit</span> <span class='ocrx_word' id='word_1_61' title='bbox 278 739 287 766; x_wconf 75' lang='grc' dir='ltr'>ε</span> <span class='ocrx_word' id='word_1_62' title='bbox 310 740 329 762; x_wconf 91' lang='lat'>«</span> <span class='ocrx_word' id='word_1_63' title='bbox 353 721 550 775; x_wconf 89' lang='lat' dir='ltr'>Domine,</span> <span class='ocrx_word' id='word_1_64' title='bbox 572 736 714 781; x_wconf 88' lang='lat' dir='ltr'>neque</span> <span class='ocrx_word' id='word_1_65' title='bbox 727 722 1015 766; x_wconf 81' lang='lat' dir='ltr'>hauritorium</span> <span class='ocrx_word' id='word_1_66' title='bbox 1029 723 1162 767; x_wconf 86' lang='lat' dir='ltr'>habes</span> <span class='ocrx_word' id='word_1_67' title='bbox 1179 745 1190 781; x_wconf 80' lang='lat'>3</span> <span class='ocrx_word' id='word_1_68' title='bbox 1209 733 1250 768; x_wconf 91' lang='lat' dir='ltr'>et</span> <span class='ocrx_word' id='word_1_69' title='bbox 1266 733 1426 784; x_wconf 89' lang='lat' dir='ltr'>puteus</span> 
     </span>
     <span class='ocr_line' id='line_1_9' title="bbox 37 791 1424 853; baseline 0.002 -19"><span class='ocrx_word' id='word_1_70' title='bbox 37 810 58 834; x_wconf 88' lang='lat'>»</span> <span class='ocrx_word' id='word_1_71' title='bbox 83 791 194 837; x_wconf 82' lang='lat' dir='ltr'>altus</span> <span class='ocrx_word' id='word_1_72' title='bbox 217 800 281 836; x_wconf 87' lang='lat' dir='ltr'>est</span> <span class='ocrx_word' id='word_1_73' title='bbox 303 826 314 846; x_wconf 92' lang='lat'>,</span> <span class='ocrx_word' id='word_1_74' title='bbox 340 791 459 836; x_wconf 90' lang='lat' dir='ltr'>unde</span> <span class='ocrx_word' id='word_1_75' title='bbox 482 792 585 835; x_wconf 88' lang='lat' dir='ltr'>mihi</span> <span class='ocrx_word' id='word_1_76' title='bbox 609 792 743 836; x_wconf 88' lang='lat' dir='ltr'>habes</span> <span class='ocrx_word' id='word_1_77' title='bbox 775 792 876 836; x_wconf 87' lang='lat' dir='ltr'>dare</span> <span class='ocrx_word' id='word_1_78' title='bbox 900 809 1057 853; x_wconf 86' lang='lat' dir='ltr'>aquam</span> <span class='ocrx_word' id='word_1_79' title='bbox 1079 795 1223 838; x_wconf 86' lang='lat' dir='ltr'>vivam</span> <span class='ocrx_word' id='word_1_80' title='bbox 1245 796 1262 836; x_wconf 74' lang='lat'>⁶?</span> <span class='ocrx_word' id='word_1_81' title='bbox 1285 797 1424 839; x_wconf 90' lang='lat' dir='ltr'>Num-</span> 
     </span>
     <span class='ocr_line' id='line_1_10' title="bbox 36 862 1426 923; baseline 0.001 -18"><span class='ocrx_word' id='word_1_82' title='bbox 36 881 57 904; x_wconf 86' lang='lat'>»</span> <span class='ocrx_word' id='word_1_83' title='bbox 81 862 188 922; x_wconf 88' lang='lat' dir='ltr'>quid</span> <span class='ocrx_word' id='word_1_84' title='bbox 211 871 259 906; x_wconf 92' lang='lat' dir='ltr'>tu</span> <span class='ocrx_word' id='word_1_85' title='bbox 292 864 429 922; x_wconf 87' lang='lat' dir='ltr'>major</span> <span class='ocrx_word' id='word_1_86' title='bbox 443 877 486 906; x_wconf 91' lang='lat' dir='ltr'>es</span> <span class='ocrx_word' id='word_1_87' title='bbox 514 871 634 922; x_wconf 82' lang='lat' dir='ltr'>patre</span> <span class='ocrx_word' id='word_1_88' title='bbox 659 872 806 907; x_wconf 87' lang='lat' dir='ltr'>nostro</span> <span class='ocrx_word' id='word_1_89' title='bbox 836 863 973 907; x_wconf 85' lang='lat' dir='ltr'>Jacob</span> <span class='ocrx_word' id='word_1_90' title='bbox 995 898 1006 917; x_wconf 88' lang='lat'>,</span> <span class='ocrx_word' id='word_1_91' title='bbox 1038 864 1115 923; x_wconf 86' lang='lat' dir='ltr'>qui</span> <span class='ocrx_word' id='word_1_92' title='bbox 1145 863 1269 907; x_wconf 87' lang='lat' dir='ltr'>dedit</span> <span class='ocrx_word' id='word_1_93' title='bbox 1301 863 1426 908; x_wconf 88' lang='lat' dir='ltr'>nobis</span> 
     </span>
     <span class='ocr_line' id='line_1_11' title="bbox 35 932 1426 993; baseline 0.002 -19"><span class='ocrx_word' id='word_1_94' title='bbox 35 950 57 974; x_wconf 87' lang='lat'>»</span> <span class='ocrx_word' id='word_1_95' title='bbox 82 933 199 976; x_wconf 90' lang='lat' dir='ltr'>hunc</span> <span class='ocrx_word' id='word_1_96' title='bbox 220 941 417 991; x_wconf 90' lang='lat' dir='ltr'>puteum,</span> <span class='ocrx_word' id='word_1_97' title='bbox 443 942 484 976; x_wconf 93' lang='lat' dir='ltr'>et</span> <span class='ocrx_word' id='word_1_98' title='bbox 506 933 595 992; x_wconf 90' lang='lat' dir='ltr'>ipse</span> <span class='ocrx_word' id='word_1_99' title='bbox 607 948 658 977; x_wconf 88' lang='lat' dir='ltr'>ex</span> <span class='ocrx_word' id='word_1_100' title='bbox 680 949 731 977; x_wconf 84' lang='lat' dir='ltr'>eo</span> <span class='ocrx_word' id='word_1_101' title='bbox 750 933 877 988; x_wconf 85' lang='lat' dir='ltr'>bibit,</span> <span class='ocrx_word' id='word_1_102' title='bbox 904 942 946 977; x_wconf 92' lang='lat' dir='ltr'>et</span> <span class='ocrx_word' id='word_1_103' title='bbox 969 932 1045 976; x_wconf 89' lang='lat' dir='ltr'>filii</span> <span class='ocrx_word' id='word_1_104' title='bbox 1062 935 1170 993; x_wconf 85' lang='lat' dir='ltr'>ejus,</span> <span class='ocrx_word' id='word_1_105' title='bbox 1203 942 1246 978; x_wconf 91' lang='lat' dir='ltr'>et</span> <span class='ocrx_word' id='word_1_106' title='bbox 1269 948 1426 993; x_wconf 88' lang='lat' dir='ltr'>pecora</span> 
     </span>
     <span class='ocr_line' id='line_1_12' title="bbox 35 1003 1421 1064; baseline 0.004 -20"><span class='ocrx_word' id='word_1_107' title='bbox 35 1021 56 1044; x_wconf 70' lang='lat'>³)</span> <span class='ocrx_word' id='word_1_108' title='bbox 83 1004 171 1063; x_wconf 88' lang='lat' dir='ltr'>ejus</span> <span class='ocrx_word' id='word_1_109' title='bbox 207 1005 222 1029; x_wconf 77' lang='lat'>³</span> <span class='ocrx_word' id='word_1_110' title='bbox 244 1005 260 1044; x_wconf 66' lang='grc' dir='ltr'>’Β</span> <span class='ocrx_word' id='word_1_111' title='bbox 286 1004 412 1047; x_wconf 89' lang='lat' dir='ltr'>Nunc</span> <span class='ocrx_word' id='word_1_112' title='bbox 435 1019 538 1049; x_wconf 90' lang='lat' dir='ltr'>vero</span> <span class='ocrx_word' id='word_1_113' title='bbox 559 1006 650 1064; x_wconf 88' lang='lat' dir='ltr'>jam</span> <span class='ocrx_word' id='word_1_114' title='bbox 684 1006 893 1049; x_wconf 87' lang='lat' dir='ltr'>Dominus</span> <span class='ocrx_word' id='word_1_115' title='bbox 917 1005 1094 1063; x_wconf 85' lang='lat' dir='ltr'>exponit</span> <span class='ocrx_word' id='word_1_116' title='bbox 1119 1003 1226 1064; x_wconf 86' lang='lat' dir='ltr'>quid</span> <span class='ocrx_word' id='word_1_117' title='bbox 1249 1005 1421 1049; x_wconf 84' lang='lat' dir='ltr'>dixerit.</span> 
     </span>
     <span class='ocr_line' id='line_1_13' title="bbox 36 1073 1422 1135; baseline 0.003 -19"><span class='ocrx_word' id='word_1_118' title='bbox 36 1091 57 1116; x_wconf 93' lang='lat'>«</span> <span class='ocrx_word' id='word_1_119' title='bbox 80 1073 251 1127; x_wconf 88' lang='lat' dir='ltr'>Omnis,</span> <span class='ocrx_word' id='word_1_120' title='bbox 273 1074 442 1133; x_wconf 88' lang='lat' dir='ltr'>inquit,</span> <span class='ocrx_word' id='word_1_121' title='bbox 463 1074 538 1134; x_wconf 87' lang='lat' dir='ltr'>qui</span> <span class='ocrx_word' id='word_1_122' title='bbox 563 1075 721 1119; x_wconf 89' lang='lat' dir='ltr'>biberit</span> <span class='ocrx_word' id='word_1_123' title='bbox 742 1075 797 1118; x_wconf 88' lang='lat' dir='ltr'>de</span> <span class='ocrx_word' id='word_1_124' title='bbox 820 1091 931 1135; x_wconf 84' lang='lat' dir='ltr'>aqua</span> <span class='ocrx_word' id='word_1_125' title='bbox 956 1075 1035 1120; x_wconf 85' lang='lat' dir='ltr'>itsa</span> <span class='ocrx_word' id='word_1_126' title='bbox 1058 1110 1069 1130; x_wconf 89' lang='lat'>,</span> <span class='ocrx_word' id='word_1_127' title='bbox 1095 1075 1210 1119; x_wconf 89' lang='lat' dir='ltr'>sitiet</span> <span class='ocrx_word' id='word_1_128' title='bbox 1232 1075 1391 1119; x_wconf 88' lang='lat' dir='ltr'>iterum</span> <span class='ocrx_word' id='word_1_129' title='bbox 1413 1094 1422 1120; x_wconf 74' lang='grc' dir='ltr'>ε</span> 
     </span>
     <span class='ocr_line' id='line_1_14' title="bbox 34 1144 1426 1206; baseline 0.003 -20"><span class='ocrx_word' id='word_1_130' title='bbox 34 1161 55 1185; x_wconf 70' lang='lat' dir='ltr'>n</span> <span class='ocrx_word' id='word_1_131' title='bbox 82 1144 159 1203; x_wconf 91' lang='lat' dir='ltr'>qui</span> <span class='ocrx_word' id='word_1_132' title='bbox 184 1153 328 1188; x_wconf 88' lang='lat' dir='ltr'>autem</span> <span class='ocrx_word' id='word_1_133' title='bbox 356 1145 513 1190; x_wconf 89' lang='lat' dir='ltr'>biberit</span> <span class='ocrx_word' id='word_1_134' title='bbox 536 1145 590 1190; x_wconf 91' lang='lat' dir='ltr'>de</span> <span class='ocrx_word' id='word_1_135' title='bbox 612 1161 723 1206; x_wconf 85' lang='lat' dir='ltr'>aqua</span> <span class='ocrx_word' id='word_1_136' title='bbox 741 1181 752 1201; x_wconf 91' lang='lat'>,</span> <span class='ocrx_word' id='word_1_137' title='bbox 768 1161 901 1206; x_wconf 84' lang='lat' dir='ltr'>quam</span> <span class='ocrx_word' id='word_1_138' title='bbox 923 1146 1110 1202; x_wconf 86' lang='lat' dir='ltr'>dedero,</span> <span class='ocrx_word' id='word_1_139' title='bbox 1131 1161 1221 1191; x_wconf 91' lang='lat' dir='ltr'>non</span> <span class='ocrx_word' id='word_1_140' title='bbox 1243 1146 1357 1190; x_wconf 88' lang='lat' dir='ltr'>sitiet</span> <span class='ocrx_word' id='word_1_141' title='bbox 1381 1146 1426 1190; x_wconf 90' lang='lat' dir='ltr'>in</span> 
     </span>
     <span class='ocr_line' id='line_1_15' title="bbox 34 1216 1425 1276; baseline 0.003 -19"><span class='ocrx_word' id='word_1_142' title='bbox 34 1233 54 1257; x_wconf 84' lang='lat'>))</span> <span class='ocrx_word' id='word_1_143' title='bbox 79 1216 391 1274; x_wconf 89' lang='lat' dir='ltr'>sempiternum</span> <span class='ocrx_word' id='word_1_144' title='bbox 418 1237 429 1274; x_wconf 76' lang='lat'>3</span> <span class='ocrx_word' id='word_1_145' title='bbox 454 1217 526 1260; x_wconf 87' lang='lat' dir='ltr'>sed</span> <span class='ocrx_word' id='word_1_146' title='bbox 558 1233 668 1276; x_wconf 86' lang='lat' dir='ltr'>aqua</span> <span class='ocrx_word' id='word_1_147' title='bbox 700 1216 772 1261; x_wconf 87' lang='lat' dir='ltr'>illa</span> <span class='ocrx_word' id='word_1_148' title='bbox 801 1232 934 1275; x_wconf 87' lang='lat' dir='ltr'>quam</span> <span class='ocrx_word' id='word_1_149' title='bbox 971 1216 1135 1262; x_wconf 85' lang='lat' dir='ltr'>dedero</span> <span class='ocrx_word' id='word_1_150' title='bbox 1154 1253 1165 1272; x_wconf 92' lang='lat'><strong>‚</strong></span> <span class='ocrx_word' id='word_1_151' title='bbox 1192 1218 1267 1261; x_wconf 86' lang='lat' dir='ltr'>fiet</span> <span class='ocrx_word' id='word_1_152' title='bbox 1298 1217 1342 1261; x_wconf 91' lang='lat' dir='ltr'>in</span> <span class='ocrx_word' id='word_1_153' title='bbox 1374 1231 1425 1261; x_wconf 91' lang='lat' dir='ltr'>eo</span> 
     </span>
     <span class='ocr_line' id='line_1_16' title="bbox 35 1283 1425 1345; baseline 0.001 -17"><span class='ocrx_word' id='word_1_154' title='bbox 35 1303 55 1326; x_wconf 90' lang='lat'>»</span> <span class='ocrx_word' id='word_1_155' title='bbox 82 1283 176 1329; x_wconf 84' lang='lat' dir='ltr'>fons</span> <span class='ocrx_word' id='word_1_156' title='bbox 194 1301 318 1345; x_wconf 83' lang='lat' dir='ltr'>aquae</span> <span class='ocrx_word' id='word_1_157' title='bbox 341 1285 528 1331; x_wconf 85' lang='lat' dir='ltr'>salientis</span> <span class='ocrx_word' id='word_1_158' title='bbox 546 1287 590 1330; x_wconf 91' lang='lat' dir='ltr'>in</span> <span class='ocrx_word' id='word_1_159' title='bbox 612 1288 744 1331; x_wconf 91' lang='lat' dir='ltr'>vitam</span> <span class='ocrx_word' id='word_1_160' title='bbox 764 1296 987 1331; x_wconf 80' lang='lat' dir='ltr'>aeternam.</span> <span class='ocrx_word' id='word_1_161' title='bbox 1018 1305 1037 1327; x_wconf 73' lang='lat' dir='ltr'>n</span> <span class='ocrx_word' id='word_1_162' title='bbox 1061 1286 1143 1332; x_wconf 90' lang='lat' dir='ltr'>Sed</span> <span class='ocrx_word' id='word_1_163' title='bbox 1161 1287 1305 1331; x_wconf 90' lang='lat' dir='ltr'>adhuc</span> <span class='ocrx_word' id='word_1_164' title='bbox 1327 1301 1425 1330; x_wconf 83' lang='lat' dir='ltr'>mu-</span> 
     </span>
     <span class='ocr_line' id='line_1_17' title="bbox 32 1355 1424 1416; baseline 0.002 -18"><span class='ocrx_word' id='word_1_165' title='bbox 32 1355 110 1399; x_wconf 88' lang='lat' dir='ltr'>lier</span> <span class='ocrx_word' id='word_1_166' title='bbox 126 1355 403 1415; x_wconf 87' lang='lat' dir='ltr'>prudentiam</span> <span class='ocrx_word' id='word_1_167' title='bbox 425 1358 563 1401; x_wconf 83' lang='lat' dir='ltr'>carnis</span> <span class='ocrx_word' id='word_1_168' title='bbox 582 1357 876 1416; x_wconf 85' lang='lat' dir='ltr'>amplectitur.</span> <span class='ocrx_word' id='word_1_169' title='bbox 894 1356 1011 1409; x_wconf 90' lang='lat' dir='ltr'>Quid</span> <span class='ocrx_word' id='word_1_170' title='bbox 1029 1357 1144 1402; x_wconf 88' lang='lat' dir='ltr'>enim</span> <span class='ocrx_word' id='word_1_171' title='bbox 1169 1356 1424 1416; x_wconf 74' lang='lat' dir='ltr'>respondit?</span> 
     </span>
     <span class='ocr_line' id='line_1_18' title="bbox 35 1426 1426 1487; baseline 0.002 -19"><span class='ocrx_word' id='word_1_172' title='bbox 35 1444 55 1468; x_wconf 93' lang='lat'>«</span> <span class='ocrx_word' id='word_1_173' title='bbox 82 1426 266 1470; x_wconf 91' lang='lat' dir='ltr'>Domine</span> <span class='ocrx_word' id='word_1_174' title='bbox 280 1461 290 1480; x_wconf 92' lang='lat'><strong>‚</strong></span> <span class='ocrx_word' id='word_1_175' title='bbox 310 1427 365 1470; x_wconf 91' lang='lat' dir='ltr'>da</span> <span class='ocrx_word' id='word_1_176' title='bbox 383 1427 489 1470; x_wconf 90' lang='lat' dir='ltr'>mihi</span> <span class='ocrx_word' id='word_1_177' title='bbox 506 1428 618 1471; x_wconf 87' lang='lat' dir='ltr'>hanc</span> <span class='ocrx_word' id='word_1_178' title='bbox 646 1443 803 1487; x_wconf 81' lang='lat' dir='ltr'>aquam</span> <span class='ocrx_word' id='word_1_179' title='bbox 821 1462 831 1481; x_wconf 94' lang='lat'>,</span> <span class='ocrx_word' id='word_1_180' title='bbox 859 1435 908 1470; x_wconf 90' lang='lat' dir='ltr'>ut</span> <span class='ocrx_word' id='word_1_181' title='bbox 930 1442 1073 1486; x_wconf 87' lang='lat' dir='ltr'>neque</span> <span class='ocrx_word' id='word_1_182' title='bbox 1090 1427 1231 1471; x_wconf 87' lang='lat' dir='ltr'>sitiam</span> <span class='ocrx_word' id='word_1_183' title='bbox 1249 1462 1260 1482; x_wconf 89' lang='lat'>,</span> <span class='ocrx_word' id='word_1_184' title='bbox 1281 1442 1426 1487; x_wconf 84' lang='lat' dir='ltr'>neque</span> 
     </span>
     <span class='ocr_line' id='line_1_19' title="bbox 33 1496 1424 1552; baseline 0.002 -13"><span class='ocrx_word' id='word_1_185' title='bbox 33 1514 54 1538; x_wconf 90' lang='lat'>»</span> <span class='ocrx_word' id='word_1_186' title='bbox 84 1496 255 1541; x_wconf 88' lang='lat' dir='ltr'>veniam</span> <span class='ocrx_word' id='word_1_187' title='bbox 282 1497 369 1541; x_wconf 90' lang='lat' dir='ltr'>huc</span> <span class='ocrx_word' id='word_1_188' title='bbox 389 1498 576 1542; x_wconf 85' lang='lat' dir='ltr'>haurire.</span> <span class='ocrx_word' id='word_1_189' title='bbox 603 1499 716 1542; x_wconf 90' lang='lat' dir='ltr'>Dicit</span> <span class='ocrx_word' id='word_1_190' title='bbox 737 1499 776 1542; x_wconf 90' lang='lat' dir='ltr'>ei</span> <span class='ocrx_word' id='word_1_191' title='bbox 798 1501 950 1542; x_wconf 86' lang='lat' dir='ltr'>Jesus:</span> <span class='ocrx_word' id='word_1_192' title='bbox 978 1498 1123 1552; x_wconf 88' lang='lat' dir='ltr'>Vade,</span> <span class='ocrx_word' id='word_1_193' title='bbox 1149 1513 1255 1542; x_wconf 84' lang='lat' dir='ltr'>voca</span> <span class='ocrx_word' id='word_1_194' title='bbox 1284 1499 1424 1543; x_wconf 91' lang='lat' dir='ltr'>virum</span> 
     </span>
     <span class='ocr_line' id='line_1_20' title="bbox 34 1568 1420 1622; baseline 0.003 -14"><span class='ocrx_word' id='word_1_195' title='bbox 34 1585 54 1608; x_wconf 90' lang='lat'>»</span> <span class='ocrx_word' id='word_1_196' title='bbox 86 1575 227 1621; x_wconf 88' lang='lat' dir='ltr'>tuum,</span> <span class='ocrx_word' id='word_1_197' title='bbox 245 1575 288 1610; x_wconf 88' lang='lat' dir='ltr'>et</span> <span class='ocrx_word' id='word_1_198' title='bbox 309 1569 405 1612; x_wconf 91' lang='lat' dir='ltr'>veni</span> <span class='ocrx_word' id='word_1_199' title='bbox 428 1569 560 1612; x_wconf 90' lang='lat' dir='ltr'>huc.»</span> <span class='ocrx_word' id='word_1_200' title='bbox 577 1570 687 1613; x_wconf 89' lang='lat' dir='ltr'>Cum</span> <span class='ocrx_word' id='word_1_201' title='bbox 714 1569 841 1612; x_wconf 92' lang='lat' dir='ltr'>sciret</span> <span class='ocrx_word' id='word_1_202' title='bbox 858 1582 952 1611; x_wconf 80' lang='lat' dir='ltr'>eam</span> <span class='ocrx_word' id='word_1_203' title='bbox 969 1568 1109 1612; x_wconf 89' lang='lat' dir='ltr'>virum</span> <span class='ocrx_word' id='word_1_204' title='bbox 1129 1584 1219 1612; x_wconf 91' lang='lat' dir='ltr'>non</span> <span class='ocrx_word' id='word_1_205' title='bbox 1242 1569 1420 1622; x_wconf 85' lang='lat' dir='ltr'>habere,</span> 
     </span>
     <span class='ocr_line' id='line_1_21' title="bbox 31 1636 1420 1698; baseline 0.002 -17"><span class='ocrx_word' id='word_1_206' title='bbox 31 1651 109 1681; x_wconf 88' lang='lat' dir='ltr'>cur</span> <span class='ocrx_word' id='word_1_207' title='bbox 129 1637 212 1682; x_wconf 89' lang='lat' dir='ltr'>hoc</span> <span class='ocrx_word' id='word_1_208' title='bbox 234 1636 387 1681; x_wconf 83' lang='lat' dir='ltr'>dixerit</span> <span class='ocrx_word' id='word_1_209' title='bbox 408 1673 418 1692; x_wconf 92' lang='lat'>‚</span> <span class='ocrx_word' id='word_1_210' title='bbox 444 1639 669 1698; x_wconf 79' lang='lat' dir='ltr'>quaeritur.</span> <span class='ocrx_word' id='word_1_211' title='bbox 691 1641 891 1698; x_wconf 88' lang='lat' dir='ltr'>Namque</span> <span class='ocrx_word' id='word_1_212' title='bbox 909 1653 1011 1682; x_wconf 85' lang='lat' dir='ltr'>cum</span> <span class='ocrx_word' id='word_1_213' title='bbox 1034 1639 1192 1682; x_wconf 87' lang='lat' dir='ltr'>mulier</span> <span class='ocrx_word' id='word_1_214' title='bbox 1214 1638 1389 1683; x_wconf 81' lang='lat' dir='ltr'>dixisset</span> <span class='ocrx_word' id='word_1_215' title='bbox 1411 1658 1420 1684; x_wconf 91' lang='lat'>:</span> 
     </span>
     <span class='ocr_line' id='line_1_22' title="bbox 35 1707 1421 1765; baseline 0.003 -16"><span class='ocrx_word' id='word_1_216' title='bbox 35 1709 175 1753; x_wconf 86' lang='lat' dir='ltr'>«Non</span> <span class='ocrx_word' id='word_1_217' title='bbox 203 1707 342 1752; x_wconf 86' lang='lat' dir='ltr'>habeo</span> <span class='ocrx_word' id='word_1_218' title='bbox 364 1708 506 1752; x_wconf 90' lang='lat' dir='ltr'>virum</span> <span class='ocrx_word' id='word_1_219' title='bbox 541 1728 549 1754; x_wconf 91' lang='lat'>:</span> <span class='ocrx_word' id='word_1_220' title='bbox 587 1728 606 1750; x_wconf 88' lang='lat'>»</span> <span class='ocrx_word' id='word_1_221' title='bbox 634 1708 740 1753; x_wconf 90' lang='lat' dir='ltr'>dicit</span> <span class='ocrx_word' id='word_1_222' title='bbox 769 1709 807 1752; x_wconf 91' lang='lat' dir='ltr'>ei</span> <span class='ocrx_word' id='word_1_223' title='bbox 838 1711 962 1752; x_wconf 87' lang='lat' dir='ltr'>Jesus</span> <span class='ocrx_word' id='word_1_224' title='bbox 990 1727 998 1753; x_wconf 74' lang='lat' dir='ltr'><em>z</em></span> <span class='ocrx_word' id='word_1_225' title='bbox 1036 1727 1056 1750; x_wconf 92' lang='lat'>«</span> <span class='ocrx_word' id='word_1_226' title='bbox 1093 1711 1209 1753; x_wconf 89' lang='lat' dir='ltr'>Bene</span> <span class='ocrx_word' id='word_1_227' title='bbox 1246 1708 1421 1765; x_wconf 87' lang='lat' dir='ltr'>dixisti,</span> 
     </span>
     <span class='ocr_line' id='line_1_23' title="bbox 34 1776 1425 1838; baseline 0.003 -20"><span class='ocrx_word' id='word_1_228' title='bbox 34 1794 55 1817; x_wconf 87' lang='lat'>»</span> <span class='ocrx_word' id='word_1_229' title='bbox 80 1791 171 1821; x_wconf 92' lang='lat' dir='ltr'>non</span> <span class='ocrx_word' id='word_1_230' title='bbox 192 1776 353 1821; x_wconf 85' lang='lat' dir='ltr'>habere</span> <span class='ocrx_word' id='word_1_231' title='bbox 375 1787 417 1821; x_wconf 88' lang='lat' dir='ltr'>te</span> <span class='ocrx_word' id='word_1_232' title='bbox 440 1780 610 1836; x_wconf 76' lang='lat' dir='ltr'>virum3</span> <span class='ocrx_word' id='word_1_233' title='bbox 635 1779 831 1838; x_wconf 84' lang='lat' dir='ltr'>quinque</span> <span class='ocrx_word' id='word_1_234' title='bbox 856 1779 973 1822; x_wconf 82' lang='lat' dir='ltr'>enim</span> <span class='ocrx_word' id='word_1_235' title='bbox 1003 1778 1118 1822; x_wconf 91' lang='lat' dir='ltr'>viros</span> <span class='ocrx_word' id='word_1_236' title='bbox 1140 1779 1349 1833; x_wconf 85' lang='lat' dir='ltr'>habuisti,</span> <span class='ocrx_word' id='word_1_237' title='bbox 1381 1789 1425 1822; x_wconf 88' lang='lat' dir='ltr'>et</span> 
     </span>
     <span class='ocr_line' id='line_1_24' title="bbox 34 1848 1420 1907; baseline 0.001 -19"><span class='ocrx_word' id='word_1_238' title='bbox 34 1865 56 1888; x_wconf 85' lang='lat'>»</span> <span class='ocrx_word' id='word_1_239' title='bbox 82 1861 200 1891; x_wconf 89' lang='lat' dir='ltr'>nunc</span> <span class='ocrx_word' id='word_1_240' title='bbox 214 1862 344 1907; x_wconf 89' lang='lat' dir='ltr'>quem</span> <span class='ocrx_word' id='word_1_241' title='bbox 359 1848 509 1904; x_wconf 86' lang='lat' dir='ltr'>habes,</span> <span class='ocrx_word' id='word_1_242' title='bbox 532 1864 622 1892; x_wconf 89' lang='lat' dir='ltr'>non</span> <span class='ocrx_word' id='word_1_243' title='bbox 641 1857 704 1892; x_wconf 90' lang='lat' dir='ltr'>est</span> <span class='ocrx_word' id='word_1_244' title='bbox 726 1856 827 1892; x_wconf 90' lang='lat' dir='ltr'>tuus</span> <span class='ocrx_word' id='word_1_245' title='bbox 850 1849 938 1905; x_wconf 63' lang='lat' dir='ltr'>vir,</span> <span class='ocrx_word' id='word_1_246' title='bbox 962 1850 1042 1892; x_wconf 82' lang='lat' dir='ltr'>&#39;noc</span> <span class='ocrx_word' id='word_1_247' title='bbox 1061 1863 1212 1892; x_wconf 89' lang='lat' dir='ltr'>verum</span> <span class='ocrx_word' id='word_1_248' title='bbox 1230 1848 1420 1893; x_wconf 87' lang='lat' dir='ltr'>dixisti.»</span> 
     </span>
     <span class='ocr_line' id='line_1_25' title="bbox 34 1917 1424 1978; baseline 0 -15"><span class='ocrx_word' id='word_1_249' title='bbox 34 1917 118 1963; x_wconf 90' lang='lat' dir='ltr'>Sed</span> <span class='ocrx_word' id='word_1_250' title='bbox 131 1933 219 1963; x_wconf 91' lang='lat' dir='ltr'>non</span> <span class='ocrx_word' id='word_1_251' title='bbox 238 1927 339 1962; x_wconf 90' lang='lat' dir='ltr'>sunt</span> <span class='ocrx_word' id='word_1_252' title='bbox 352 1920 445 1963; x_wconf 86' lang='lat' dir='ltr'>haec</span> <span class='ocrx_word' id='word_1_253' title='bbox 460 1919 689 1964; x_wconf 83' lang='lat' dir='ltr'>carnaliter</span> <span class='ocrx_word' id='word_1_254' title='bbox 703 1919 970 1978; x_wconf 80' lang='lat' dir='ltr'>accipienda,</span> <span class='ocrx_word' id='word_1_255' title='bbox 983 1933 1038 1963; x_wconf 83' lang='lat' dir='ltr'>ne</span> <span class='ocrx_word' id='word_1_256' title='bbox 1051 1920 1154 1963; x_wconf 93' lang='lat' dir='ltr'>huic</span> <span class='ocrx_word' id='word_1_257' title='bbox 1177 1920 1257 1978; x_wconf 90' lang='lat' dir='ltr'>ipsi</span> <span class='ocrx_word' id='word_1_258' title='bbox 1279 1919 1424 1964; x_wconf 84' lang='lat' dir='ltr'>adhuc</span> 
     </span>
     <span class='ocr_line' id='line_1_26' title="bbox 31 1987 1424 2035; baseline 0.001 -2"><span class='ocrx_word' id='word_1_259' title='bbox 31 1987 202 2033; x_wconf 86' lang='lat' dir='ltr'>mulieri</span> <span class='ocrx_word' id='word_1_260' title='bbox 236 1990 513 2034; x_wconf 70' lang='lat' dir='ltr'>Samaritanae</span> <span class='ocrx_word' id='word_1_261' title='bbox 545 1989 703 2034; x_wconf 91' lang='lat' dir='ltr'>similes</span> <span class='ocrx_word' id='word_1_262' title='bbox 737 2005 825 2035; x_wconf 81' lang='lat' dir='ltr'>esse</span> <span class='ocrx_word' id='word_1_263' title='bbox 861 1990 1101 2035; x_wconf 73' lang='lat' dir='ltr'>videamur.</span> <span class='ocrx_word' id='word_1_264' title='bbox 1136 1990 1223 2035; x_wconf 85' lang='lat' dir='ltr'>Sed</span> <span class='ocrx_word' id='word_1_265' title='bbox 1257 1989 1312 2034; x_wconf 91' lang='lat' dir='ltr'>de</span> <span class='ocrx_word' id='word_1_266' title='bbox 1349 1990 1424 2035; x_wconf 91' lang='lat' dir='ltr'>illo</span> 
     </span>
     <span class='ocr_line' id='line_1_27' title="bbox 33 2059 1423 2120; baseline 0.001 -17"><span class='ocrx_word' id='word_1_267' title='bbox 33 2059 148 2104; x_wconf 91' lang='lat' dir='ltr'>dono</span> <span class='ocrx_word' id='word_1_268' title='bbox 170 2059 246 2103; x_wconf 90' lang='lat' dir='ltr'>Dei</span> <span class='ocrx_word' id='word_1_269' title='bbox 267 2060 299 2104; x_wconf 91' lang='lat' dir='ltr'>si</span> <span class='ocrx_word' id='word_1_270' title='bbox 322 2059 485 2120; x_wconf 87' lang='lat' dir='ltr'>aliquid</span> <span class='ocrx_word' id='word_1_271' title='bbox 507 2062 597 2120; x_wconf 88' lang='lat' dir='ltr'>jam</span> <span class='ocrx_word' id='word_1_272' title='bbox 617 2061 907 2118; x_wconf 89' lang='lat' dir='ltr'>gustavimus,</span> <span class='ocrx_word' id='word_1_273' title='bbox 934 2061 1183 2120; x_wconf 85' lang='lat' dir='ltr'>spiritaliter</span> <span class='ocrx_word' id='word_1_274' title='bbox 1205 2061 1285 2106; x_wconf 90' lang='lat' dir='ltr'>ista</span> <span class='ocrx_word' id='word_1_275' title='bbox 1309 2070 1423 2106; x_wconf 86' lang='lat' dir='ltr'>trac-</span> 
     </span>
     <span class='ocr_line' id='line_1_28' title="bbox 34 2139 189 2174; baseline 0.006 -1"><span class='ocrx_word' id='word_1_276' title='bbox 34 2139 189 2174; x_wconf 85' lang='lat' dir='ltr'>temus.</span> 
     </span>
     <span class='ocr_line' id='line_1_29' title="bbox 92 2199 1424 2260; baseline 0.002 -18"><span class='ocrx_word' id='word_1_277' title='bbox 92 2201 152 2243; x_wconf 89' lang='lat'>6⁰.</span> <span class='ocrx_word' id='word_1_278' title='bbox 188 2199 392 2259; x_wconf 89' lang='lat' dir='ltr'>Quinque</span> <span class='ocrx_word' id='word_1_279' title='bbox 414 2200 543 2255; x_wconf 89' lang='lat' dir='ltr'>viros,</span> <span class='ocrx_word' id='word_1_280' title='bbox 567 2201 763 2260; x_wconf 87' lang='lat' dir='ltr'>quinque</span> <span class='ocrx_word' id='word_1_281' title='bbox 784 2199 917 2244; x_wconf 85' lang='lat' dir='ltr'>libros</span> <span class='ocrx_word' id='word_1_282' title='bbox 940 2202 1015 2259; x_wconf 79' lang='lat' dir='ltr'>qui</span> <span class='ocrx_word' id='word_1_283' title='bbox 1038 2215 1114 2260; x_wconf 89' lang='lat' dir='ltr'>per</span> <span class='ocrx_word' id='word_1_284' title='bbox 1136 2204 1319 2258; x_wconf 87' lang='lat' dir='ltr'>Moysen</span> <span class='ocrx_word' id='word_1_285' title='bbox 1341 2203 1424 2245; x_wconf 91' lang='lat' dir='ltr'>mi-</span> 
     </span>
     <span class='ocr_line' id='line_1_30' title="bbox 0 2269 1420 2334; baseline 0.001 -21"><span class='ocrx_word' id='word_1_286' title='bbox 0 2276 1 2334; x_wconf 43' lang='grc' dir='ltr'>ᾗ</span> <span class='ocrx_word' id='word_1_287' title='bbox 33 2269 199 2314; x_wconf 88' lang='lat' dir='ltr'>nistrati</span> <span class='ocrx_word' id='word_1_288' title='bbox 222 2279 338 2325; x_wconf 90' lang='lat' dir='ltr'>sunt,</span> <span class='ocrx_word' id='word_1_289' title='bbox 360 2270 561 2315; x_wconf 88' lang='lat' dir='ltr'>nonnulli</span> <span class='ocrx_word' id='word_1_290' title='bbox 579 2271 812 2330; x_wconf 84' lang='lat' dir='ltr'>accipiunt.</span> <span class='ocrx_word' id='word_1_291' title='bbox 835 2272 964 2324; x_wconf 82' lang='lat' dir='ltr'>Quod</span> <span class='ocrx_word' id='word_1_292' title='bbox 988 2280 1133 2315; x_wconf 88' lang='lat' dir='ltr'>autem</span> <span class='ocrx_word' id='word_1_293' title='bbox 1153 2271 1318 2315; x_wconf 88' lang='lat' dir='ltr'>dictum</span> <span class='ocrx_word' id='word_1_294' title='bbox 1340 2281 1420 2325; x_wconf 89' lang='lat' dir='ltr'>est,</span> 
     </span>
     <span class='ocr_line' id='line_1_31' title="bbox 0 2336 1424 2402; baseline 0.003 -21"><span class='ocrx_word' id='word_1_295' title='bbox 0 2336 2 2402; x_wconf 60' lang='lat' dir='ltr'>l</span> <span class='ocrx_word' id='word_1_296' title='bbox 38 2342 131 2384; x_wconf 89' lang='lat' dir='ltr'>«Et</span> <span class='ocrx_word' id='word_1_297' title='bbox 153 2356 270 2385; x_wconf 88' lang='lat' dir='ltr'>nunc</span> <span class='ocrx_word' id='word_1_298' title='bbox 299 2355 430 2401; x_wconf 87' lang='lat' dir='ltr'>quem</span> <span class='ocrx_word' id='word_1_299' title='bbox 453 2342 602 2397; x_wconf 85' lang='lat' dir='ltr'>habes,</span> <span class='ocrx_word' id='word_1_300' title='bbox 629 2357 716 2386; x_wconf 92' lang='lat' dir='ltr'>non</span> <span class='ocrx_word' id='word_1_301' title='bbox 740 2350 803 2385; x_wconf 90' lang='lat' dir='ltr'>est</span> <span class='ocrx_word' id='word_1_302' title='bbox 833 2351 935 2386; x_wconf 87' lang='lat' dir='ltr'>tuus</span> <span class='ocrx_word' id='word_1_303' title='bbox 964 2342 1030 2386; x_wconf 91' lang='lat' dir='ltr'>vir</span> <span class='ocrx_word' id='word_1_304' title='bbox 1053 2343 1068 2366; x_wconf 73' lang='lat'>‘¹</span> <span class='ocrx_word' id='word_1_305' title='bbox 1096 2362 1107 2397; x_wconf 78' lang='lat'>3</span> <span class='ocrx_word' id='word_1_306' title='bbox 1134 2360 1153 2382; x_wconf 82' lang='lat'>»</span> <span class='ocrx_word' id='word_1_307' title='bbox 1181 2342 1236 2385; x_wconf 91' lang='lat' dir='ltr'>de</span> <span class='ocrx_word' id='word_1_308' title='bbox 1257 2357 1302 2385; x_wconf 91' lang='lat' dir='ltr'>se</span> <span class='ocrx_word' id='word_1_309' title='bbox 1330 2342 1424 2401; x_wconf 91' lang='lat' dir='ltr'>ipso</span> 
     </span>
     <span class='ocr_line' id='line_1_32' title="bbox 0 2403 1424 2472; baseline 0.003 -18"><span class='ocrx_word' id='word_1_310' title='bbox 0 2403 2 2472; x_wconf 73' lang='lat' dir='ltr'>l</span> <span class='ocrx_word' id='word_1_311' title='bbox 36 2412 266 2456; x_wconf 90' lang='lat' dir='ltr'>Dominum</span> <span class='ocrx_word' id='word_1_312' title='bbox 304 2412 458 2457; x_wconf 84' lang='lat' dir='ltr'>dixisse</span> <span class='ocrx_word' id='word_1_313' title='bbox 485 2413 766 2471; x_wconf 81' lang='lat' dir='ltr'>intelligunt,</span> <span class='ocrx_word' id='word_1_314' title='bbox 798 2424 847 2457; x_wconf 88' lang='lat' dir='ltr'>ut</span> <span class='ocrx_word' id='word_1_315' title='bbox 875 2413 955 2457; x_wconf 89' lang='lat' dir='ltr'>iste</span> <span class='ocrx_word' id='word_1_316' title='bbox 983 2414 1037 2457; x_wconf 87' lang='lat' dir='ltr'>sit</span> <span class='ocrx_word' id='word_1_317' title='bbox 1057 2428 1206 2457; x_wconf 87' lang='lat' dir='ltr'>sensus</span> <span class='ocrx_word' id='word_1_318' title='bbox 1239 2433 1247 2457; x_wconf 95' lang='lat'>:</span> <span class='ocrx_word' id='word_1_319' title='bbox 1278 2414 1424 2458; x_wconf 88' lang='lat' dir='ltr'>Primo</span> 
     </span>
    </p>
   </div>
   <div class='ocr_carea' id='block_1_3' title="bbox 0 2477 1422 2612">
    <p class='ocr_par' dir='ltr' id='par_1_3' title="bbox 0 2477 1422 2612">
     <span class='ocr_line' id='line_1_33' title="bbox 0 2477 1422 2559; baseline 0.001 -13"><span class='ocrx_word' id='word_1_320' title='bbox 0 2477 3 2556; x_wconf 76' lang='grc'>1</span> <span class='ocrx_word' id='word_1_321' title='bbox 83 2520 91 2536; x_wconf 91' lang='lat'><em>¹</em></span> <span class='ocrx_word' id='word_1_322' title='bbox 112 2516 199 2548; x_wconf 82' lang='lat' dir='ltr'>Joan.</span> <span class='ocrx_word' id='word_1_323' title='bbox 222 2526 281 2554; x_wconf 83' lang='lat' dir='ltr'>vn,</span> <span class='ocrx_word' id='word_1_324' title='bbox 302 2515 355 2558; x_wconf 80' lang='lat'>39.</span> <span class='ocrx_word' id='word_1_325' title='bbox 373 2523 435 2539; x_wconf 83' lang='lat'>—2</span> <span class='ocrx_word' id='word_1_326' title='bbox 456 2516 532 2549; x_wconf 84' lang='lat' dir='ltr'>Psal.</span> <span class='ocrx_word' id='word_1_327' title='bbox 561 2527 658 2555; x_wconf 77' lang='lat' dir='ltr'>van,</span> <span class='ocrx_word' id='word_1_328' title='bbox 680 2528 731 2557; x_wconf 77' lang='lat'>19,</span> <span class='ocrx_word' id='word_1_329' title='bbox 754 2521 786 2549; x_wconf 84' lang='lat' dir='ltr'>et</span> <span class='ocrx_word' id='word_1_330' title='bbox 804 2515 918 2559; x_wconf 75' lang='lat' dir='ltr'>Eplies.</span> <span class='ocrx_word' id='word_1_331' title='bbox 942 2527 986 2556; x_wconf 81' lang='lat' dir='ltr'>iv,</span> <span class='ocrx_word' id='word_1_332' title='bbox 1005 2516 1037 2548; x_wconf 88' lang='grc'>8.</span> <span class='ocrx_word' id='word_1_333' title='bbox 1065 2535 1094 2540; x_wconf 89' lang='lat'>-</span> <span class='ocrx_word' id='word_1_334' title='bbox 1113 2515 1125 2539; x_wconf 85' lang='lat'>3</span> <span class='ocrx_word' id='word_1_335' title='bbox 1144 2519 1238 2549; x_wconf 79' lang='lat' dir='ltr'>Joan.</span> <span class='ocrx_word' id='word_1_336' title='bbox 1263 2529 1309 2554; x_wconf 79' lang='lat' dir='ltr'>iv,</span> <span class='ocrx_word' id='word_1_337' title='bbox 1334 2528 1366 2549; x_wconf 79' lang='grc' dir='ltr'>ιι</span> <span class='ocrx_word' id='word_1_338' title='bbox 1392 2521 1422 2548; x_wconf 74' lang='lat' dir='ltr'>et</span> 
     </span>
     <span class='ocr_line' id='line_1_34' title="bbox 1 2567 382 2612; baseline 0.008 -14"><span class='ocrx_word' id='word_1_339' title='bbox 1 2567 3 2612; x_wconf 60' lang='grc' dir='ltr'>ᾖ</span> <span class='ocrx_word' id='word_1_340' title='bbox 37 2579 122 2612; x_wconf 80' lang='lat' dir='ltr'>seqq.</span> <span class='ocrx_word' id='word_1_341' title='bbox 139 2587 178 2594; x_wconf 91' lang='lat'><em>-</em></span> <span class='ocrx_word' id='word_1_342' title='bbox 192 2569 207 2599; x_wconf 80' lang='grc'>4</span> <span class='ocrx_word' id='word_1_343' title='bbox 225 2570 303 2603; x_wconf 71' lang='lat' dir='ltr'>ibid.</span> <span class='ocrx_word' id='word_1_344' title='bbox 331 2571 382 2604; x_wconf 87' lang='lat'>18.</span> 
     </span>
    </p>
   </div>
   <div class='ocr_carea' id='block_1_4' title="bbox 2 2647 4 2737">
    <p class='ocr_par' dir='ltr' id='par_1_4' title="bbox 2 2647 4 2737">
     <span class='ocr_line' id='line_1_35' title="bbox 2 2647 4 2737; baseline 0 -29"><span class='ocrx_word' id='word_1_345' title='bbox 2 2647 4 2737; x_wconf 58' lang='lat' dir='ltr'>l</span> 
     </span>
    </p>
   </div>
  </div>
 </body>
</html>
