1790 3187
334 189 418 229 262
755 199 788 227 s.
824 198 1053 228 Anaus‘nm
1085 200 1265 228 m‘rscorl

333 276 481 312 tamen
511 264 719 326 paulatim
747 273 797 310 ut
828 280 904 324 per
925 274 1097 309 aetatem
1119 266 1386 324 proficimus
1412 267 1583 326 Quippe
1613 267 1739 312 cum'

334 337 572 398 plurimum
595 337 709 380 inter
732 350 918 395 puerum
948 344 990 380 et
1008 337 1213 396 juvenem
1241 336 1387 390 distet,
1411 351 1540 381 nemo
1560 353 1582 381 a
1604 351 1714 396 pue-

334 409 430 454 ritia
445 407 640 468 quotidie
662 407 952 466 interrogatus
973 421 1017 451 se
1037 406 1272 467 aliquando
1290 408 1494 467 juvenem
1513 407 1644 453 dicet.

398 483 500 533 11.Q
512 480 598 523 uod
633 477 736 523 nolo
764 478 810 522 in
842 493 936 522 eam
964 488 1129 537 partem
1158 478 1355 537 accipias,
1390 487 1439 522 ut
1465 494 1543 523 nos
1576 479 1622 523 in
1648 479 1714 525 his

332 551 462 596 rebus
499 550 621 610 quasi
653 549 708 594 ad
740 550 975 609 quamdam
1013 550 1168 594 mentis
1198 550 1476 610 juventutem
1515 550 1714 595 firmioris

332 620 631 679 intelligentiae
672 619 829 664 robore
868 620 1111 679 pervenisse
1152 620 1380 664 existimes.
1428 620 1556 664 Pueri
1597 620 1714 666 enim

329 706 502 746 sumus,
524 691 598 735 sed
630 699 678 735 ut
711 690 797 735 dici
819 691 1000 746 assolet,
1036 690 1218 736 forsitan
1246 689 1373 746 belli,
1396 699 1439 735 et
1475 706 1565 735 non
1591 691 1708 736 mali.

329 765 438 808 Nam
456 761 716 822 plerumque
739 762 1011 821 perturbatos
1034 770 1077 806 et
1098 761 1361 806 sensibilium
1385 761 1610 821 plagarum
1632 778 1712 807 cu-

331 834 387 878 ris
412 834 594 878 refertos
626 834 781 878 mentis
800 833 949 879 oculos
973 833 1047 878 illa
1070 834 1150 878 tibi
1167 833 1387 878 notissima
1405 833 1646 878 ratiuncula
1668 835 1713 878 in

329 905 656 963 respirationem
685 904 815 959 levat,
843 914 1035 949 mentem
1061 914 1192 964 atque
1213 904 1545 963 intelligentiam
1579 905 1714 950 oculis

328 985 371 1021 et
391 977 473 1021 hoc
493 975 661 1034 vulgari
683 986 858 1036 aspectu
877 992 966 1021 esse
987 976 1209 1021 meliorem
1227 978 1373 1036 :quod
1396 992 1484 1021 non
1507 978 1565 1021 ita
1585 985 1710 1032 esset,
1768 1015 1772 1018 .

328 1047 408 1090 nisi
440 1048 572 1105 magis
601 1057 742 1092 essent
774 1047 845 1091 illa
880 1064 978 1107 quae
1006 1047 1314 1106 intelligimus,
1341 1064 1472 1108 quam
1506 1049 1585 1091 ista
1613 1063 1714 1108 quae

329 1117 562 1161 cernimus.
587 1118 669 1162 Cui
693 1118 1011 1162 ratiocinationi
1034 1129 1181 1162 utrum
1197 1117 1306 1161 nihil
1326 1118 1466 1161 valide
1487 1118 1712 1162 inimicum

329 1188 409 1243 sit,
441 1198 543 1247 peto
571 1203 742 1232 mecum
771 1188 1031 1232 consideres.
1059 1191 1150 1233 Hac
1171 1204 1252 1247 ego
1280 1189 1452 1232 interim
1483 1198 1713 1244 recreatus,

325 1273 426 1303 cum
446 1261 532 1301 Deo
553 1258 599 1301 in
621 1258 827 1302 auxilium
846 1258 1096 1318 deprecato,
1122 1268 1164 1303 et
1180 1260 1224 1302 in
1240 1259 1397 1318 ipsum,
1418 1268 1461 1303 et
1483 1259 1526 1302 in
1544 1274 1593 1303 ea
1615 1274 1712 1319 quae

326 1329 546 1375 verissime
566 1345 666 1374 vera
702 1338 803 1374 sunt
833 1329 974 1375 attolli
1006 1345 1182 1389 coepero
1203 1365 1214 1385 ,
1240 1339 1358 1373 tanta
1394 1345 1712 1390 nonnunquam

327 1415 472 1444 rerum
510 1400 780 1444 manentium
820 1400 1161 1459 praesumptione
1198 1399 1446 1459 compleor,
1492 1410 1542 1444 ut
1583 1400 1712 1444 mirer

329 1471 548 1515 interdum
576 1470 648 1514 illa
670 1471 774 1514 mihi
797 1487 906 1530 opus
928 1487 1018 1515 esse
1047 1471 1390 1525 ratiocinatione,
1419 1480 1467 1514 ut
1495 1471 1590 1515 haec
1623 1486 1712 1515 esse
1758 1494 1760 1505 ν

327 1542 525 1596 credant,
552 1558 650 1602 quae
669 1551 787 1585 tanta
810 1543 957 1586 insunt
980 1543 1221 1602 praesentia,
1243 1551 1405 1602 quanta
1428 1542 1508 1585 sibi
1529 1543 1712 1602 quisque

326 1613 379 1657 sit
399 1628 600 1672 praesens.
634 1611 795 1657 Recole
826 1621 874 1657 tu
900 1628 1106 1672 quoque:
1132 1628 1231 1656 nam
1266 1621 1310 1656 te
1338 1611 1476 1656 fateor
1503 1613 1631 1672 hujus
1650 1613 1710 1656 rei

325 1699 414 1728 esse
431 1682 768 1742 diligentiorem,
793 1699 847 1726 ne
871 1684 977 1742 quid
994 1682 1108 1726 forte
1123 1683 1314 1727 nesciens
1334 1683 1547 1742 rescriptis
1567 1683 1709 1728 adhuc

325 1754 524 1799 debeam.
551 1757 658 1799 Nam
688 1755 791 1798 mihi
815 1770 902 1798 non
926 1753 1027 1798 facit
1059 1753 1191 1798 fidem
1225 1763 1312 1798 tam
1338 1754 1575 1798 multorum
1599 1769 1708 1798 one-

327 1841 440 1879 rum,
469 1841 569 1884 quae
590 1824 827 1885 aliquando
850 1840 1195 1879 numeraveram,
1217 1834 1304 1869 tam
1328 1825 1552 1884 repentina
1575 1825 1710 1884 depo-

326 1895 458 1940 sitio:
499 1896 697 1956 quamvis
730 1905 772 1939 te
809 1896 1021 1955 accepisse
1046 1895 1208 1940 litteras
1232 1911 1346 1940 meas
1368 1911 1456 1941 non
1489 1896 1705 1951 dubitem,
1757 1903 1759 1939 i

325 1982 513 2027 quarum
529 1968 733 2026 rescripta
755 1983 844 2012 non
867 1968 1023 2011 habeo.
