1790 3187
576 284 772 314 Emszrom
804 286 912 314 xv11.
1353 271 1437 313 459

131 351 327 403 Qumsno
351 353 473 396 VIII.
499 378 553 386 --
590 369 610 395 «
648 353 690 397 Si
706 352 802 412 quis
824 352 983 398 vadens
1004 351 1059 396 ad
1075 350 1304 397 macellum
1326 360 1442 396 emat

71 436 260 478 carnem,
299 439 398 483 quae
429 423 874 469 nonsitJimmolatitia
892 459 903 480 ‚
947 434 991 469 et
1020 422 1300 483 cogitationes
1333 421 1441 467 duas

70 494 271 538 habuerit
293 494 338 538 in
357 494 507 550 corde,
535 495 655 554 quod
676 495 896 540 immolata
925 496 1000 551 sit,
1035 505 1077 540 ct
1100 511 1188 539 non
1208 494 1262 539 sit
1282 494 1440 538 immo-

69 563 171 620 lata,
199 574 242 609 et
270 564 386 610 illam
409 566 596 610 tenuerit
626 566 929 624 cogitationem
950 582 1037 627 qua
1063 581 1152 611 non
1172 563 1441 610 immolatam

69 636 291 696 cogitabit,
307 637 341 681 si
363 636 688 683 manducaverit
705 654 759 682 an
776 639 957 698 peccat?
981 655 1001 678 »

127 709 324 760 Qufflsno
357 709 434 751 IX.
459 735 514 742 -
545 727 560 749 «
592 709 635 753 Si
657 710 752 769 quis
774 709 933 753 bonam
956 723 1063 763 rem,
1087 707 1141 752 de
1162 723 1248 768 qua
1270 707 1442 752 dubitat

70 791 125 821 an
149 777 263 822 bona
287 787 362 822 aut
380 779 491 822 mala
513 779 581 834 sit,
601 780 635 824 si
656 778 784 824 faciat
802 789 958 839 putans
975 779 1151 834 bonam,
1175 794 1275 823 cum
1296 787 1439 822 tamen

70 858 262 908 putasset
283 858 326 894 et
351 849 526 906 malam,
551 852 584 895 si
605 861 831 911 peccatum
853 851 1091 896 ascribatur
1111 850 1180 894 ei?
1206 869 1225 892 »

126 922 324 974 QUAEsTm
346 923 400 965 X.
427 949 484 955 —
510 941 529 964 «
556 923 598 967 Si
617 924 710 982 quis
728 923 883 966 dixerit
903 922 1023 981 quod
1036 920 1358 965 immolatitium
1380 927 1444 963 est

68 992 296 1047 mentiens,
322 1002 363 1036 et
395 1002 540 1051 postca
566 993 719 1036 dixerit
741 993 915 1046 iterum,
939 992 1041 1051 quia
1063 991 1269 1035 mentitus
1303 999 1380 1045 est,
1401 999 1443 1034 et

67 1063 120 1108 ad
139 1062 268 1107 fidem
287 1079 387 1108 vere
409 1065 614 1108 mentitus
629 1074 706 1119 est,
731 1064 765 1108 si
782 1063 881 1108 licet
898 1064 1187 1109 Christianum
1205 1062 1306 1107 inde
1325 1078 1444 1106 man-

67 1133 243 1189 ducare,
271 1144 346 1179 aut
367 1134 571 1190 vendere,
591 1144 633 1179 et
648 1135 702 1179 de
717 1135 853 1194 pretio
869 1136 933 1178 uti
947 1151 997 1178 ex
1018 1150 1068 1178 eo
1081 1133 1198 1194 quod
1213 1133 1401 1178 audivit?
1423 1153 1440 1175 »

124 1207 321 1258 Qcmsoero
353 1208 430 1250 XI.
474 1234 527 1239 -—
569 1226 588 1248 «
631 1207 672 1251 Si
706 1206 974 1252 Christianus
1011 1206 1165 1266 aliquis
1195 1204 1438 1259 ambulans,

64 1290 210 1335 passus
232 1278 544 1332 necessitatem,
570 1278 707 1322 victus
730 1277 843 1322 fame
867 1279 994 1322 unius
1011 1277 1109 1331 diei,
1131 1276 1199 1322 vel
1218 1275 1357 1331 bidui,
1374 1275 1443 1319 vel

63 1348 302 1393 multorum
327 1348 513 1404 dierum,
538 1359 586 1393 ut
600 1350 688 1409 jam
701 1348 857 1394 durare
879 1365 968 1394 non
990 1349 1138 1408 possit,
1163 1349 1224 1392 ita
1243 1362 1443 1392 occurre-

63 1420 135 1474 rit,
154 1429 203 1463 ut
220 1420 370 1479 inipsa
391 1422 640 1465 necessitate
663 1420 803 1475 famis,
824 1422 867 1465 in
884 1437 969 1481 qua
991 1421 1070 1465 sibi
1095 1419 1307 1480 videtjam
1324 1435 1443 1464 mor-

64 1499 151 1535 tem
181 1491 444 1549 proximare,
470 1493 684 1536 invenerit
719 1493 864 1536 cibum
890 1493 936 1536 in
959 1490 1091 1535 idolio
1125 1492 1330 1550 positum,
1367 1491 1444 1534 ubi

62 1560 209 1605 nullus
226 1562 277 1605 sit
301 1562 528 1606 hominum
546 1598 556 1617 ,
583 1573 626 1606 et
646 1578 735 1606 non
757 1564 890 1622 possit
910 1563 1104 1606 invenire
1125 1561 1257 1605 alium
1274 1560 1440 1614 cibum,

62 1632 194 1676 debet
214 1633 323 1677 mori
342 1642 417 1676 aut
433 1632 589 1677 exinde
607 1633 742 1677 cibari
758 1634 806 1677 P»

120 1706 316 1756 QuAEsno
336 1707 440 1748 XII.
457 1731 512 1737 —-
526 1724 546 1746 «
566 1706 608 1750 Si
622 1705 889 1749 Christianus
911 1703 1055 1748 videat
1078 1718 1122 1747 se
1141 1719 1164 1747 a
1181 1702 1365 1746 barbaro
1375 1701 1444 1746 vel

62 1776 260 1818 Romano
278 1774 390 1818 velle
405 1775 588 1819 interfici
604 1810 614 1829 ,
640 1774 771 1819 debet
793 1790 864 1820 eos
886 1775 975 1835 ipse
992 1774 1260 1819 Christianus
1283 1773 1445 1817 interfi-

61 1859 173 1900 cere,
195 1861 247 1889 ne
269 1845 325 1890 ab
348 1845 430 1890 illis
451 1847 756 1891 interficiatur:
777 1846 845 1891 vel
860 1847 895 1891 si
914 1846 1016 1891 licet
1028 1847 1119 1890 sine
1140 1845 1443 1890 interfectione

0 1967 1 1970 Ἴ
61 1931 132 1961 eos
155 1917 362 1975 repellere
383 1917 453 1962 vel
469 1920 742 1978 impugnare,
764 1919 866 1979 quia
888 1918 1054 1963 dictum
1080 1927 1143 1963 est
1169 1938 1177 1963 :
1208 1937 1228 1960 «
1252 1920 1349 1963 Non
1374 1933 1443 1961 re·-

0 2022 2 2037 ‚
64 2007 84 2031 »
107 1989 254 2034 sistere
273 1988 443 2034 malo¹P
460 2008 480 2031 »

119 2063 316 2114 szsno
345 2063 456 2106 XIII
475 2088 529 2094 —
552 2081 572 2105 «
602 2063 644 2108 Si
666 2063 1118 2124 murum'possessioni
1139 2062 1270 2106 debet
1294 2062 1444 2107 Chris-

61 2132 204 2177 tianus
237 2132 378 2179 facere
412 2143 590 2194 propter
624 2135 811 2189 hostem,
836 2145 879 2179 et
901 2137 936 2179 si
965 2135 1038 2180 ille
1065 2134 1335 2179 Christianus
1369 2133 1445 2193 qui

60 2202 209 2249 fecerit
224 2220 415 2261 murum,
438 2221 564 2250 causa
580 2222 668 2251 non
696 2207 838 2251 existit
858 2206 1097 2261 homicidii,
1122 2220 1221 2250 cum
1244 2204 1346 2249 inde
1365 2204 1445 2248 ali-

0 2311 6 2319 .
59 2276 134 2335 qui
151 2278 361 2336 coeperint
374 2293 585 2337 pugnare,
610 2279 918 2323 et‘interficere
935 2279 1108 2323 hostes?
1129 2296 1149 2318 η

117 2349 314 2400 Ωωεετιο
332 2351 516 2393 XIV.--
534 2368 553 2391 «
578 2350 620 2394 Si
642 2349 744 2394 licet
758 2351 812 2394 de
826 2349 956 2408 *fonte
976 2350 1142 2404 bibere,
1155 2347 1224 2393 vel
1245 2346 1299 2391 de
1311 2356 1445 2407 puteo

59 2418 136 2462 ubi
167 2418 221 2464 de
242 2421 451 2465 sacrificio
473 2420 632 2481 aliquid
666 2423 842 2466 missum
877 2431 938 2465 est
957 2424 974 2463 ‘?
1006 2421 1049 2466 Si
1067 2421 1123 2464 de
1144 2429 1276 2479 puteo
1300 2419 1375 2480 qui
1397 2420 1444 2462 in

59 2489 224 2549 templo
243 2500 322 2545 est,
347 2501 390 2535 et
407 2492 626 2536 desertum
639 2492 803 2537 factum
826 2501 904 2545 est,
926 2492 1056 2535 debet
1077 2491 1349 2536 Christianus
1373 2490 1443 2533 bi-

56 2561 163 2606 “bere
184 2563 201 2605 P
226 2563 267 2607 Si
284 2563 327 2607 in
353 2564 517 2624 templo
538 2580 627 2624 quo
646 2564 803 2609 colitur
826 2564 1009 2617 idolum,
1037 2572 1193 2623 puteus
1216 2562 1276 2606 ibi
1298 2564 1352 2606 sit
1372 2560 1441 2605 vel

113 2653 121 2668 ¹
143 2648 261 2679 Matth.
282 2660 313 2690 v,
334 2650 386 2690 39.
