1790 3187
368 193 450 232 258
801 208 832 231 s.
871 204 1100 232 AUGUSTINI
1135 205 1314 232 Evlscom

363 270 407 312 in
429 269 542 313 lecto
564 270 669 313 situs
691 269 896 326 cogitavi,
922 277 1054 329 atque
1075 270 1149 313 has
1170 268 1365 330 loquelas
1387 268 1522 313 habui
1537 303 1548 323 ‚
1574 271 1752 326 Augus-v

364 340 480 383 tinus
496 340 585 398 ipse
601 354 698 383 cum
723 339 967 397 Augustino
989 359 997 384 :
1021 342 1174 384 Nonne
1190 354 1343 384 verum
1364 347 1428 382 est
1446 338 1565 399 quod
1589 339 1747 383 Nebri-

362 410 434 455 dio
461 409 628 469 placct‚
661 409 810 453 beatos
841 425 918 454 nos
951 411 1070 454 esse?
1102 425 1191 454 non
1224 410 1376 469 utique
1409 428 1418 454 :
1454 425 1555 453 nam
1592 409 1747 455 stultos

358 484 503 527 adhuc
524 496 636 534 esse,
665 496 744 525 nec
767 481 857 540 ipse
887 481 1019 525 audet
1049 495 1221 539 negare.
1251 478 1367 533 Quid
1395 480 1429 523 si
1451 480 1579 524 etiam
1602 479 1746 526 stultis

355 554 480 598 beata
509 554 595 597 vita
617 552 861 611 contingit?
882 552 1065 605 durum,
1095 550 1218 611 quasi
1248 565 1350 594 vero
1374 565 1503 609 parva
1521 585 1532 603 ‚
1570 549 1640 594 vel
1662 550 1745 595 alia
1768 549 1769 554 ’

357 624 446 668 ulla
477 623 643 667 miseria
666 623 720 667 sit
749 637 880 682 quam
902 623 991 682 ipsa
1020 621 1219 666 stultitia.
1247 620 1373 665 Unde
1395 636 1498 680 ergo
1519 620 1583 664 illi
1605 621 1746 664 visum

357 696 447 739 est?
462 710 516 738 an
534 695 653 739 lectis
670 693 752 738 illis
768 693 925 737 libellis
943 694 1070 737 etiam
1092 694 1326 753 sapientem
1347 708 1415 736 me
1432 709 1560 737 ausus
1577 702 1641 737 est
1658 707 1745 737 cre-

355 764 487 809 dere?
505 768 599 810 Non
622 780 758 824 usque
779 764 888 808 adeo
911 765 1136 808 temeraria
1155 773 1217 808 est
1237 763 1385 807 laeiitia
1403 764 1609 823 gestiens,
1631 778 1744 823 prae-

355 836 500 880 sertim
529 836 743 890 hominis,
774 837 896 894 cujus
925 835 1078 894 quanti
1107 834 1310 894 ponderis
1341 833 1630 878 consideratio
1661 836 1742 888 sit,

355 907 466 951 bene
483 908 696 951 novimus.
717 907 830 951 lllud
849 907 980 965 igitur
999 916 1084 964 est3
1110 907 1277 966 scripsit
1293 906 1411 966 quod
1433 906 1557 950 nobis
1576 906 1746 965 putavit

352 977 648 1022 dulcissimum
669 979 785 1032 f·ore
808 978 909 1037 quia
930 987 974 1022 et
993 978 1055 1022 illi
1077 977 1206 1022 dulce
1228 976 1394 1022 facturn
1417 986 1502 1032 est,
1527 976 1744 1037 quidquid
1784 959 1790 1096 Ι

350 1050 571 1107 posuimus
592 1050 636 1092 in
659 1048 741 1092 illis
762 1048 939 1103 litteris,
965 1058 1007 1092 et
1029 1048 1198 1107 scripsit
1229 1048 1444 1106 gaudens,
1472 1063 1551 1091 nec
1575 1049 1744 1092 curavit
1763 1066 1768 1098 5

350 1119 457 1177 quid
484 1118 846 1163 committendum
870 1119 1077 1177 gaudenti
1101 1118 1269 1163 calamo
1291 1128 1415 1161 esset.
1448 1117 1560 1171 Quid
1591 1119 1625 1161 si
1653 1117 1744 1164 So·
1762 1121 1790 1184 'i

352 1187 551 1246 ῖιῖοίμιία
593 1188 763 1247 legisset
783 1190 800 1229 ‘?
836 1187 1058 1232 loetaretur
1105 1187 1246 1232 multo
1298 1187 1590 1232 exundantius
1607 1222 1618 1243 ,
1662 1187 1766 1233 nec¹

351 1268 497 1303 tamen
519 1260 724 1318 reperiret
743 1258 840 1318 plus
862 1258 1028 1319 aliquid
1045 1294 1056 1314 ,
1084 1258 1206 1319 quod
1228 1274 1298 1303 me
1319 1258 1584 1318 appellaret,
1607 1274 1741 1319 quam
1788 1287 1790 1300 .

351 1330 540 1374 beatum.
573 1331 670 1375 Cito
697 1345 798 1388 ergo
833 1345 1053 1374 summum
1083 1345 1244 1374 nomen
1277 1330 1435 1374 effudit
1463 1330 1509 1374 in
1541 1345 1632 1386 me,
1660 1345 1740 1374 nec

346 1401 426 1445 sibi
449 1401 617 1461 aliquid
639 1400 894 1457 reservavit,
915 1399 1035 1462 quod
1051 1399 1105 1445 de
1121 1416 1191 1445 me
1210 1401 1353 1445 laetior
1371 1408 1597 1446 asseveret.
1630 1400 1740 1444 Vide
1759 1343 1764 1450 l

349 1470 498 1516 laetitia
517 1472 624 1532 quid
646 1471 788 1516 saciat.

405 1545 463 1586 II.
490 1543 574 1587 Sed
589 1542 666 1586 ubi
687 1552 750 1586 est
767 1542 847 1586 ista
870 1542 996 1586 beata
1014 1544 1134 1587 vita?
1156 1544 1233 1586 ubi
1254 1543 1272 1584 ’Ξ
1296 1543 1472 1587 ubinam
1496 1543 1570 1586 ΡΟ
1589 1543 1622 1586 si
1646 1542 1738 1601 ipsa

345 1622 480 1667 esset,
506 1612 733 1671 repelleret
764 1622 929 1657 atomos
957 1613 1150 1672 Epicuri.
1177 1614 1214 1657 Ο
1237 1613 1272 1657 si
1305 1615 1395 1672 ipsa
1433 1622 1574 1668 esset,
1612 1615 1738 1657 sciret

347 1683 457 1728 nihil
479 1683 682 1728 deorsum
699 1693 972 1743 esse‚praeter
988 1683 1223 1728 mundum.
1236 1686 1274 1728 Ο
1293 1685 1327 1728 si
1342 1685 1433 1743 ipsa
1451 1693 1576 1738 esset,
1597 1688 1761 1791 nosset!

347 1764 539 1799 extrema
560 1756 727 1815 spherae
749 1755 914 1799 tardius
933 1756 1062 1800 rotari
1085 1769 1220 1816 quam
1238 1755 1449 1811 medium,
1462 1754 1599 1800 etalia
1616 1755 1735 1799 simi-

346 1825 418 1881 lia,
451 1841 550 1886 quae
573 1825 766 1870 similiter
783 1826 998 1871 novimus.
1020 1828 1146 1871 Nunc
1165 1841 1273 1870 vero
1295 1824 1519 1886 quomodo
1535 1824 1603 1870 vel
1627 1840 1758 1885 qua-.

344 1896 585 1956 liscumque
607 1897 759 1941 beatus
785 1912 897 1953 sum,
923 1898 999 1957 qui
1026 1897 1173 1941 nescio
1192 1913 1271 1942 cur
1284 1906 1432 1942 tantus
1450 1897 1640 1941 mundus
1665 1897 1735 1951 sit,

346 1983 447 2012 cum
472 1968 657 2012 rationes
685 1967 923 2026 figurarum
955 1982 1033 2027 per
1064 1983 1173 2027 quas
1206 1978 1270 2012 est
1292 2003 1303 2023 ‚
1337 1968 1445 2012 nihil
1475 1968 1739 2027 prohibeant

347 2054 451 2093 esse,
470 2047 636 2099 quanto
652 2039 747 2098 quis
761 2038 963 2094 voluerit,
989 2038 1246 2098 ampliorem
1266 2042 1389 2084 PAut
1408 2038 1631 2099 quomodo
1649 2053 1738 2083 non

348 2110 453 2154 mihi
476 2109 708 2163 diceretur,
739 2110 827 2154 imo
849 2125 937 2154 non
966 2125 1226 2169 cogeremur
1246 2111 1446 2155 confiteri
1477 2125 1658 2170 corpora
1691 2110 1736 2154 in

347 2182 564 2226 infinitum
589 2182 739 2236 secari,
760 2190 809 2226 ut
831 2198 855 2225 a
876 2190 991 2226 certa
1008 2180 1130 2226 velut
1155 2183 1246 2226 basi
1268 2182 1313 2226 in
1333 2182 1622 2242 quantitatem
1639 2195 1736 2225 cer-

348 2262 434 2297 tam
458 2262 600 2297 certus
624 2253 982 2312 corpusculorum
1000 2267 1212 2297 numerus
1230 2254 1459 2312 surgeret?
1479 2255 1622 2305 Quare
1634 2265 1735 2296 cum

344 2340 500 2384 corpus
517 2325 688 2369 nullum
711 2340 801 2369 esse
823 2325 1052 2368 minimum
1077 2325 1266 2381 sinitur,
1291 2340 1379 2385 quo
1402 2334 1528 2384 pacto
1545 2324 1735 2368 sinamus

343 2411 433 2439 esse
455 2395 783 2455 amplissimum,
805 2411 893 2456 quo
910 2396 1102 2455 amplius.
1120 2412 1209 2441 esse
1227 2411 1315 2441 non
1335 2396 1467 2454 possit
1486 2414 1494 2440 :
1521 2394 1600 2439 nisi
1622 2394 1735 2438 forte

330 2466 456 2518 ,illud
491 2467 611 2527 quod
648 2468 806 2527 Alypio
846 2467 1089 2526 aliquande,
1127 2469 1212 2512 dixi
1252 2467 1538 2512 occultissime
1557 2501 1568 2520 ‚
1602 2465 1733 2510 habet

347 2554 543 2597 magnam
567 2540 651 2582 vim
679 2560 686 2583 ;
713 2549 761 2583 ut
784 2540 988 2598 quoniam
1015 2555 1232 2585 mumerus
1259 2538 1331 2583 ille
1362 2536 1644 2595 intelligibilis
1664 2538 1731 2580 in-
