1790 3187
311 215 394 255 498
737 226 769 250 s.
807 223 1035 251 Aucustrmi
1068 223 1246 250 El’Iscom

367 292 419 334 V.
450 291 554 334 Haec
575 288 707 346 igitur
732 287 955 332 innovatio
977 287 1078 332 vitae
1100 295 1260 331 nostrae
1283 294 1346 330 est
1367 286 1549 346 quidam
1572 295 1693 331 tran·-

305 361 412 405 situs
445 358 500 403 de
528 366 668 403 morte
689 357 745 401 ad
772 358 905 403 vitam
922 392 934 414 ,
959 358 1036 418 qui
1057 357 1198 418 primo
1219 358 1269 402 fit
1292 372 1370 416 per
1389 357 1523 401 fidem
1540 391 1551 412 ,
1576 365 1627 402 ut
1647 357 1695 402 in

305 446 380 491 spe
403 429 669 489 gaudeamus
690 463 701 484 ,
720 437 764 473 et
784 428 830 473 in
851 428 1132 474 tribulatione
1163 429 1375 488 patientes
1401 429 1533 473 simus
1551 463 1563 484 ,
1588 426 1696 472 dum

304 501 449 546 adhuc
471 501 655 546 exterior
677 509 824 544 noster
843 501 978 545 homo
999 500 1309 559 corrumpitur,
1331 498 1408 544 sed
1428 499 1606 544 interior
1623 514 1694 544 re-

302 581 489 617 novatur
504 571 559 615 de
579 571 650 615 die
667 570 713 614 in
727 569 859 615 diem.
880 574 1060 630 Propter
1077 571 1220 630 ipsum
1240 570 1413 615 initium
1430 585 1556 615 novae
1571 570 1694 625 vitae,

302 651 480 702 propter
489 655 653 686 novum
666 641 890 686 hominem
904 657 1034 702 quem
1044 641 1252 701 jubemur
1265 641 1465 696 induere,
1484 649 1528 685 et
1539 654 1696 685 exuere

301 715 544 772 veterem13
562 721 855 773 expurgantes
877 722 1001 758 vetus
1017 712 1283 758 fermentum
1298 748 1310 769 ,
1345 722 1395 758 ut
1422 712 1554 757 simus
1583 727 1696 757 nova

298 783 544 845 conspers10
557 818 568 839 ‚
588 784 795 844 quoniam
811 785 973 829 Pascha
991 793 1189 829 nostrum
1204 783 1454 829 immolatus
1469 792 1532 828 est
1545 782 1687 828 Chris·

300 866 371 902 tus
396 864 601 917 :propter
622 855 734 900 hanc
751 870 852 914 ergo
871 856 974 901 vitae
996 857 1259 910 novitatem,
1280 855 1445 915 primus
1466 854 1625 898 mensis
1650 853 1697 897 in

302 928 406 972 anni
432 927 655 971 mensibus
692 925 975 971 celebrationi
1010 927 1113 971 huic
1140 926 1376 971 attributus
1398 934 1477 970 est.
1508 927 1619 971 Nam
1654 932 1697 968 et

297 999 389 1057 ipse
411 997 572 1043 dicitur
592 1017 613 1042 (ι,
639 997 796 1041 mensis
814 1012 1027 1043 novorum
1044 999 1076 1040 ².
1105 1015 1125 1039 »
1147 998 1258 1050 Quia
1276 1013 1378 1042 vero
1400 997 1446 1040 in
1467 1005 1560 1040 toto
1588 1004 1697 1039 tem-

300 1084 406 1128 pore
429 1068 576 1112 saeculi
598 1084 717 1112 nunc
740 1068 917 1111 tertium
932 1077 1105 1126 tempus
1120 1068 1341 1127 apparuit,
1360 1066 1459 1111 ideo
1474 1081 1693 1111 resurrec-

299 1141 359 1185 tio
381 1139 557 1184 Domini
584 1138 787 1183 triduana
812 1147 889 1182 est.
925 1139 1120 1182 Primum
1153 1138 1270 1182 enim
1298 1147 1470 1197 tempus
1501 1147 1565 1181 est
1599 1146 1698 1181 ante

301 1213 463 1270 Legem
481 1244 492 1265 ,
511 1209 754 1254 secundum
773 1208 856 1252 sub
873 1211 1011 1267 Lege,
1031 1209 1206 1252 tertium
1226 1208 1306 1251 sub
1325 1208 1460 1267 gratia
1478 1243 1488 1263 ,
1514 1208 1591 1252 ubi
1608 1209 1698 1267 jam

303 1279 595 1325 manifestatio
622 1289 686 1324 est
726 1280 982 1324 sacramenti
1017 1279 1137 1339 prius
1176 1278 1336 1324 occulti
1365 1279 1410 1322 in
1442 1279 1699 1339 prophetico

301 1352 548 1411 aenigmate.
569 1354 663 1396 Hoc
679 1366 785 1410 ergo
808 1360 852 1395 et
870 1351 917 1395 in
933 1351 1075 1395 lunari
1090 1366 1274 1395 numero
1294 1350 1583 1409 significatur,
1599 1350 1700 1410 quia

303 1425 420 1467 enim
443 1423 711 1483 septenarius
728 1438 937 1467 numerus
959 1422 1124 1467 soletin
1141 1423 1374 1481 Scripturis
1386 1423 1441 1466 ad
1456 1421 1695 1482 qnamdam

304 1493 617 1553 perfectionem
639 1494 848 1551 mysticus
870 1509 1095 1553 apparere,
1114 1495 1239 1538 tertia
1272 1492 1548 1538 hebdomada
1578 1492 1696 1536 lunae

304 1566 469 1610 Pascha
497 1565 758 1620 celebratur,
785 1566 861 1625 qui
888 1565 978 1609 dies
1005 1565 1193 1610 occurrit
1221 1581 1245 1610 a
1274 1564 1625 1625 quarta-decima
1653 1563 1699 1607 in

302 1651 784 1694 vicefflmani-primam.

366 1709 444 1751 VI.
465 1710 542 1750 Est
560 1705 649 1750 illic
672 1714 714 1749 et
737 1704 856 1749 aliud
874 1714 1193 1750 sacramentum
1209 1740 1220 1761 ,
1245 1704 1365 1766 quod
1386 1706 1419 1750 si
1437 1705 1518 1749 tibi
1536 1705 1698 1749 obscu-

308 1792 405 1822 rum
429 1777 583 1832 fuerit,
609 1776 712 1836 quia
734 1776 779 1820 in
795 1775 954 1821 talibus
972 1776 1327 1836 inquisitionibus
1342 1776 1487 1820 minus
1503 1775 1701 1820 eruditus

309 1863 375 1904 es,
401 1863 491 1892 non
516 1847 782 1892 contristeris
807 1866 815 1891 :
843 1862 923 1891 nec
952 1846 1051 1891 ideo
1083 1863 1153 1892 me
1175 1856 1302 1907 putes
1324 1847 1573 1902 meliorem,
1599 1846 1701 1906 quia

312 1920 407 1964 haec
430 1919 475 1963 in
498 1919 650 1964 studiis
672 1918 913 1979 puerilibus
935 1918 1083 1964 didici.
1115 1939 1135 1962 «
1161 1921 1246 1973 Qui
1268 1919 1384 1964 enim
1406 1919 1630 1978 gloriatur,
1655 1918 1700 1961 in

314 2008 335 2032 »
361 2006 412 2035 eo
435 1991 659 2048 glorietur,
684 1991 850 2049 inquit,
876 1990 983 2034 scire
1016 1999 1060 2034 et
1089 1989 1353 2049 intelligere,
1388 1991 1594 2050 quoniam
1620 2003 1700 2048 ego

314 2079 335 2103 »
361 2077 457 2106 sum
476 2061 731 2106 Dominusss.
755 2059 1002 2106 »Nonnulli
1029 2076 1133 2120 ergo
1162 2060 1343 2105 studiosi
1367 2061 1519 2104 talium
1553 2074 1700 2104 rerum

310 2133 608 2193 quaesiverunt
621 2131 760 2176 multa
774 2132 830 2176 de
845 2132 1037 2176 numeris
1050 2140 1093 2176 et
1107 2131 1299 2176 motibus
1317 2130 1523 2176 siderum.
1550 2134 1607 2175 Et
1623 2129 1700 2189 qui

309 2205 513 2250 subtilius
535 2205 613 2250 ista
631 2205 810 2249 scrutati
832 2213 959 2259 sunt,
979 2203 1244 2249 incrementa
1263 2213 1306 2248 et
1328 2203 1604 2249 decrementa
1627 2202 1699 2247 lu-
1768 2257 1769 2264 ἵ

308 2275 430 2320 naria
456 2291 507 2320 ex
541 2276 821 2321 conversione
851 2274 971 2335 globi
1000 2276 1090 2336 ejus
1122 2276 1430 2336 conjecerunt,
1457 2291 1546 2320 non
1580 2273 1702 2335 quod
1768 2301 1769 2332 3

309 2346 477 2407 aliquid
494 2362 543 2391 su
551 2347 748 2392 bstantiae
764 2346 832 2391 vel
849 2346 1026 2392 accedat
1042 2347 1080 2390 ei
1098 2362 1199 2391 cum
1215 2355 1414 2405 augetur,
1431 2346 1499 2390 vel
1516 2345 1698 2390 decedat

307 2431 407 2460 eum
422 2418 651 2473 minuitur,
672 2416 793 2479 quod
809 2417 943 2462 delira
962 2417 1176 2477 imperitia
1199 2418 1429 2464 Manichaei
1450 2417 1696 2477 opinantes,

306 2487 460 2547 repleri
492 2504 586 2533 eam
615 2489 846 2545 dixerunt,
881 2488 993 2533 sicut
1026 2487 1218 2547 repletur
1248 2488 1393 2545 navis,
1432 2503 1485 2532 ex
1512 2486 1696 2547 fugitiva

362 2577 368 2592 ¹
405 2583 414 2604 ι
437 2574 509 2606 Cor.
533 2584 564 2616 v,
586 2584 616 2615 7.
633 2589 674 2596 -·
691 2579 704 2596 2
725 2573 827 2607 Exod.
854 2572 921 2616 xiii,
942 2573 994 2606 23.
1009 2589 1050 2597 —
1067 2570 1081 2596 3
1100 2575 1222 2608 Jerem·
1242 2584 1288 2615 ix,
1313 2580 1366 2615 24.
