1790 3187
352 250 401 287 12
781 260 813 286 s.
849 257 1077 286 AUGUSTINI
1109 259 1287 286 Emscopt

347 324 458 369 illius
480 325 663 368 hominis
678 360 688 378 ,
713 338 843 384 quem
861 324 936 368 Dei
957 324 1163 384 sapientia
1181 325 1383 384 suscepit,
1405 333 1542 372 morte
1563 339 1711 370 mons-

347 397 459 440 trari.
494 399 601 441 Sunt
634 405 777 441 autem
800 395 993 440 homines
1012 431 1023 451 ,
1059 397 1133 456 qui
1155 397 1348 456 quamvis
1368 405 1551 441 mortem
1575 397 1710 456 ipsam
1759 403 1762 406 “

345 483 431 512 non
457 468 635 512 timeant
660 503 670 521 ‚
696 482 829 526 genus
853 475 997 511 tamen
1018 466 1193 528 aliquod
1216 468 1346 526 ipsius
1367 468 1515 513 mortis
1543 467 1711 512 horres-

341 549 459 584 cunt.
473 539 760 584 Nihilominus
782 548 921 582 autem
938 573 949 593 ,
967 548 1017 583 ut
1038 539 1127 598 ipsa
1143 555 1255 583 mors
1274 538 1505 584 metuenda
1523 554 1612 583 non
1629 548 1707 594 est,

340 611 397 654 ita
428 609 599 653 nullum
638 624 771 668 genus
804 609 951 653 mortis
988 609 1098 653 bene
1133 619 1177 653 et
1208 619 1322 653 recte
1360 610 1519 655 viventi
1545 609 1711 656 homini

339 681 620 725 metuendum
666 690 741 724 est.
777 680 1066 725 Nihilominus
1104 681 1234 740 igitur
1271 682 1353 726 hoc
1389 697 1564 742 quoque
1597 679 1711 726 illius

338 753 522 797 hominis
555 767 681 796 cruce
710 752 1026 796 ostendendum
1060 753 1158 796 fuit.
1184 753 1299 798 Nihil
1333 753 1448 798 enirn
1479 763 1568 798 erat
1600 754 1713 798 inter

338 823 479 869 omnia
512 838 664 882 genera
697 824 844 868 mortis
865 822 940 868 illo
963 839 1117 883 genere
1138 823 1418 869 execrabilius
1443 833 1486 868 et
1508 824 1713 870 formido-

338 894 481 941 losius.

393 968 588 1020 QuAEswo
623 968 783 1012 XXVI.
808 994 861 1000 --
881 967 976 1011 Alia
999 976 1099 1011 sunt
1123 976 1296 1027 peccata
1319 966 1576 1011 infirmitatis
1593 1001 1603 1021 ,
1629 966 1709 1011 alia
1772 1003 1776 1020 ,

335 1039 558 1098 imperitiae
578 1075 588 1093 ‚
620 1039 700 1082 alia
727 1040 919 1084 malitiae.
955 1039 1185 1084 Infirmitas
1205 1040 1417 1084 contraria
1439 1047 1502 1082 est
1523 1038 1672 1082 virtuti
1695 1074 1706 1091 ,

335 1111 547 1169 imperitia
588 1112 803 1155 contraria
832 1121 895 1155 est
927 1112 1146 1170 sapientiae
1171 1147 1181 1165 ,
1215 1111 1377 1155 malitia
1414 1110 1627 1154 contraria
1649 1119 1711 1153 est

336 1183 532 1226 bonitati.
559 1183 762 1242 Quisquis
791 1183 922 1242 igitur
943 1183 1064 1227 novit
1086 1183 1191 1243 quid
1213 1183 1265 1226 sit
1285 1183 1419 1226 virtus
1437 1190 1479 1225 et
1502 1180 1710 1240 sapientia

335 1252 410 1295 Dei
425 1287 435 1307 ‚
451 1261 593 1310 potest
614 1253 854 1296 existimare
874 1270 972 1312 quae
993 1255 1078 1297 sint
1098 1263 1272 1312 peccata
1288 1253 1482 1296 venialia.
1509 1255 1564 1295 Et
1591 1253 1711 1312 quis-

334 1322 427 1380 quis
450 1323 570 1367 novit
595 1323 701 1382 quid
729 1323 783 1366 sit
807 1323 976 1367 bonitas
995 1324 1070 1366 Dei
1090 1358 1100 1377 ,
1127 1332 1269 1381 potest
1288 1323 1528 1366 existimare
1551 1323 1711 1381 quibus

334 1394 517 1452 peccatis
536 1402 649 1438 certa
673 1409 799 1452 poena
822 1393 1032 1437 debeatur
1055 1403 1097 1436 et
1119 1395 1188 1437 hic
1225 1404 1267 1437 et
1294 1395 1337 1437 in
1364 1393 1514 1437 futuro
1535 1392 1706 1437 saeculo.
1766 1404 1769 1415 ’

335 1464 501 1516 Quibus
518 1467 627 1508 bene
648 1466 851 1519 tractatis,
864 1463 1143 1523 probabiliter
1159 1463 1344 1523 judicari
1360 1472 1517 1522 potest,
1535 1465 1608 1522 qui
1622 1480 1710 1509 non

334 1536 417 1579 sint
433 1535 614 1594 cogendi
638 1535 691 1579 ad
713 1535 1016 1595 poenitentiam
1037 1535 1277 1578 luctuosam
1296 1543 1337 1577 et
1358 1534 1680 1578 lamentabilem
1695 1571 1706 1589 ,
1763 1578 1766 1587 ,

333 1608 528 1666 quamvis
545 1617 721 1666 peccata
746 1606 987 1663 fateantur3
1013 1616 1054 1650 et
1083 1606 1243 1666 quibus
1265 1605 1386 1650 nulla
1408 1606 1585 1650 omnino
1611 1621 1710 1666 spe-

335 1678 466 1721 randa
501 1678 553 1721 sit
584 1678 712 1733 salus,
742 1679 822 1722 nisi
853 1678 1105 1722 sacrificium
1140 1675 1377 1721 obtulerint
1400 1680 1489 1721 Deo
1514 1677 1707 1736 spiritum

334 1748 672 1792 contribulatum
697 1764 771 1806 per
786 1748 1101 1807 poenitentiam.

392 1822 584 1871 QUAEsTm
593 1821 778 1862 XXVII.
792 1846 847 1851 ——
858 1818 971 1862 Fieri
991 1827 1147 1877 potest,
1165 1827 1214 1861 ut
1226 1833 1301 1876 per
1315 1817 1475 1861 malum
1487 1818 1706 1862 hominem

332 1888 475 1933 divina
506 1888 774 1948 providentia
806 1898 849 1932 et
870 1889 1023 1947 puniat
1044 1899 1086 1933 et
1115 1889 1364 1948 opituletur.
1391 1891 1497 1933 Nam
1531 1887 1709 1934 Judaeo-

332 1975 428 2003 rum
452 1960 646 2019 impietas
674 1969 717 2002 et
741 1958 916 2002 Judaeos
934 1959 1246 2017 supplantavit,
1270 1970 1312 2003 ct
1341 1959 1553 2003 Gentibus
1581 1960 1708 2004 saluti
1756 1969 1757 1973 ’

332 2029 428 2074 fuit.
448 2034 555 2074 Item
580 2031 670 2073 fieri
695 2038 855 2088 potest,
874 2039 922 2072 ut
944 2028 1089 2073 divina
1110 2028 1380 2089 providentia
1395 2045 1470 2088 per
1485 2030 1706 2074 hominem
1754 2058 1756 2063 ·

334 2103 495 2145 bonum
519 2111 560 2145 et
582 2101 759 2145 damnet
787 2110 828 2143 et
851 2101 1053 2159 adjuvet,
1075 2102 1184 2145 sicut
1207 2101 1264 2144 ait
1281 2100 1512 2159 Apostolus
1531 2121 1540 2146 :
1566 2101 1706 2146 «Aliis

334 2191 354 2212 »
381 2189 526 2216 sumus
558 2173 665 2217 odor
686 2173 784 2216 vitae
808 2173 851 2215 in
879 2173 1011 2216 vitam
1032 2207 1042 2225 ,
1070 2171 1161 2215 aliis
1184 2181 1327 2215 autem
1357 2170 1464 2215 odor
1487 2173 1634 2216 mortis
1661 2173 1705 2217 in

332 2264 350 2285 η
378 2254 561 2288 mortem
580 2248 611 2288 ¹.
641 2263 660 2285 »
690 2243 772 2289 Sed
792 2259 890 2288 cum
914 2243 1052 2287 omnis
1077 2242 1296 2287 tribulatio
1310 2252 1384 2286 aut
1397 2258 1526 2302 poena
1546 2243 1705 2302 impio-

331 2331 422 2358 rum
447 2316 514 2369 sit,
540 2325 614 2359 aut
637 2315 881 2358 exercitatio
897 2315 1160 2373 justorum'23
1184 2315 1284 2373 quia
1306 2313 1457 2358 eadem
1480 2314 1639 2358 tribula
1660 2324 1703 2360 et

329 2385 470 2445 paleas
493 2386 696 2439 concidit,
725 2396 765 2429 et
790 2384 1004 2429 frumenta
1025 2385 1158 2444 paleis
1185 2386 1316 2440 exuit,
1334 2386 1448 2430 unde
1480 2386 1702 2430 tribulatio

331 2472 488 2500 nomen
513 2457 678 2515 accepit
699 2476 706 2500 :
738 2471 882 2499 rursus
910 2470 1009 2499 cum
1032 2471 1115 2514 pax
1131 2465 1173 2499 et
1198 2456 1318 2515 quies
1340 2472 1362 2499 a
1379 2455 1582 2500 molestiis
1598 2466 1702 2500 tem·
1746 2491 1748 2500 .

331 2527 546 2586 poralibus
576 2536 618 2570 et
640 2528 773 2570 bonos
799 2526 1006 2579 lucretur,
1032 2537 1074 2569 et
1097 2536 1344 2585 corrumpat
1367 2527 1501 2572 malos
1529 2548 1535 2571 ;
1558 2529 1698 2571 omnia

380 2619 387 2633 ¹
416 2620 434 2642 τ),
453 2612 523 2642 Cor.
546 2622 579 2651 n,
605 2609 656 2642 16.
674 2627 714 2633 --
730 2618 741 2633 ²
762 2611 837 2642 Vide
859 2610 914 2642 lib.
934 2621 953 2642 n
975 2610 1015 2641 de
1039 2612 1118 2642 Gen.
1139 2610 1176 2641 ad
1199 2611 1275 2642 [ΛΗ.
1291 2621 1362 2652 cap.
1382 2612 1413 2642 6.
