1790 3187
1771 0 1790 197 ---—.=

335 213 352 248 1
362 212 417 249 90
779 219 812 245 s.
850 217 1080 246 AUGUSTINI
1114 218 1291 245 m>1scom

332 286 580 345 gurantium
611 299 744 342 capax
776 283 928 335 fieret,
961 282 1015 325 ad
1049 281 1349 340 propheticam
1385 280 1707 323 divinationem.

391 358 451 399 20.
480 359 664 399 Tantum
681 362 824 396 autem
839 352 1093 396 distatinter
1109 350 1382 410 prophetiam
1398 350 1712 408 Prophetarum
1745 403 1748 406 ‚
1768 380 1771 427 ἰ

334 426 444 470 sicut
459 429 589 470 Isa'l'as
607 460 616 477 ,
638 425 748 467 sicut
770 422 997 477 Jeremias,
1023 432 1065 466 et
1081 422 1227 466 caeteri
1248 419 1496 480 hujusmodi
1515 419 1710 474 fuerunt,

334 506 465 555 atque
484 497 608 540 istam
632 494 918 538 transitoriam
939 509 1038 553 quae
1061 493 1106 536 in
1131 492 1232 538 Saiil
1253 492 1474 551 apparuit,
1501 499 1715 550 quantum

334 566 464 610 distat
491 567 603 609 inter
636 564 854 624 loquelam
886 564 1121 607 humanam
1138 598 1148 614 ,
1175 578 1273 606 cum
1306 562 1549 621 loquuntur
1576 561 1716 604 homi-

334 652 409 679 nes
430 671 440 689 ,
481 645 524 679 et
552 650 649 679 cum
680 634 829 678 eadem
860 633 1030 692 loquela
1057 641 1234 692 propter
1263 633 1544 675 necessarium
1573 631 1718 690 prodi-

336 706 455 764 gium
478 706 595 749 asina
613 705 759 748 locuta
779 712 864 756 est,
891 703 935 746 in
957 718 1044 762 qua
1067 702 1246 746 sedebat
1272 701 1440 745 Balaam
1462 701 1713 760 propheta¹.

335 775 514 834 Accepit
541 776 654 818 enim
680 775 764 818 hoc
797 773 851 817 ad
882 782 1052 831 tempus
1086 771 1197 816 illud
1222 773 1469 832 jumentum
1489 807 1499 826 ,
1530 780 1580 815 ut
1607 774 1718 816 Deus

336 845 455 904 quod
478 854 686 888 statuerat
704 845 1043 894 demonstraret,
1067 858 1156 886 non
1179 852 1228 885 ut
1251 842 1402 885 habitu
1422 850 1632 900 perpetuo
1650 841 1718 884 in-

337 924 401 958 ter
419 915 614 958 homines
632 915 764 957 bestia
788 914 1055 972 loqueretur.
1082 916 1170 956 Aut
1193 913 1223 954 si
1242 912 1324 955 hoc
1352 910 1597 969 exemplum
1624 926 1718 954 ma-

330 985 424 1043 jore
443 983 686 1028 differentia
711 992 924 1026 remotum
951 991 1014 1026 est
1037 1001 1044 1026 :
1072 982 1210 1026 multo
1235 983 1376 1025 minus
1395 980 1638 1024 mirandum
1657 989 1719 1025 est
1759 1001 1762 1005 Α

338 1053 501 1096 homini
539 1054 724 1112 reprobo
762 1051 907 1096 datam
950 1051 1079 1096 fuisse
1114 1052 1169 1094 ad
1207 1061 1476 1094 momentum
1518 1051 1720 1109 temporis

337 1123 496 1166 affeetu
519 1123 767 1166 transitorio
790 1122 1060 1181 prophetiam
1077 1156 1088 1175 ,
1118 1121 1295 1180 quando
1313 1120 1385 1164 ille
1414 1120 1618 1174 dederat,
1644 1119 1720 1178 qui

336 1202 379 1236 et
401 1193 560 1235 asinam
580 1207 680 1236 cum
697 1192 836 1236 voluit
853 1191 974 1249 loqui
993 1190 1110 1234 fecit.
1137 1191 1272 1248 Magis
1301 1190 1414 1234 enirn
1439 1189 1569 1233 distat
1589 1205 1720 1248 pecus

337 1263 391 1306 ab
415 1263 591 1306 homine
607 1298 617 1317 ,
644 1278 776 1322 quam
802 1263 934 1306 homo
966 1262 1174 1320 reprobus
1200 1261 1254 1304 ab
1277 1260 1421 1305 electis
1437 1296 1447 1315 ,
1475 1260 1550 1305 sed
1575 1270 1720 1305 tamen

339 1333 602 1376 hominibus.
622 1335 718 1378 Non
734 1331 848 1375 enim
867 1332 901 1375 si
916 1332 1147 1390 quisquam
1166 1331 1318 1374 dixerit
1346 1330 1508 1390 aliquid
1529 1329 1649 1390 quod
1665 1330 1719 1375 ad
1755 1325 1757 1338 '

337 1403 588 1462 sapientiam
619 1404 833 1462 pertinet,
871 1403 1080 1446 continuo
1111 1403 1278 1461 sapiens
1307 1402 1613 1446 existimandus
1639 1411 1714 1446 est.

341 1472 408 1517 Sic
427 1488 505 1517 nec
523 1473 750 1532 quisquam
769 1508 778 1526 ,
805 1473 836 1516 si
865 1472 1100 1531 aliquando
1127 1473 1469 1530 prophetaverit,
1490 1473 1580 1533 jam
1609 1472 1720 1516 inter
1752 1470 1756 1544 Ι

341 1544 569 1601 prophetas
592 1542 891 1586 numerabitur
913 1561 921 1586 :
943 1557 1041 1585 cum
1061 1551 1103 1585 et
1124 1542 1327 1586 Dominus
1346 1543 1391 1585 in
1408 1542 1644 1600 Evangelio
1660 1542 1721 1586 di-

338 1622 407 1656 cat
427 1612 637 1672 quosdam
654 1628 751 1656 cum
769 1612 926 1670 gaudio
940 1613 1123 1656 verbum
1142 1613 1338 1670 excipere
1356 1645 1366 1662 ‚
1383 1626 1426 1656 et
1448 1613 1601 1657 radicis
1622 1612 1719 1657 alti-

339 1684 534 1726 tudinem
551 1698 639 1726 non
657 1683 818 1726 habere
834 1718 843 1736 ,
865 1681 939 1726 sed
963 1698 1050 1726 esse
1071 1683 1371 1742 temp01-ales2.
1398 1683 1589 1743 Ideoque
1612 1684 1722 1728 sicut

337 1769 607 1812 consequens
624 1753 786 1797 indicat
808 1752 939 1797 lectio
957 1789 967 1807 ,
990 1753 1152 1798 factum
1182 1763 1246 1797 est
1268 1755 1312 1796 in
1334 1755 1585 1813 parabolam
1604 1789 1613 1808 ‚
1640 1773 1658 1796 «
1678 1754 1720 1800 Si

341 1841 361 1864 u
387 1833 429 1867 et
450 1823 550 1867 Saiil
571 1824 683 1866 inter
702 1824 972 1881 prophetas³.
999 1841 1018 1863 »
1041 1826 1131 1866 Hoc
1148 1823 1278 1880 igitur
1296 1825 1438 1867 mirari
1456 1824 1716 1880 desinamus,

338 1909 437 1937 cum
462 1893 505 1936 in
527 1892 774 1936 hominibus
797 1901 974 1951 apparet
995 1892 1203 1937 divinitus
1226 1893 1387 1953 aliquid
1407 1929 1417 1947 ,
1442 1910 1629 1953 quorum
1652 1894 1717 1939 vel

337 1963 540 2006 meritum
557 1961 625 2006 vel
648 1963 847 2006 habitum
871 1962 1059 2018 excedit,
1085 1979 1183 2007 cum
1204 1962 1315 2008 forte
1329 1956 1424 2008 vult
1445 1968 1557 2010 Deus
1577 1966 1717 2025 cujus-
1744 1982 1746 1991 ·

335 2033 434 2077 dam
457 2034 780 2091 significationis
804 2033 938 2091 gratia
968 2033 1052 2076 tale
1075 2033 1240 2093 aliquid
1268 2034 1569 2079 demonstrari.

395 2108 453 2147 3⁰.
494 2105 535 2148 Si
563 2113 708 2148 autem
743 2104 825 2147 hoc
859 2113 1024 2158 movet,
1051 2105 1170 2164 quod
1197 2114 1344 2164 postea
1370 2106 1472 2150 Saiil
1495 2106 1609 2152 malo
1630 2107 1715 2166 spi·
1742 2086 1745 2104 ;

335 2176 418 2218 ritu
445 2173 676 2218 invadente
708 2173 1050 2233 praefocabatur⁴³
1071 2210 1081 2228 ,
1124 2175 1199 2234 qui
1237 2177 1487 2235 prophaetiae
1521 2178 1716 2237 spiritum

335 2254 586 2303 acceperat3
612 2260 753 2303 neque
775 2245 857 2288 hoc
885 2245 1129 2288 mirandum
1160 2255 1236 2289 est.
1271 2245 1384 2290 Illud
1417 2248 1531 2291 enim
1558 2247 1715 2292 factum
1741 2255 1743 2258 “

335 2325 398 2358 est
427 2330 479 2357 ex
500 2315 818 2373 dispensatione
851 2313 1014 2374 aliquid
1043 2315 1338 2373 significandi,
1373 2317 1455 2361 hoc
1482 2333 1534 2361 cx
1564 2319 1715 2362 merito

334 2385 598 2429 vindicandi.
635 2388 723 2429 Nec
755 2400 928 2429 movere
957 2400 1034 2428 nos
1066 2385 1229 2430 debent
1260 2387 1351 2431 haec
1386 2388 1641 2433 alternantia
1670 2389 1714 2432 in

335 2455 479 2499 animo
502 2455 717 2509 humano,
745 2455 828 2499 hoc
857 2462 920 2499 est
944 2455 988 2498 in
1013 2465 1208 2499 creatura
1234 2457 1458 2515 mutabili3
1481 2459 1712 2518 praesertim
1736 2453 1739 2483 ¹
1786 2459 1790 2502 i

383 2546 393 2562 ¹
414 2541 507 2572 Num.
526 2549 605 2581 xxn,
624 2541 729 2572 28.—-
746 2545 759 2562 ²
777 2539 891 2572 Matth.
908 2551 978 2578 xiii,
1000 2549 1105 2572 2‹=.—
1121 2537 1134 2564 3
1163 2548 1174 2570 1
1195 2542 1276 2583 Reg.
1298 2552 1329 2581 x,
1352 2553 1402 2574 ιι.
1419 2541 1487 2572 -4
1507 2542 1552 2576 id.
1575 2555 1639 2581 xvi,
1664 2541 1708 2584 ¹4·
1734 2580 1737 2588 ¹
