1790 3187
359 211 413 250 96
794 220 826 249 S.
865 220 1091 249 AUGUSTINI
1127 221 1304 249 Emscopi

356 289 575 347 praecipue
601 306 609 332 :
635 307 653 329 «
675 289 759 332 Nos
785 295 928 330 autem
952 302 1039 331 non
1061 287 1258 346 spiritum
1283 287 1412 346 hujus
1437 286 1586 330 mundi
1612 302 1734 331 acce-

360 375 380 399 »
409 358 548 416 pimus
567 393 576 413 ‚
602 358 675 402 sed
698 357 896 416 spiritum
916 357 991 416 qui
1013 372 1063 400 ex
1088 359 1177 400 Deo
1200 365 1263 400 est
1282 391 1292 411 ,
1319 364 1368 400 ut
1390 357 1573 401 sciamus
1594 373 1692 416 quae
1714 374 1738 401 a
1763 407 1765 409 ,
1788 400 1789 405 ,

358 447 378 468 »
405 430 494 472 'Deo
517 429 676 472 donata
694 436 793 472 sunt
808 427 972 471 nobis1.
1000 446 1017 468 »
1044 429 1161 480 Quos
1186 442 1288 486 ergo
1308 427 1553 485 prohibuit,
1574 427 1654 488 nisi
1669 426 1737 470 lu·

359 507 448 543 teos
481 508 610 559 atque
639 507 830 543 terrenos
863 497 939 557 qui
974 497 1168 542 nondum
1202 497 1461 542 intrinsecus
1498 497 1737 556 regenerati

356 577 487 629 atque
510 569 660 613 nutriti
683 568 914 626 imaginem
937 567 1051 611 illius
1069 567 1254 612 hominis
1267 576 1463 626 portant,
1485 568 1561 627 qui
1576 568 1737 627 primus

356 640 496 684 factus
518 648 582 684 est
603 640 657 683 de
679 647 791 683 terra
810 640 1060 682 terrenus2P
1082 641 1139 682 Et
1162 637 1262 697 quia
1280 638 1318 696 ei
1340 655 1360 682 a
1383 654 1470 698 quo
1492 638 1631 683 factus
1651 647 1735 693 est,
1782 664 1784 674 ‹

357 709 498 754 noluit
520 710 844 770 obtemperare,
869 709 915 753 in
937 709 982 753 id
999 708 1144 768 lapsus
1161 717 1225 753 est
1246 709 1362 754 unde
1385 708 1524 754 factus
1541 718 1625 764 est,
1649 724 1738 753 me-

358 780 531 840 ruitque
562 790 659 840 post
691 789 918 840 peccatum
950 780 1100 824 audire
1119 816 1129 836 ,
1163 800 1181 821 «
1209 783 1336 825 Terra
1360 797 1426 836 es,
1451 790 1493 825 et
1516 782 1559 825 in
1582 790 1737 824 terram
1780 796 1783 810 ¹

359 868 379 891 »
405 851 527 895 ibis3.
557 869 577 893 »
606 850 782 896 Talibus
804 852 935 911 igitur
957 849 1205 895 hominibus
1227 850 1331 895 dicit
1353 851 1584 910 Apostolus
1611 871 1620 895 :
1657 869 1676 892 «
1702 851 1738 895 Ο

361 940 379 962 »
404 922 560 978 homo,
586 932 635 967 tu
657 923 752 982 quis
775 938 841 978 es,
874 923 949 982 qui
973 921 1231 982 respondeas
1256 923 1369 966 Deo?
1389 920 1614 982 Numquid
1637 922 1741 965 dicit

359 1011 379 1033 )›
407 993 666 1052 figmentum
699 994 739 1038 ei
772 995 847 1054 qui
882 1009 924 1037 se
958 993 1111 1036 finxit:
1146 995 1288 1046 Quare
1316 993 1372 1037 sic
1402 1008 1470 1036 me
1500 992 1694 1036 fecisti⁴?
1717 1009 1736 1032 ν)
1777 1012 1780 1022 ·

359 1064 560 1116 Quandiu
592 1079 692 1123 ergo
723 1066 978 1123 figmentum
1010 1080 1079 1119 es,
1116 1063 1312 1108 nondum
1344 1063 1560 1123 perfectus
1597 1061 1736 1116 filius‚

358 1135 458 1194 quia
493 1136 691 1180 nondum
727 1136 906 1180 hausisti
942 1135 1231 1195 plenissimam
1267 1135 1469 1194 gratiam,
1500 1150 1586 1194 qua
1617 1133 1740 1178 nobis

357 1205 456 1249 data
479 1215 542 1250 est
559 1215 747 1265 potestas
761 1206 872 1251 filios
890 1206 966 1250 Dei
984 1207 1101 1250 fieri⁵
1114 1242 1125 1261 ,
1146 1222 1234 1266 quo
1252 1206 1384 1266 possis
1407 1205 1579 1259 audire,
1609 1224 1628 1245 «
1646 1207 1737 1248 Jam

360 1293 379 1315 »
406 1290 495 1320 non
518 1275 657 1321 dicam
680 1292 756 1321 vos
779 1292 923 1321 servos
942 1312 952 1332 ‚
987 1276 1062 1320 sed
1096 1277 1282 1321 amicos6
1305 1296 1313 1320 ι
1339 1296 1359 1318 »
1387 1285 1436 1320 tu
1457 1276 1554 1336 quis
1576 1291 1641 1329 es,
1667 1273 1740 1334 qui

357 1347 617 1405 respondeas
639 1350 750 1402 Deo,
777 1356 820 1391 et
836 1347 939 1392 velis
957 1347 1033 1391 Dei
1051 1362 1175 1392 nosse
1190 1347 1445 1392 consilium?
1463 1346 1537 1406 qui
1555 1345 1586 1389 si
1604 1344 1742 1389 homi-

359 1417 423 1461 nis
446 1417 525 1461 tibi
547 1417 725 1477 aequalis
747 1433 871 1463 nosse
894 1418 1123 1472 voluisses,
1150 1419 1428 1478 impudenter
1451 1416 1610 1461 faceres
1626 1451 1636 1471 ,
1662 1414 1741 1459 nisi
1771 1407 1773 1418 Α

358 1487 475 1544 prius
494 1487 539 1531 in
561 1489 793 1532 amicitiam
813 1489 1075 1548 recipereris.
1099 1490 1218 1533 Sicut
1235 1504 1338 1548 ergo
1352 1487 1620 1547 portavimus
1640 1486 1741 1529 ima-

358 1557 500 1613 ginem
519 1558 701 1614 terreni,
729 1568 949 1617 portemus
968 1560 1256 1619 etimaginem
1279 1559 1464 1603 coelestis
1478 1561 1492 1583 ⁷
1508 1593 1518 1613 ,
1539 1565 1742 1601 exuentes
1768 1581 1770 1590 ι

358 1641 435 1671 nos
458 1637 646 1671 veterem
668 1629 891 1673 hominem
912 1638 955 1672 et
976 1630 1204 1674 induentes
1240 1630 1452 1683 novum⁸‚
1484 1637 1533 1672 ut
1558 1642 1645 1671 non
1675 1625 1741 1670 di-
1767 1635 1769 1654 1

358 1705 482 1741 eatur
513 1698 640 1742 nobis
673 1699 795 1758 quasi
823 1698 942 1744 luteo
970 1701 1203 1759 figmento,
1239 1719 1258 1742 «
1285 1698 1508 1759 Numquid
1537 1699 1641 1742 dicit
1661 1698 1741 1756 fig-

361 1786 380 1809 υ
407 1778 605 1813 mentum
627 1769 666 1813 ei
687 1771 761 1829 qui
780 1786 822 1814 se
846 1771 970 1814 finxit
994 1790 1002 1815 :
1029 1775 1167 1824 Quare
1185 1787 1253 1815 me
1274 1771 1333 1815 sic
1355 1770 1519 1815 fecisti?
1544 1788 1562 1810 n
1765 1763 1766 1768 ¹

419 1841 479 1882 30.
515 1842 572 1884 Et
593 1848 643 1884 ut
662 1841 941 1885 manifestum
962 1842 1039 1897 sit,
1065 1857 1154 1886 non
1176 1841 1446 1886 sanctificato
1463 1839 1650 1900 spiritui,
1670 1837 1740 1882 sed
1762 1877 1765 1903 Ξ
1788 1861 1790 1875 ι

360 1909 522 1952 carnali
538 1908 632 1954 luto
654 1910 732 1954 ista
752 1910 854 1966 dici,
875 1911 974 1955 vide
990 1911 1096 1970 quid
1114 1913 1310 1971 sequitur
1330 1931 1337 1956 :
1363 1930 1381 1953 «
1404 1914 1490 1955 Aut
1508 1925 1596 1954 non
1612 1908 1741 1952 habet
1762 1912 1764 1929 i
1788 1938 1790 1944 ·

364 1997 384 2020 >›
415 1988 670 2038 potestatem
699 1982 855 2039 figulus
887 1983 968 2026 luti
1003 1999 1051 2026 ex
1082 1984 1232 2027 eadem
1266 1983 1567 2041 conspersione
1602 1972 1762 2024 facerc³

364 2067 384 2089 »
411 2049 529 2094 aliud
547 2050 723 2109 quidem
744 2068 815 2095 vas
831 2053 871 2095 in
888 2053 1096 2097 honorem
1112 2089 1122 2108 ,
1144 2053 1260 2096 aliud
1276 2054 1318 2096 in
1337 2050 1645 2096 contumeliam
1662 2051 1703 2092 ⁰?
1719 2066 1736 2089 n
1760 2041 1762 2056 ⁸

362 2122 424 2163 Ex
446 2136 535 2179 quo
552 2136 652 2179 ergo
674 2122 717 2166 in
737 2123 936 2167 Paradiso
954 2133 1107 2168 natura
1124 2133 1265 2168 nostra
1285 2123 1500 2183 peccavit,
1525 2122 1577 2166 ab
1593 2120 1739 2164 eadem

362 2188 508 2234 divina
546 2191 838 2250 providentia,
879 2209 967 2237 non
997 2193 1234 2237 seeundum
1266 2193 1425 2238 eoelum
1444 2229 1454 2248 ,
1485 2193 1558 2236 sed
1587 2203 1759 2235 secun-1

363 2258 469 2302 dum
493 2269 649 2305 terram
667 2297 677 2317 ,
701 2261 744 2306 id
769 2273 829 2306 est
848 2298 858 2317 ,
884 2279 972 2307 non
995 2264 1234 2314 secundum
1253 2264 1473 2323 spiritum,
1494 2262 1568 2307 sed
1590 2262 1758 2304 secun-'

364 2327 480 2373 dum*
505 2346 675 2376 carnem
709 2332 880 2377 mortali
913 2334 1189 2392 generatione
1224 2334 1488 2388 formamur,
1527 2341 1570 2375 et
1597 2343 1741 2376 omnes

412 2452 423 2470 ¹
450 2459 460 2479 1
493 2453 564 2481 (jor.
597 2461 643 2488 n,
677 2460 788 2483 12.—
810 2458 822 2473 ²
852 2452 899 2484 Id.
932 2463 998 2491 xv,
1031 2450 1169 2492 hyn—3
1201 2454 1280 2484 Gen.
1314 2463 1364 2490 ιιι,
1404 2449 1540 2493 19.—-4
1567 2452 1657 2482 Rom.
1689 2457 1738 2487 ix,

366 2502 502 2533 20·--5
531 2506 621 2537 Joan.
643 2516 665 2544 1,
689 2515 739 2538 12.
756 2523 796 2530 ——
813 2505 828 2529 0
858 2507 904 2539 Id.
926 2518 982 2549 vx,
1007 2507 1139 2539 15.—7
1163 2518 1174 2539 ι
1205 2508 1277 2539 Cor.
1299 2518 1353 2548 xv,
1374 2505 1514 2549 49—ss
1545 2505 1662 2537 Coloss,
1694 2515 1753 2545 m„·

367 2564 484 2598 9.—-9
504 2560 594 2592 Rom.
622 2571 666 2598 ix,
693 2570 747 2594 Ἡ.
