1790 3187
264 237 317 264 DE
350 236 536 263 DIVERSIS
568 235 724 271 QUOEST.
765 236 816 261 AD
848 234 1105 262 SIMPLICIAN.
1145 236 1224 261 LtB.
1263 237 1292 261 Ι.
1392 223 1473 262 149

30 297 32 353 f
97 312 195 349 ante
229 300 565 361 prohibitionem
590 334 600 354 ,
627 313 833 357 apparere
854 300 1032 359 incipiat
1053 315 1130 359 per
1153 300 1473 360 praevaricatio—

30 361 32 373 ’
95 389 207 420 nem.
234 375 290 417 Et
312 372 393 416 hoc
424 390 444 413 «
482 385 611 429 supra
646 369 862 426 modum3
898 391 915 411 »
951 372 1052 430 quia
1079 372 1167 431 jam
1206 385 1295 415 non
1334 371 1475 416 solum

30 454 31 458 ’
93 453 316 507 peccatum
337 444 401 498 fit,
422 442 496 486 sed
520 442 648 485 etiam
672 450 823 486 contra
839 443 1112 486 mandatum.
1136 443 1340 502 Sequitur
1354 458 1473 501 ergo,

93 525 135 562 et
157 514 350 575 adjungit
371 533 379 558 :
408 532 429 556 «
463 512 546 558 Sed
565 522 787 572 peccatum
806 548 817 568 ,
842 522 892 557 ut
913 522 1118 573 appareat
1135 522 1378 573 peccatum,
1400 530 1477 573 per

28 590 31 635 ξ
95 587 289 631 »bonum
309 584 413 628 mihi
427 592 653 644 operatum
675 592 739 627 est
759 593 962 639 mortem,
979 593 1028 628 ut
1053 585 1127 629 fiat
1147 600 1276 643 supra
1294 584 1474 629 modum

96 666 324 717 »peccator
353 664 426 699 aut
449 664 673 714 peccatum
697 670 774 714 per
799 653 1053 699 mandatum
1078 658 1108 700 ¹.
1134 674 1152 697 »
1188 655 1314 700 Unde
1336 656 1476 700 mani-

91 729 215 774 festat
236 743 325 788 quo
347 742 474 771 sensu
497 727 650 771 dixerit
681 727 878 786 superius
906 746 914 771 :
945 746 964 769 «
993 727 1093 772 Sine
1114 726 1210 786 lege
1232 727 1346 772 enim
1369 743 1475 787 pec-

93 818 112 842 »
134 808 277 845 catum
313 806 535 842 mortuum
559 806 621 841 est
638 801 654 824 ²
680 819 691 855 3
726 816 745 839 >›
771 813 861 842 non
883 799 984 857 quia
1007 814 1096 842 non
1127 807 1245 854 erat,
1278 799 1351 842 sed
1375 799 1475 858 quia

89 885 178 915 non
218 869 455 929 apparebat
490 888 497 913 :
539 877 582 912 et
603 868 825 927 quomodo
863 867 1028 912 dictum
1064 869 1118 912 sit
1152 887 1160 912 :
1201 887 1221 909 «
1241 871 1474 912 Peccatum

93 962 111 983 »
136 941 287 985 revixit
307 961 317 998 3
339 959 358 981 η
382 955 469 984 non
488 948 536 984 ut
553 948 662 983 esset
683 938 804 998 quod
827 948 918 985 erat
948 947 990 983 et
1013 948 1113 983 ante
1132 938 1272 997 legem
1290 974 1300 994 ,
1326 938 1402 983 sed
1424 948 1473 983 ut

87 1020 311 1072 appareret
330 1046 341 1067 ,
367 1011 574 1072 quoniam
594 1010 727 1055 fiebat
748 1019 900 1055 contra
921 1011 1061 1070 legem
1081 1030 1090 1056 :
1114 1009 1474 1070 quandoquidem

86 1081 280 1128 hocloco
297 1082 355 1127 ait
377 1102 386 1128 :
412 1102 431 1125 «
459 1082 543 1127 Sed
560 1090 809 1141 peccatum,
834 1091 884 1126 ut
905 1090 1109 1141 appareat
1126 1090 1354 1141 peccatum
1368 1117 1378 1137 ,
1397 1097 1474 1141 per

87 1172 107 1196 »
129 1154 293 1198 bonum
308 1154 413 1198 mihi
427 1162 653 1213 operatum
671 1162 733 1197 est
753 1162 938 1197 mortem
958 1154 989 1196 3.
1020 1172 1039 1194 »
1064 1155 1162 1198 Non
1184 1153 1302 1197 enim
1324 1153 1398 1209 ait,
1423 1162 1473 1197 ut

85 1225 137 1270 sit
154 1233 379 1284 peccatum
401 1244 408 1270 z
435 1224 534 1277 sed,
564 1243 583 1266 «
609 1233 659 1268 ut
681 1233 917 1284 apppareat
939 1232 1181 1283 peccatum.
1211 1242 1231 1264 »

141 1301 201 1340 7⁰.
234 1297 398 1341 Deinde
421 1297 644 1356 subjungit
680 1311 853 1340 causam
874 1331 884 1350 ‚
918 1311 996 1340 cur
1024 1296 1084 1340 ita
1119 1296 1207 1340 sit:
1247 1314 1267 1338 «
1306 1296 1473 1340 Scimus

86 1386 106 1410 »
124 1368 238 1412 enim
252 1403 262 1422 ,
292 1368 434 1428 inquit
455 1403 465 1423 ,
487 1368 587 1427 quia
610 1367 677 1411 lex
698 1366 898 1427 spiritalis
917 1376 1001 1421 est,
1027 1382 1107 1426 ego
1126 1375 1271 1410 autem
1289 1367 1472 1412 carnalis

87 1458 107 1480 »
125 1440 265 1483 sum4.
283 1458 302 1480 »
327 1442 377 1482 In
401 1454 489 1498 quo
512 1439 611 1483 satis
633 1439 821 1483 ostendit
842 1474 852 1493 ,
885 1454 973 1482 non
996 1453 1119 1497 posse
1138 1437 1310 1497 impleri
1332 1438 1472 1497 legem

83 1509 162 1553 nisi
184 1527 206 1554 a
224 1508 502 1569 spiritalibus,
521 1509 597 1569 qui
614 1525 703 1553 non
725 1509 839 1553 fiunt
856 1509 939 1553 nisi
958 1524 1035 1568 per
1053 1509 1250 1568 gratiam.
1280 1510 1470 1568 spiritali

20 1633 23 1639 .
84 1580 197 1623 enim
220 1579 304 1638 legi
325 1589 490 1640 quanto
505 1580 554 1623 fit
568 1581 750 1640 quisque
764 1580 960 1635 similior,
979 1580 1023 1623 id
1047 1590 1125 1635 est,
1151 1590 1316 1640 quanto
1334 1583 1470 1639 magis

82 1650 228 1710 etipse
248 1651 293 1693 in
317 1650 549 1709 spiritalem
571 1650 706 1708 surgit
728 1651 958 1705 affectum,
981 1659 1101 1694 tanto
1125 1666 1219 1694 eam
1237 1652 1373 1711 magis
1387 1653 1470 1696 im·

83 1720 171 1781 plet
193 1743 204 1780 3
229 1723 330 1782 quia
352 1731 474 1766 tanto
508 1723 642 1780 magis
666 1737 715 1765 ea
745 1721 986 1766 delectatur
1005 1723 1119 1781 ,jam
1153 1738 1243 1767 non
1272 1724 1354 1767 sub
1378 1725 1470 1784 ejus

81 1809 210 1838 onere
233 1794 431 1848 afflictus,
457 1792 532 1838 sed
560 1795 650 1853 ejus
683 1794 848 1838 lumine
881 1803 1103 1852 vegetatus
1130 1814 1138 1839 ε
1169 1815 1188 1836 «
1217 1796 1328 1848 Quia
1351 1811 1467 1855 prae-

85 1883 103 1906 »
129 1873 304 1924 ceptum
340 1864 513 1908 Domini
542 1863 740 1908 lucidum
769 1874 832 1908 est
854 1863 1105 1908 illuminans
1128 1865 1277 1910 oculos
1297 1901 1308 1921 ,
1335 1876 1378 1911 et
1399 1867 1467 1911 lex

83 1953 103 1976 n
130 1935 303 1980 Domini
332 1934 607 1979 immaculata
631 1944 887 1979 convertens
917 1937 1082 1980 animas
1107 1939 1122 1961 ⁵
1149 1958 1160 1994 3
1188 1955 1207 1978 n
1239 1938 1373 1995 gratia
1394 1937 1469 1983 do-

17 2020 20 2055 :
81 2015 212 2050 nante
236 2015 411 2065 peccata
435 2041 445 2060 ,
471 2015 514 2049 et
536 2004 798 2049 infundente
827 2006 1028 2065 spiritum
1051 2007 1269 2051 charitatis
1288 2043 1298 2063 ,
1319 2024 1408 2068 quo
1426 2017 1469 2053 et

17 2112 19 2134 a
80 2092 168 2120 non
191 2078 243 2120 sit
262 2076 442 2121 molesta
463 2112 473 2131 ,
499 2085 542 2120 et
563 2078 616 2120 sit
639 2077 766 2121 etiam
786 2077 983 2137 jucunda
1009 2078 1192 2137 justitia.
1223 2081 1333 2123 Sane
1365 2095 1466 2124 cum

16 2140 19 2153 ⁴
80 2147 251 2192 dixisset
286 2167 294 2192 :
325 2150 461 2206 «Ego
483 2156 629 2191 autem
660 2148 842 2192 carnalis
865 2164 959 2192 sum
990 2169 998 2194 :
1039 2168 1058 2191 >›
1087 2151 1309 2194 contexuit
1337 2151 1466 2195 etiam

79 2218 215 2279 qualis
237 2218 430 2263 carnalis.
457 2218 674 2278 Appellati
692 2230 793 2264 sunt
812 2220 927 2264 enim
952 2221 1006 2264 ad
1028 2221 1261 2280 quemdam
1284 2221 1466 2267 modum

80 2289 270 2335 carnales
296 2325 307 2346 ,
328 2291 418 2350 jam
451 2292 578 2334 etiam
601 2291 683 2335 sub
713 2292 849 2351 glatia
871 2292 1112 2347 constituti,
1135 2294 1225 2353 jam
1250 2294 1466 2354 redempti

81 2362 288 2432 sanguine
308 2362 504 2417 Domini,
524 2371 566 2406 et
587 2363 725 2408 renati
740 2379 816 2423 per
833 2363 982 2419 fidem,
1009 2364 1170 2424 quibus
1185 2364 1301 2409 idem
1324 2368 1464 2426 Apos-

82 2420 192 2477 tolus
214 2433 347 2479 dicit:
373 2451 393 2475 «
413 2435 469 2477 Et
491 2447 585 2492 ego,
610 2434 779 2490 f,ratres
803 2450 892 2479 non
914 2436 1038 2494 potui
1060 2435 1181 2495 loqui
1199 2436 1321 2482 vobis
1344 2439 1465 2497 quasi

128 2537 253 2568 ¹11.om
274 2537 412 2578 vu,13
432 2554 471 2560 -
484 2536 594 2569 211›-.i1
614 2537 644 2570 8.
662 2555 703 2560 —
722 2536 842 2571 ³1bid.
862 2549 894 2580 9.
911 2537 979 2569 -4
1007 2540 1098 2572 Rom
1129 2538 1462 2580 v11,15,—'sPal.

80 2591 216 2631 xvnl,8.
