1790 3187
321 240 375 265 DE
410 241 599 266 mvERSis
633 241 789 276 QUAEST.
828 243 975 269 ocios.
1013 242 1175 268 Turnus.
1392 233 1445 269 85

66 327 83 349 υ
109 307 221 351 enim
241 305 359 365 quod
379 304 499 359 volo,
525 304 638 350 facio
664 307 825 350 bonum
848 329 858 364 3
884 307 957 350 sed
980 307 1099 367 quod
1126 305 1228 350 nolo
1250 306 1412 350 malum
1433 343 1443 361 ,

64 397 84 420 »
109 378 190 421 hoc
212 391 306 435 ago.
336 375 378 420 Si
400 384 545 419 autem
568 376 687 435 quod
711 375 836 430 nolo,
866 379 947 422 hoc
974 376 1111 431 facio,
1137 377 1228 435 jam
1251 391 1340 420 non
1367 392 1448 435 ego

63 468 84 491 n
109 463 263 507 operor
280 445 412 501 illud,
439 447 514 491 sed
539 446 582 490 id
606 446 726 507 quod
752 447 920 492 habitat
948 448 992 491 in
1016 462 1085 491 me
1103 456 1347 506 peccatum.
1374 450 1445 491 In-

62 537 83 560 »
109 519 234 563 venio
254 532 356 575 ergo
377 519 515 577 legem
537 518 644 561 mihi
665 516 828 562 volenti
852 517 993 562 facere
1017 518 1183 563 bonum
1205 553 1215 572 ,
1240 518 1448 578 quoniam

63 609 83 631 »
110 588 271 633 malum
293 589 399 632 mihi
422 587 606 648 adjacet.
633 587 925 633 Condelector
947 589 1062 632 enim
1083 587 1169 646 legi
1192 589 1269 632 Dei
1292 603 1451 633 secun-

63 678 83 703 »
108 659 213 703 dum
236 659 482 703 interiorem
506 658 744 702 hominem.
768 658 907 703 Video
930 668 1077 702 autem
1098 658 1227 702 aliam
1249 658 1388 717 legem
1407 658 1453 702 in

65 749 84 772 »
110 730 314 774 membris
342 729 447 773 meis
478 737 794 788 repugnantem
827 728 913 788 legi
946 729 1130 781 mentis,
1156 738 1199 773 et
1227 730 1454 789 captivan-

65 819 84 842 η
110 809 198 845 tem
225 814 293 843 me
314 801 359 843 in
381 799 476 858 lege
497 800 689 859 peccati,
719 815 818 859 quae
850 808 914 843 est
934 800 980 842 in
1009 799 1214 843 membris
1239 800 1345 843 meis
1363 802 1395 842 1.
1430 818 1449 839 »

64 874 159 915 Huc
182 886 319 931 usque
345 878 446 915 sunt
472 870 603 914 verba
632 871 818 915 hominis
841 870 923 914 sub
946 869 1043 928 lege
1065 870 1314 925 constituti,
1339 884 1456 914 non-

62 941 166 986 dum
184 943 266 986 sub
284 942 441 1000 gratia3
467 942 542 1001 qui
560 942 727 986 etiamsi
750 941 861 986 nolit
878 955 1059 1000 peccare
1073 975 1083 995 ,
1107 941 1294 984 vincitur
1317 957 1340 984 a
1358 955 1456 1000 pec-

62 1022 173 1057 cato.
200 1011 387 1056 Invaluit
411 1012 526 1056 enim
552 1011 825 1057 consuetudo
856 1010 1040 1056 carnalis
1072 1019 1115 1054 et
1134 1009 1334 1055 naturale
1355 1011 1456 1054 vin-

62 1084 210 1129 culum
246 1084 519 1129 mortalitatis
541 1120 551 1139 ‚
596 1100 685 1145 quo
728 1084 782 1128 de
825 1083 966 1128 Adam
1016 1082 1245 1142 propagati
1289 1097 1454 1126 sumus.

66 1155 271 1214 Imploret
304 1170 406 1214 ergo
435 1155 664 1209 auxilium,
696 1156 772 1214 qui
802 1155 862 1199 sic
895 1155 1061 1213 positus
1089 1162 1177 1208 est,
1214 1162 1258 1197 et
1285 1152 1459 1197 noverit

63 1241 190 1270 suum
208 1225 339 1270 fuisse
354 1226 472 1285 quod
496 1226 674 1281 cecidit,
696 1241 784 1270 non
800 1239 928 1269 suum
945 1239 1034 1268 esse
1050 1223 1170 1283 quod
1191 1224 1342 1282 surgit.
1360 1225 1385 1266 J
1389 1238 1459 1267 am

65 1298 178 1340 enim
213 1296 417 1340 liberatus
451 1311 685 1355 agnoscens
718 1297 899 1354 gratiam
930 1295 1174 1339 liberatoris
1210 1294 1275 1337 sui
1310 1292 1416 1337 dicit
1447 1313 1456 1337 ε

69 1386 88 1408 «
114 1367 242 1411 Miser
264 1382 342 1424 ego
374 1368 527 1422 homo,
554 1368 649 1427 quis
682 1382 751 1410 me
778 1365 982 1409 liberabit
1009 1365 1064 1408 de
1093 1378 1276 1423 corpore
1308 1363 1461 1407 mortis

69 1458 87 1479 »
114 1439 268 1497 hujus?
292 1439 437 1482 Gratia
467 1439 544 1482 Dei
567 1454 643 1498 per
671 1440 820 1482 Jesum
848 1437 1072 1482 Christum
1096 1435 1335 1480 Dominum
1360 1449 1461 1479 nos-

70 1527 89 1549 »
116 1518 229 1552 trum
249 1509 280 1552 ².
311 1526 330 1549 »

125 1581 185 1622 6⁰.
224 1581 278 1623 Et
314 1579 527 1637 incipiunt
559 1580 649 1639 jam
686 1579 820 1623 verba
853 1578 939 1622 diei
980 1577 1167 1621 hominis
1206 1577 1289 1620 sub
1324 1577 1462 1636 gratia

66 1651 311 1704 constituti,
331 1651 375 1694 in
391 1651 561 1694 actione
578 1666 710 1710 quam
736 1650 902 1694 tertiam
922 1648 1340 1702 demonstravimus,
1361 1663 1462 1708 quae

67 1723 198 1765 habet
221 1720 399 1781 quidem
430 1720 717 1765 reluctantem
747 1721 1056 1765 mortalitatem
1080 1719 1244 1774 carnis,
1266 1718 1343 1762 sed
1372 1733 1462 1763 non

67 1793 311 1836 vincentem
332 1801 462 1851 atque
487 1792 779 1851 captivantem
803 1790 858 1835 ad
881 1789 1209 1835 consensionem
1231 1788 1459 1848 peccandi.

72 1863 139 1906 Sic
162 1862 276 1905 enim
300 1861 405 1906 dicit
429 1881 437 1906 z
474 1881 493 1903 «
522 1862 662 1920 Igitur
684 1862 775 1920 ipse
810 1877 890 1920 ego
917 1870 1064 1905 mente
1085 1861 1225 1904 servio
1248 1859 1331 1917 legi
1360 1859 1461 1914 Dei,

73 1952 91 1973 »
118 1948 246 1977 carne
271 1941 417 1976 autem
446 1932 531 1991 legi
561 1933 739 1991 peccati.
770 1932 899 1978 Nulla
924 1947 1027 1990 ergo
1056 1930 1366 1976 condemnatio
1400 1939 1464 1974 est

73 2022 92 2045 »
117 2020 235 2049 nunc
258 2005 323 2047 his
348 2004 423 2063 qui
454 2004 623 2048 suntin
653 2004 826 2049 Christo
860 2006 978 2048 Jesu.
1014 2006 1104 2047 Lex
1139 2002 1256 2046 enim
1287 2001 1465 2061 spiritus

74 2093 94 2116 >ι
118 2077 220 2119 vitae
241 2076 286 2118 in
304 2075 476 2119 Christo
495 2077 596 2118 Jesu
620 2074 820 2119 liberavit
838 2089 907 2119 me
923 2090 944 2118 a
970 2074 1066 2132 lege
1098 2074 1264 2133 peccati
1287 2081 1330 2116 et
1347 2087 1465 2117 mor—

77 2163 94 2185 »
120 2145 187 2188 tis.
215 2144 344 2198 Quod
361 2145 476 2188 enim
500 2144 764 2203 impossibile
783 2154 874 2188 erat
894 2144 974 2202 legi
994 2179 1004 2198 ‚
1030 2144 1075 2188 in
1097 2159 1186 2203 quo
1207 2143 1463 2186 infirmaba-

77 2234 96 2257 »
123 2225 192 2259 tur
210 2231 286 2274 per
308 2218 527 2274 carnemQ,
552 2234 572 2256 »
598 2215 642 2259 id
671 2225 756 2271 est,
781 2230 859 2274 per
881 2213 1092 2258 desideria
1113 2213 1302 2257 carnalia
1331 2232 1340 2257 ι
1365 2213 1466 2257 ideo

74 2286 188 2329 enim
212 2301 299 2330 non
320 2285 682 2345 implebaturlex,
700 2284 1135 2346 quiaipsiusjustitiae
1150 2283 1350 2327 nondum
1373 2293 1465 2327 erat

73 2356 270 2410 charitas,
289 2371 387 2416 quae
402 2356 606 2400 interiore
620 2355 909 2400 delectatione
927 2363 1095 2399 teneret
1108 2363 1318 2408 mentem,
1335 2368 1390 2397 ne
1409 2353 1463 2397 ad

75 2435 300 2485 peccatum
310 2426 599 2470 delectatione
608 2441 751 2470 rerum
763 2425 1068 2485 temporalium
1078 2426 1465 2482 traheretur.Ergo

79 2496 376 2541 infirmabatur
393 2496 461 2540 lex
476 2511 551 2555 per
573 2512 772 2553 carnem,
799 2497 843 2541 id
873 2506 951 2551 est,
978 2511 1066 2541 non
1090 2496 1306 2540 efficiebat
1325 2497 1464 2554 justos

128 2587 136 2604 ¹
165 2584 253 2614 Rom.
276 2593 335 2623 vn,
359 2593 397 2624 ¹9
418 2587 449 2614 et
466 2592 555 2625 seqq.
572 2600 612 2607 -υ-
630 2590 642 2606 ²
659 2582 740 2616 lbid.
763 2583 795 2624 4.
812 2599 851 2606 ‹—
869 2580 881 2606 3
900 2582 981 2615 Ibid.
1007 2582 1058 2621 15,
1078 2586 1111 2614 et
1132 2592 1201 2623 viu,
1222 2591 1234 2615 ι
1257 2585 1289 2614 et
1307 2591 1397 2622 seqq„
