1790 3187
339 198 421 236 382
777 204 810 232 s.
845 203 1076 234 Avevsnm
1108 206 1289 235 2121500121
1314 216 1329 223 -

337 281 512 327 nostrae,
532 272 578 315 in
592 272 714 331 eujus
735 270 878 315 medio
896 270 1036 316 fundo
1057 272 1199 316 stabat
1225 290 1234 316 :
1259 271 1417 331 quibus
1433 272 1612 316 vocibus
1633 288 1714 318 au-

336 343 451 398 ditis,
485 358 575 388 non
612 342 752 386 solum
789 356 859 385 me
890 342 1033 401 ipsum
1061 342 1182 387 alite
1213 341 1441 396 refrenavi,
1472 344 1547 386 sed
1584 344 1713 388 etiam

336 413 677 467 multitudinem,
695 428 794 472 quae
811 427 880 456 me
897 413 1202 468 comitabatur,
1218 414 1478 472 compescui.
1492 417 1546 457 Et
1567 423 1714 460 tamen

335 485 370 528 si
389 484 789 539 dicam,Quaeratur
811 484 884 542 qui
908 484 992 528 sint
1010 484 1078 528 vel
1095 484 1259 528 fuerint
1276 484 1502 528 traditores
1523 484 1591 529 vel
1614 501 1714 543 per-

336 566 582 600 secutores:
608 554 894 614 respondetur
918 555 1041 610 mihi,
1073 556 1301 614 Disputare
1328 555 1547 610 nolumus,
1581 565 1624 600 et
1643 571 1714 600 re·-

335 627 553 685 baptizare
565 626 780 671 volumus.
792 629 877 672 Nos
896 642 995 671 oves
1012 636 1172 672 vestras
1185 626 1487 670 insidiantibus
1502 627 1715 671 morsibus

333 695 539 756 luporum
566 712 683 741 more
705 696 1032 756 depraedemur3
1051 713 1141 751 vos,
1183 697 1217 740 si
1247 698 1353 741 boni
1374 706 1562 756 pastores
1595 697 1712 752 estis,

334 776 486 812 tacete.
514 769 631 821 Quid
654 769 769 812 enim
797 768 917 812 aliud
951 767 1173 814 mandavit
1202 768 1526 821 Proculeianus,
1551 768 1585 812 si
1614 782 1714 812 vere

332 837 422 896 ipse
456 838 679 883 mandavit
704 857 712 883 :
742 839 782 884 Si
802 839 1072 883 Christianus
1094 855 1153 894 es,
1179 854 1298 883 serva
1320 839 1404 883 hoc
1430 839 1595 898 judicio
1618 839 1711 894 Dei,

332 909 413 952 nisi
430 924 508 953 nos
529 909 754 964 faciamus,
769 918 818 953 tu
835 919 942 954 tace.
964 913 1104 955 Ausus
1127 919 1190 954 est
1210 910 1340 954 etiam
1353 909 1466 952 idem
1491 909 1716 969 presbyter

333 978 500 1024 homini
517 980 732 1026 rusticano
749 980 1004 1026 conductori
1026 980 1150 1025 fundi
1174 981 1364 1026 eeclesiae
1384 980 1654 1026 comminari.

391 1051 446 1092 V.
471 1052 574 1095 Haee
604 1067 781 1111 quoque
797 1052 941 1097 omnia
972 1066 1049 1111 per
1080 1061 1139 1107 te,
1164 1067 1328 1111 quaeso,
1354 1052 1523 1097 noverit
1550 1054 1717 1095 Procu-

331 1119 520 1176 leianus,
561 1125 758 1166 coerceat
793 1122 1003 1166 insaniam
1041 1123 1295 1167 clericorum
1329 1138 1507 1167 suorum
1523 1157 1534 1178 ,
1572 1121 1713 1176 unde,

330 1190 596 1236 honorabilis
617 1193 795 1249 Eusebi,
816 1208 905 1238 non
929 1192 1047 1252 apud
1069 1202 1112 1237 te
1130 1193 1261 1238 tacui.
1295 1193 1551 1252 Dignaberis
1569 1193 1716 1253 itaque

331 1275 424 1306 non
440 1262 548 1322 quid
570 1272 619 1307 tu
639 1263 694 1308 de
708 1265 772 1308 his
788 1265 992 1309 omnibus
1008 1265 1177 1319 sentias,
1194 1279 1251 1308 ne
1274 1264 1354 1308 tibi
1371 1264 1588 1309 arbitreris
1606 1278 1631 1309 a
1648 1277 1717 1307 me

325 1332 486 1391 judicis
507 1350 616 1380 onus
637 1336 819 1396 imponi,
844 1335 920 1381 sed
948 1336 1055 1397 quid
1076 1335 1140 1379 illi
1162 1335 1454 1395 respondeant
1485 1336 1590 1381 mihi
1624 1349 1716 1380 res-

330 1404 512 1450 cribere.
535 1406 829 1452 Misericordia
850 1408 927 1452 Dei
948 1416 991 1452 te
1013 1405 1279 1452 incolumem
1309 1415 1498 1463 tueatur,
1531 1406 1716 1452 Domine

330 1476 484 1521 eximie
503 1487 547 1522 et
568 1480 722 1525 merito
742 1479 1015 1539 suscipiende
1036 1495 1086 1524 ac
1102 1478 1376 1525 dilectissime
1393 1479 1544 1525 frater.
