1790 3187
298 242 380 280 166
710 253 738 277 s.
779 252 1007 279 Aucus'rim
1041 253 1221 279 EPJSCOPI

293 332 421 361 omne
442 316 647 360 meritum
669 325 732 359 est
751 315 885 373 gratia
913 334 921 360 :
952 334 970 356 «
996 317 1168 359 Etenim
1199 314 1394 359 Christus
1416 329 1494 373 pro
1526 314 1669 376 impiis

295 407 315 429 »
342 397 540 432 mortuus
562 389 670 431 est1.
701 405 720 426 »
744 388 810 430 Ex
837 396 1019 430 vocante
1050 387 1180 444 igitur
1201 386 1342 429 minor
1364 387 1551 444 accepit,
1581 402 1669 431 non

293 473 342 501 ex
361 457 457 501 ullis
479 457 638 501 meritis
668 470 847 515 operum
877 471 1053 500 suorum
1068 491 1078 511 ‚
1104 465 1155 500 ut
1170 455 1307 515 major
1338 454 1376 498 ei
1397 450 1600 501 serviret:
1621 466 1670 502 ut

291 529 418 571 etiam
442 528 562 587 quod
579 527 785 585 scriptum
800 535 878 582 est,
901 528 1038 571 Jacob
1055 526 1200 580 dilexi,
1221 540 1274 569 ex
1289 534 1472 570 vocante
1488 525 1540 570 sit
1561 528 1666 582 Deo,

289 614 378 642 non
393 613 445 641 ex
462 605 669 657 operante
684 596 837 640 Jacob.

349 671 408 712 8⁰.
442 668 557 721 Quid
586 666 744 712 deinde
772 667 908 722 Esaii,
941 667 1061 727 quod
1095 670 1225 712 servit
1261 666 1443 719 minori,
1471 674 1513 710 et
1549 666 1670 727 quod

286 739 495 797 scriptum
512 747 592 793 est,
616 757 635 780 «
651 738 766 781 Esaii
779 747 925 781 autem
938 736 1039 782 odio
1056 737 1211 790 habui,
1232 755 1253 778 »
1272 738 1431 797 quibus
1447 736 1571 781 malis
1585 738 1672 781 suis

288 810 369 853 hoc
390 809 567 862 meruit,
584 824 683 853 cum
707 818 750 852 et
764 809 854 868 ipse
877 807 1073 852 nondum
1088 817 1215 852 natus
1238 806 1402 862 fuisset,
1428 822 1572 867 neque
1591 807 1671 852 ali-

286 878 392 938 quid
415 880 567 938 egisset
590 879 694 923 boni
717 888 792 923 aut
818 879 939 933 mali,
963 878 1139 938 quando
1161 878 1328 923 dictum
1353 887 1438 932 est,
1463 896 1482 919 «
1506 880 1563 923 Et
1579 893 1673 923 ma-

291 969 309 991 »
331 951 400 1009 jor
428 951 584 993 serviet
616 950 797 993 minori?
821 967 840 989 »
875 952 941 993 An
965 948 1076 993 forte
1098 946 1469 1009 quemadmodum
1491 947 1601 992 illud
1616 948 1671 993 de

288 1020 423 1064 Jacob
452 1019 581 1063 nullis
605 1020 768 1063 meritis
794 1019 920 1063 bonae
943 1019 1123 1063 actionis
1155 1020 1320 1063 dictum
1352 1027 1437 1072 est,
1468 1019 1527 1062 ita
1555 1019 1669 1062 Esaii

288 1089 419 1134 nullis
440 1090 602 1133 meritis
626 1089 751 1132 malae
772 1089 951 1134 actionis
973 1090 1172 1134 odiosus?
1197 1091 1239 1134 Si
1268 1090 1382 1133 enim
1414 1089 1515 1148 quia
1537 1103 1672 1148 praes-

286 1161 428 1204 ciebat
448 1164 560 1203 Deus
579 1159 726 1204 futura
758 1162 850 1220 ejus
869 1175 999 1219 opera
1020 1160 1155 1215 mala,
1180 1170 1409 1219 propterea
1432 1175 1531 1204 eum
1558 1175 1671 1219 prae—

289 1230 520 1275 destinavit
544 1239 592 1273 ut
611 1231 789 1274 serviret
821 1230 977 1274 minori
997 1252 1008 1287 3
1030 1240 1259 1289 propterea
1289 1230 1612 1289 praedestinavit
1629 1239 1672 1274 et

289 1301 425 1345 Jacob
444 1310 492 1344 ut
515 1301 552 1344 ei
574 1302 710 1361 major
737 1303 936 1355 serviret,
967 1301 1068 1360 quia
1098 1300 1245 1345 futura
1278 1302 1370 1360 ejus
1402 1301 1518 1345 bona
1541 1315 1672 1359 opera

289 1371 554 1429 praesciebat,
577 1380 619 1414 et
644 1369 801 1414 falsum
821 1372 986 1430 estjam
1017 1371 1137 1430 quod
1166 1371 1239 1423 ait,
1269 1389 1288 1411 «
1322 1372 1417 1414 Non
1447 1385 1497 1413 ex
1527 1370 1670 1428 operi—

291 1459 310 1481 »
333 1441 428 1484 bus.
464 1460 483 1481 »
512 1441 554 1485 Si
583 1450 729 1484 autem
760 1456 911 1484 verum
943 1450 1028 1495 est,
1054 1440 1173 1499 quod
1204 1456 1293 1484 non
1316 1456 1366 1484 ex
1384 1440 1604 1499 operibus,
1628 1449 1672 1484 et
1733 1446 1747 1477 s
1787 1447 1790 1465 ³

287 1511 389 1553 inde
410 1512 493 1554 hoc
514 1511 688 1569 probat,
718 1511 819 1571 quia
851 1511 905 1554 de
926 1510 1121 1554 nondum
1153 1512 1260 1554 natis
1283 1511 1569 1570 nondumque
1592 1509 1671 1554 ali-

287 1581 394 1641 quid
411 1583 596 1640 operatis
614 1583 698 1626 hoc
723 1581 889 1625 dictum
906 1603 917 1639 3
938 1581 1056 1625 unde
1080 1597 1157 1625 nec
1173 1597 1224 1624 ex
1244 1581 1348 1635 fide,
1366 1597 1466 1641 quae
1495 1582 1540 1624 in
1558 1596 1670 1625 non-

287 1650 391 1694 dum
421 1651 531 1695 natis
552 1651 747 1695 similiter
768 1651 965 1695 nondum
994 1661 1085 1694 erat
1107 1671 1115 1695 ε
1136 1667 1224 1710 quo
1246 1652 1399 1695 merito
1427 1651 1541 1694 Esaii
1568 1650 1668 1695 odio

288 1723 472 1765 habetur
505 1731 739 1780 antequam
770 1723 998 1765 nascatur?
1030 1722 1153 1774 Quod
1197 1722 1312 1764 enim
1349 1721 1452 1765 fecit
1480 1724 1592 1764 Deus
1621 1736 1670 1764 ea

287 1808 386 1851 quae
412 1790 626 1850 diligeret,
654 1791 774 1834 nulla
802 1792 983 1851 quaestio
1007 1800 1083 1834 est.
1114 1791 1155 1835 Si
1180 1799 1322 1834 autem
1353 1790 1546 1834 dicamus
1569 1805 1667 1834 eum

289 1862 436 1905 fecisse
458 1877 557 1921 quae
572 1861 757 1916 odisset,
779 1863 1015 1906 absurdum
1039 1871 1117 1916 est,
1139 1871 1394 1906 occurrente
1417 1861 1497 1905 alia
1523 1862 1669 1920 Scrip-

289 1943 381 1976 tura
402 1941 444 1975 et
462 1933 651 1983 dicente,
681 1952 699 1972 «
734 1936 883 1991 Neque
906 1934 1018 1975 enim
1043 1931 1142 1976 odio
1164 1932 1330 1976 habens
1358 1932 1520 1991 aliquid
1540 1946 1667 1976 cons-

291 2022 309 2043 »
338 2003 533 2056 tituisscs,
555 2011 598 2045 et
615 2001 724 2045 nihil
742 2002 868 2046 odisti
898 2003 1052 2046 horum
1074 2018 1173 2060 quae
1199 2000 1375 2046 fecisti2.
1397 2020 1416 2042 »
1436 2004 1532 2055 Quo
1552 2003 1667 2045 enim

287 2073 441 2116 merito
463 2073 525 2116 sol
552 2071 691 2116 factus
712 2082 774 2116 est
796 2072 875 2126 sol,
911 2082 984 2116 aut
1005 2072 1110 2132 quid
1138 2072 1324 2116 offendit
1347 2072 1449 2116 luna
1473 2082 1522 2116 ut
1545 2081 1667 2116 tanto

286 2143 360 2186 illo
377 2143 571 2197 inferior,
589 2143 659 2187 vel
676 2143 781 2202 quid
805 2144 1043 2202 promeruit
1065 2153 1113 2187 ut
1129 2142 1339 2188 sideribus
1362 2144 1527 2188 caeteris
1544 2152 1666 2187 tanto

287 2212 441 2257 clarior
458 2215 700 2257 crearetur?
718 2212 801 2258 Sed
819 2214 912 2257 haec
933 2214 1078 2258 omnia
1108 2214 1222 2258 bona
1247 2223 1387 2258 creata
1416 2222 1517 2257 sunt
1545 2228 1666 2272 quae-

286 2298 372 2342 que
394 2284 438 2326 in
458 2298 614 2341 genere
635 2298 727 2327 suo.
752 2285 850 2328 Non
870 2284 985 2326 enim
1007 2283 1168 2327 diceret
1192 2287 1320 2337 Deus,
1348 2283 1490 2329 Solem
1509 2283 1661 2337 dilexi,

286 2354 433 2396 lunam
458 2362 601 2397 autem
626 2354 726 2398 odio
743 2354 906 2411 habui,
933 2363 1022 2409 aut,
1047 2357 1213 2398 Lunam
1244 2355 1389 2409 dilexi,
1419 2354 1562 2398 stellas
1587 2369 1665 2397 au-

290 2433 372 2467 tem
396 2424 496 2468 odio
525 2424 659 2467 habui
685 2443 693 2469 ε
720 2425 832 2469 sicut
853 2425 984 2476 dixit,
1013 2444 1032 2467 «
1058 2426 1191 2469 Jacob
1212 2424 1356 2479 dilexi,
1382 2425 1497 2468 Esaii
1517 2433 1662 2469 autem

289 2513 308 2535 »
334 2496 434 2539 odio
448 2495 596 2539 habui.
630 2515 646 2536 »
670 2495 755 2540 Sed
774 2494 847 2539 illa
873 2495 1016 2540 omnia
1038 2495 1211 2549 dilexit,
1237 2496 1433 2554 quamvis
1452 2493 1662 2538 excellen-

338 2586 344 2600 ¹
376 2582 463 2610 Rom.
486 2591 518 2619 v,
539 2579 559 2610 6
584 2597 622 2602 —-
640 2587 652 2602 ²
672 2582 745 2622 Sap.
770 2591 812 2616 xi,
837 2579 890 2611 25.
