1790 3187
308 212 361 239 DE
398 211 586 238 nivEnsis
619 209 776 244 Qiffls‘r.
813 209 959 236 oca-oe.
996 208 1158 235 TRIBUS.
1373 196 1421 232 71

51 288 99 325 ut
121 275 400 323 invisibilium
433 288 578 318 amore
607 273 740 317 homo
760 272 939 317 interior
968 280 1206 325 recreatus,
1237 269 1293 314 ad
1313 270 1429 315 inte-

49 351 204 395 riorem
225 346 365 391 lucem
390 360 489 405 quae
510 358 735 402 nunquam
771 343 952 398 occidit,
980 350 1221 387 revertatur
1239 376 1250 395 ,
1275 356 1431 385 secun-

49 419 153 464 dum
167 415 447 476 apostolicam
466 413 737 472 disciplinam
757 414 768 438 ¹
792 447 802 468 ‚
828 428 916 457 non
938 427 1137 474 quaerens
1158 427 1258 470 quae
1278 410 1432 456 viden·-

49 499 135 545 tur‚
161 487 236 532 sed
257 502 357 546 quae
379 501 467 530 non
487 484 690 530 videntur
709 503 718 528 ;
744 499 845 544 quae
867 484 983 529 enim
1002 483 1207 529 videntur
1225 517 1236 536 ,
1259 491 1432 542 tempo-

50 559 154 606 ralia
179 567 280 603 sunt
305 578 316 615 3
337 573 435 617 quae
462 564 607 600 autem
627 570 717 600 non
738 556 958 611 videntur,
982 564 1142 599 aeterna
1165 562 1281 598 sunt.

107 631 168 674 3⁰.
183 628 312 682 Quod
328 636 473 672 autem
488 625 692 685 fatigatus
708 626 826 669 venit
841 625 896 670 ad
917 636 1116 684 puteum,
1133 623 1431 668 infirmitatem

51 701 190 746 carnis
213 699 426 757 significat
446 718 458 756 3
477 696 597 758 quod
619 695 746 752 sedit,
772 696 1061 741 humilitatem
1080 715 1088 740 :
1112 695 1213 756 quia
1236 703 1280 739 et
1296 694 1437 738 imbe-

50 770 273 816 cillitatem
303 770 440 813 carnis
473 783 551 828 pro
575 767 702 812 nobis
724 758 911 826 suscepit
928 801 940 821 ‚
965 775 1008 811 et
1028 767 1162 811 homo
1184 764 1437 809 hominibus

50 850 138 886 tam
163 839 385 885 humiliter
404 853 611 899 apparere
636 836 840 895 dignatus
869 844 946 880 est.
973 839 1034 880 De
1070 836 1150 879 hac
1184 834 1437 878 infirmitate

51 910 190 955 carnis
214 910 428 969 Propheta
451 908 555 953 dicit
579 926 588 952 ι
613 926 633 949 «
660 909 801 951 Homo
821 907 866 950 in
888 906 1013 965 plaga
1037 906 1217 965 positus,
1233 913 1277 948 et
1300 905 1438 948 sciens

52 999 73 1024 »
102 978 213 1023 ferre
241 978 582 1023 imbecillitatem
609 981 640 1020 ².
671 995 690 1017 »
722 980 782 1021 De
803 976 1050 1021 humilitate
1079 991 1182 1021 vero
1206 974 1441 1034 Apostolus

50 1050 245 1111 loquitur
265 1049 413 1093 dicens
449 1066 458 1090 ε
489 1067 509 1091 «
542 1046 799 1092 Humiliavit
817 1062 861 1091 se
880 1082 891 1102 ‚
917 1045 1057 1090 factus
1078 1044 1280 1090 subditus
1302 1060 1441 1105 usque

53 1138 74 1162 »
107 1120 162 1164 ad
184 1129 368 1164 mortem
393 1120 424 1163 ³.
454 1137 474 1160 »
495 1121 757 1178 Quanquam
780 1116 890 1161 illud
920 1114 1042 1177 quod
1068 1115 1210 1171 sedit,
1232 1116 1440 1175 quoniam

51 1190 192 1236 solent
221 1192 370 1234 sedere
390 1189 589 1234 doctores
610 1224 621 1244 ‚
652 1189 785 1248 possit
811 1188 894 1233 alio
929 1187 1157 1232 intellectu
1179 1202 1269 1231 non
1297 1186 1445 1230 humi-

51 1260 182 1304 litatis
208 1260 468 1304 modestiam
482 1294 493 1314 ,
519 1258 595 1304 sed
612 1259 803 1317 magistri
821 1259 1119 1302 demonstrare
1135 1271 1380 1316 personam.

114 1333 175 1374 4⁰.
201 1330 283 1376 Sed
309 1331 448 1390 quaeri
468 1338 772 1389 potest‚quare
790 1345 813 1373 a
836 1328 1017 1372 muliere
1041 1327 1323 1381 Samaritana,
1344 1341 1444 1384 quae

53 1400 222 1457 hydriae
237 1416 348 1460 aqua
364 1398 601 1459 implendae
616 1400 751 1458 gratia
765 1407 958 1453 venerat,
977 1399 1129 1442 bibere
1144 1396 1442 1457 postulaverit,

53 1486 154 1516 cum
183 1472 271 1530 ipse
295 1479 442 1529 postea
461 1468 663 1528 spiritalis
686 1468 818 1513 fontis
840 1469 1108 1513 affluentiam
1129 1484 1173 1512 se
1196 1466 1446 1526 petentibus

54 1539 156 1585 dare
187 1556 311 1600 posse
344 1539 646 1599 praedicaverit
675 1541 692 1580 ?
731 1540 814 1584 Sed
843 1540 1004 1583 seilicet
1036 1538 1210 1583 sitiebat
1237 1537 1447 1582 Dominus

54 1610 244 1655 mulieris
273 1610 387 1655 illius
410 1610 541 1655 fidem
562 1646 572 1665 ‚
599 1625 698 1670 quae
720 1610 927 1670 quoniam
955 1610 1221 1654 Samaritana
1254 1617 1367 1663 erat,
1404 1618 1448 1652 et

54 1681 162 1726 solet
185 1682 374 1726 Samaria
406 1680 662 1726 idololatriae
698 1681 933 1739 imaginem
962 1682 1173 1725 sustinere
1198 1697 1208 1724 .·
1233 1680 1312 1739 ipsi
1331 1680 1446 1724 enim

55 1752 239 1810 separati
254 1767 277 1795 a
294 1751 458 1810 populo
479 1754 502 1795 J
509 1751 752 1807 udaeorum,
770 1751 1008 1796 simulacris
1031 1761 1253 1795 mutorum
1278 1750 1446 1794 anima-

56 1820 181 1878 lium,
195 1822 239 1866 id
255 1831 334 1877 est,
350 1823 489 1867 vaccis
507 1823 646 1866 aureis
663 1822 906 1866 animarum
920 1838 1096 1866 suarum
1120 1822 1252 1866 decus
1268 1820 1449 1865 addixe-

57 1900 155 1935 rant
176 1910 185 1936 :
211 1902 390 1936 venerat
409 1902 555 1937 autem
578 1892 788 1936 Dominus
817 1902 964 1937 noster
986 1895 1110 1937 Jesras
1129 1927 1140 1947 ‚
1172 1901 1222 1936 ut
1252 1891 1447 1951 gentium

58 1961 385 2007 multitudinem
411 1998 422 2018 ,
448 1978 547 2022 quae
569 1962 810 2006 simulacris
838 1963 1084 2018 serviebat,
1113 1962 1168 2007 ad
1195 1962 1448 2006 munimen-

58 2041 152 2077 tum
179 2032 282 2076 fidei
303 2034 548 2077 christianae
577 2042 620 2077 et
640 2033 906 2093 incorruptae
939 2033 1159 2092 religionis
1191 2031 1445 2078 adduceret.

63 2121 84 2146 «
107 2105 206 2148 Non
237 2113 301 2148 est
334 2104 472 2160 enim,
498 2105 673 2163 inquit,
697 2119 806 2163 opus
835 2104 948 2148 sanis
981 2104 1204 2159 medicus,
1237 2102 1312 2148 sed
1335 2104 1449 2148 male

63 2191 83 2214 »
108 2173 409 2218 habentibus4.
435 2193 454 2215 »
481 2177 645 2218 Eorum
675 2189 777 2233 ergo
800 2174 932 2218 fidem
950 2176 1054 2230 sitit,
1070 2191 1151 2234 pro
1167 2175 1328 2236 quibus
1347 2190 1448 2218 san-

63 2243 239 2302 guinem
255 2242 392 2289 fudit:
414 2244 526 2288 Dixit
550 2259 652 2302 ergo
674 2244 728 2288 ad
753 2260 847 2288 eam
871 2247 1021 2290 Jesus:
1043 2265 1062 2287 «
1078 2245 1321 2300 Mulier,da
1341 2246 1447 2290 mihi

65 2330 85 2354 »
107 2314 256 2358 bibere
281 2317 341 2358 ⁵.»
375 2317 430 2359 Et
457 2324 506 2359 ut
528 2315 698 2360 noveris
725 2315 833 2375 quid
855 2316 1024 2359 sitiebat
1042 2316 1251 2360 Dominus
1270 2326 1417 2360 noster
1431 2352 1446 2372 ,

62 2392 158 2442 post
181 2384 407 2442 paululum
431 2386 612 2430 veniunt
630 2385 839 2445 Discipuli
862 2388 978 2446 ejus,
1010 2388 1083 2446 qui
1106 2396 1382 2446 perrexerant
1404 2388 1446 2431 in

110 2491 122 2508 ¹
144 2495 162 2517 2
181 2487 252 2518 Cor.
276 2497 320 2527 iv,
342 2487 392 2519 18.
411 2505 451 2510 m
466 2494 476 2508 ⁹
497 2488 567 2519 lsai.
588 2499 652 2527 un,
673 2489 701 2519 3.
720 2504 754 2511 w
774 2487 785 2510 3
806 2488 915 2530 Philip.
945 2498 979 2529 ιι,
999 2490 1027 2520 8,
1050 2488 1114 2518 -4
1134 2490 1243 2521 Martii.
1272 2501 1316 2526 κ,
1340 2499 1388 2522 1‘2.
1404 2508 1443 2511 -—-

67 2538 80 2561 5
98 2541 185 2572 Joan.
206 2552 251 2579 iv,
271 2553 303 2585 7.
