1790 3187
329 203 412 240 136
770 213 801 237 s.
838 209 1068 237 Auevsnm
1099 210 1279 237 Emscom

326 279 490 338 quippe
521 275 831 336 respondemus
858 293 867 319 ε
889 277 1005 333 Ergo
1032 275 1112 318 sub
1134 274 1385 318 necessitate
1408 275 1572 333 positus
1592 273 1702 331 fuit,

325 348 430 407 quia
468 347 827 405 comprehensus,
861 344 1130 403 flagellatus,
1166 344 1396 389 crucifixus
1433 354 1476 388 et
1509 353 1706 390 mortuus
1739 398 1741 400 ,

326 427 389 462 est
417 436 424 461 :
449 425 500 461 ut
517 416 691 460 tandem
711 415 801 458 sine
822 415 1057 473 pertinacia
1072 448 1083 468 ,
1109 414 1142 457 si
1159 413 1335 469 volunt,
1360 413 1628 472 intelligant,
1648 414 1706 460 sic

326 503 426 531 eum
444 487 658 546 passiones
676 483 828 539 animi,
848 484 932 528 hoc
947 493 1010 528 est
1026 483 1276 528 affectiones
1295 483 1520 529 voluntate
1537 482 1708 542 dispen-

326 559 501 603 sationis
517 592 528 613 ,
554 571 674 602 veras
708 564 878 610 tamen,
904 564 954 598 ut
983 555 1172 614 placuit,
1203 556 1434 614 suscepisse
1452 589 1462 609 ,
1494 554 1707 614 quemad-

325 629 506 673 modum
531 627 747 686 passiones
765 625 955 685 corporis
971 625 1122 670 eadem
1140 625 1467 684 dispensationis
1484 624 1708 670 voluntate

324 699 415 742 sine
449 697 539 742 ulla
575 697 827 741 necessitate
858 696 1088 754 suscepit1.
1115 694 1494 748 Quemadmodum
1521 710 1600 740 nos
1620 711 1710 740 non

324 768 550 814 voluntate
572 768 806 822 morimur,
840 766 900 811 sic
921 775 964 810 et
986 781 1076 811 non
1099 765 1325 811 voluntate
1351 767 1568 811 nascimur
1600 784 1609 811 2
1637 766 1709 812 ille

325 847 472 882 autem
506 836 732 882 voluntate
758 845 1024 896 utrumque,
1054 844 1106 880 ut
1127 835 1380 894 oportebat,
1413 835 1631 891 exhibuit,
1667 845 1711 882 et
1758 865 1761 876 .

324 917 471 952 tamen
492 907 710 952 verissime
732 906 941 951 exhibuit.
972 906 1091 950 Sicut
1110 920 1212 964 ergo
1235 905 1499 950 necessitatis
1534 905 1710 950 nomine

325 994 406 1023 nec
436 994 514 1023 nos
542 993 622 1023 nec
645 977 741 1023 illos
763 977 993 1037 quisquam
1015 975 1160 1022 avellit
1189 993 1211 1021 a
1243 976 1329 1020 fide
1349 976 1581 1021 verissimae
1611 990 1709 1034 pas-

324 1049 482 1104 sionis,
504 1063 580 1107 per
603 1063 735 1108 quam
758 1063 914 1107 corpus
942 1048 1033 1106 ejus
1055 1046 1298 1092 ostenditur
1324 1065 1334 1091 ι
1360 1046 1419 1090 sic
1448 1055 1491 1089 et
1519 1060 1598 1090 nos
1618 1045 1711 1104 ipso

324 1119 502 1163 nomine
529 1118 793 1162 necessitatis
815 1133 944 1162 nemo
967 1119 1156 1161 deterret
1177 1132 1200 1160 a
1221 1116 1308 1160 fide
1330 1115 1562 1161 verissimae
1578 1115 1711 1160 affec-

327 1189 469 1243 tionis,
491 1204 699 1248 perquam
715 1190 902 1232 animam
921 1190 1013 1247 ejus
1029 1188 1300 1246 agnoscimus
1320 1206 1329 1232 :
1351 1202 1431 1231 nec
1445 1188 1558 1246 ipsos
1580 1186 1711 1232 debet

325 1257 542 1302 deterrere
571 1274 593 1302 a
620 1258 932 1302 consentiendo
954 1257 1178 1302 catholicae
1201 1257 1326 1311 fidei,
1359 1258 1393 1301 si
1416 1272 1505 1301 non
1532 1271 1604 1302 eos
1632 1257 1710 1300 de·

323 1338 455 1373 terret
476 1327 700 1372 exitiabilis
717 1328 859 1387 pudor
876 1327 1120 1382 mutandae,
1147 1327 1343 1388 quamvis
1366 1326 1484 1372 falsae
1505 1361 1516 1383 ,
1537 1327 1613 1371 diu
1640 1336 1707 1371 ta-

324 1413 425 1442 men
442 1407 484 1442 et
502 1413 602 1442 cuin
627 1398 868 1441 temeritate
891 1396 1084 1441 defensae
1100 1397 1339 1441 sententiae.

385 1470 600 1524 QuAEsTm.
629 1469 830 1511 LXXXI.
857 1494 910 1499 -
942 1469 999 1510 10.
1035 1468 1184 1510 Omnis
1204 1466 1426 1526 sapientiae
1450 1465 1678 1526 disciplina
1697 1500 1708 1522 ,
1753 1490 1755 1500 ι

325 1553 424 1597 quae
443 1538 498 1581 ad
521 1538 717 1581 homines
735 1535 995 1580 erudiendos
1019 1536 1233 1595 pertinet,
1257 1545 1320 1580 est
1340 1544 1576 1581 creatorem
1598 1550 1712 1581 crea·
1752 1572 1754 1581 ,

325 1618 557 1667 turamque
576 1607 852 1665 dignoscere,
879 1616 921 1651 et
945 1605 1070 1650 illum
1086 1606 1226 1651 colere
1244 1607 1542 1651 dominantem
1556 1641 1566 1661 ,
1587 1607 1712 1651 istam

326 1679 566 1737 subjectam
588 1676 729 1720 fateri.
756 1680 833 1720 Est
855 1685 1001 1721 autem
1019 1686 1186 1721 creator
1207 1680 1319 1721 Deus
1335 1712 1346 1731 ,
1367 1692 1418 1721 ex
1436 1692 1525 1737 quo
1541 1677 1709 1733 omnia,

327 1763 403 1807 per
440 1762 572 1808 quem
609 1747 783 1801 omnia,
827 1747 874 1789 in
908 1761 996 1805 quo
1036 1748 1217 1790 omnia²
1258 1766 1265 1791 t
1306 1756 1348 1791 et
1371 1746 1469 1791 ideo
1505 1747 1710 1803 Trinitas,

328 1822 455 1864 Pater
483 1827 526 1861 et
552 1817 688 1861 Filius
710 1826 753 1879 et
784 1816 968 1876 Spiritus
993 1825 1179 1860 sanctus.
1204 1819 1412 1862 Creatura
1434 1832 1535 1862 vero
1557 1818 1713 1877 partim

327 1898 390 1933 est
422 1887 667 1942 invisibilis,
709 1888 820 1931 sicut
850 1888 1015 1944 anima,
1057 1888 1214 1945 partim
1236 1886 1439 1943 visibilis,
1475 1888 1584 1931 sicut
1615 1903 1712 1932 cor·
1748 1902 1750 1908 ’

326 1973 423 2017 pus.
452 1956 662 2002 Invisibili
696 1956 907 2001 ternarius
937 1971 1143 2000 numerus
1173 1957 1407 2014 tribuitur,
1445 1973 1579 2017 quare
1615 1956 1713 2001 dili·
1747 1977 1749 1983 ’

329 2043 429 2087 gere
455 2031 594 2072 Deum
618 2026 844 2085 tripliciter
872 2026 1106 2086 jubemur,
1147 2042 1197 2071 ex
1224 2037 1317 2072 toto
1351 2028 1480 2072 corde
1499 2063 1509 2083 ,
1545 2043 1596 2071 ex
1624 2037 1713 2073 tota
1746 2049 1749 2068 ἢ

330 2098 471 2142 anima
491 2132 502 2153 ,
527 2106 570 2141 et
588 2112 638 2140 ex
662 2105 750 2141 tota
768 2105 912 2140 mente
931 2098 945 2122 3
967 2113 978 2140 .·
998 2097 1168 2155 corpori
1189 2098 1490 2156 quaternarius
1506 2113 1712 2144 numerus

330 2179 506 2228 propter
528 2168 890 2212 evidentissimam
915 2177 1114 2212 naturam
1139 2169 1254 2227 erS,
1279 2168 1323 2212 id
1347 2177 1438 2224 est,
1466 2168 1649 2213 calidam
1670 2178 1712 2214 et

331 2238 557 2298 frigidam,
589 2238 811 2282 humidam
841 2249 883 2283 et
913 2239 1084 2283 siccam.
1120 2240 1338 2283 Universae
1371 2255 1474 2298 ergo
1505 2250 1712 2285 creaturae
1744 2256 1745 2261 ¹

334 2311 540 2354 tribuitur
575 2311 858 2368 septenarius.
893 2312 1170 2370 Quapropter
1195 2311 1335 2355 omnis
1363 2311 1588 2371 disciplina
1617 2312 1712 2371 dig·
1744 2313 1745 2335 ³

331 2397 513 2426 noscens
528 2391 571 2426 et
588 2382 835 2425 discernens
850 2390 1084 2425 creatorem
1103 2390 1234 2441 atque
1251 2390 1513 2438 creaturam,
1536 2381 1711 2427 denario
1742 2386 1745 2395 ’

382 2490 390 2505 ¹
416 2483 493 2514 Vide
518 2483 572 2514 lib.
592 2494 626 2515 xv
645 2484 684 2515 de
703 2483 798 2517 Civit.
820 2484 892 2523 Dei,
916 2494 989 2526 cap.
1008 2495 1042 2525 9.
1059 2500 1099 2506 —-
1118 2490 1128 2506 ²
1157 2485 1249 2517 Rom.
1268 2494 1313 2524 x1,
1335 2483 1386 2516 36.
1405 2501 1445 2507 --
1462 2482 1475 2506 3
1498 2484 1619 2517 Matth.
1638 2493 1711 2524 xxii,
1741 2514 1743 2529 ‹

335 2549 388 2579 277,
410 2543 441 2569 vt
460 2540 552 2570 Dcut.
575 2549 618 2579 Vi,
645 2539 673 2570 τ’).
