1790 3187
553 218 753 252 uns-rom
784 221 937 250 xxxvl.
1357 208 1443 247 383

59 353 553 373 MMUMMMMMMMMMM
558 346 1445 369 mmmmmmssssmmmmxwm

436 461 760 512 EPISTOLA
795 457 1057 510 XXXVP.

101 600 310 636 Dilectissimo
328 607 362 636 et
391 600 684 636 desiderantissimo
708 598 802 631 fratri
822 604 856 632 ct
882 596 1147 640 compresbytero
1164 586 1407 629 CASULANO

421 657 714 692 AUGUSTINUS
742 657 775 688 in
792 656 926 689 Domino
944 654 1092 696 salutem,

115 777 416 840 Augustinus
442 775 696 822 Casulcmo
718 773 1002 836 presbytero
1021 770 1248 835 refellens
1265 768 1316 816 U
1313 768 1448 826 rbicei,

115 847 168 893 id
188 857 272 904 est,
298 847 553 911 cujusdam
585 865 609 893 e
638 849 865 893 Romanu
911 844 1025 890 urbe
1064 842 1452 889 dissertationem

109 935 202 978 pro
230 918 428 966 subbati
443 920 641 983 jejunio
670 920 907 977 scriptam
928 930 1168 976 perquam
1191 911 1452 972 imperitas-

115 1007 251 1037 sime.

113 1130 150 1172 I.
194 1129 351 1174 Nasum
372 1128 492 1173 unde
522 1128 576 1173 sit
598 1127 783 1184 factum,
807 1135 858 1172 ut
883 1127 1032 1186 primis
1055 1125 1141 1170 tuis
1162 1122 1316 1168 litter1s
1334 1134 1453 1166 meas

53 1214 145 1244 non
167 1198 416 1244 redderem:
437 1214 529 1244 non
551 1208 699 1244 tamen
722 1206 981 1258 contemptu
1010 1196 1058 1241 id
1078 1211 1147 1240 me
1170 1194 1324 1240 fecisse
1346 1193 1449 1238 scio.

55 1271 166 1316 Nam
184 1278 229 1314 et
250 1268 403 1314 studiis
421 1269 506 1313 tuis
525 1278 570 1314 et
584 1269 680 1329 ipso
706 1284 905 1314 sermone
924 1267 1134 1322 delector,
1162 1274 1294 1325 teque
1308 1265 1354 1308 in
1374 1263 1456 1307 ista

59 1349 186 1385 aetate
202 1339 386 1401 juvenili
406 1341 618 1400 proficere
640 1341 686 1385 in
706 1340 844 1385 verbo
864 1340 944 1385 Dei
962 1348 1006 1384 et
1026 1336 1251 1383 abundare
1271 1335 1327 1381 ad
1348 1333 1457 1379 aedi-

56 1409 322 1467 ficationem,
349 1421 393 1455 et
415 1419 520 1470 opto
555 1419 598 1455 et
620 1411 843 1456 exhortor.
880 1413 1009 1456 Nunc
1029 1424 1134 1455 vero
1168 1407 1337 1466 scriptis
1370 1403 1457 1449 tuis

58 1480 203 1526 alteris
222 1482 423 1542 sumptis,
457 1481 616 1542 quibus
640 1482 721 1526 tibi
749 1481 924 1526 tandem
947 1479 1185 1541 aliquando
1202 1474 1457 1537 responderi

55 1551 151 1612 jure
168 1553 404 1608 charitatis,
416 1553 463 1596 in
483 1568 574 1612 qua
590 1568 730 1596 unum
747 1567 912 1608 sumus,
926 1550 1120 1596 fraterno
1141 1559 1186 1594 et
1208 1547 1457 1609 aequissimo

58 1623 242 1682 flagitem,
267 1623 563 1668 differendum
595 1633 684 1668 tuae
705 1623 953 1668 dilectionis
986 1622 1170 1667 ulterius
1191 1618 1459 1665 desiderium

59 1711 150 1740 non
171 1694 321 1754 putavi
343 1713 352 1739 z
370 1703 414 1739 et
429 1696 543 1739 inter
560 1694 816 1740 arctissimas
833 1695 1141 1754 occupationes
1152 1706 1269 1737 meas
1289 1686 1459 1748 suscepi

60 1766 142 1812 isto
163 1782 232 1811 me
247 1765 398 1810 debito
416 1767 534 1825 apud
556 1775 600 1810 te
618 1766 860 1811 absolvere.

121 1840 181 1882 ΙΙ.
227 1836 358 1890 Quod
380 1852 483 1896 ergo
503 1852 572 1881 me
597 1836 806 1893 consulis,
831 1846 982 1881 utrum
1003 1834 1133 1879 liceat
1153 1832 1334 1877 sabbato
1351 1831 1457 1891 jeju-

63 1922 166 1952 nare
184 1926 194 1953 ;
215 1907 476 1967 respondeo,
503 1909 546 1953 Si
566 1907 692 1953 nullo
714 1906 847 1952 modo
861 1906 1034 1961 liceret,
1050 1904 1249 1965 profecto
1267 1902 1461 1963 quadra-

65 1979 184 2039 ginta
207 1979 438 2024 continuos
460 1978 551 2023 dies
574 1993 655 2022 nec
676 1981 865 2035 Moyses,
890 1993 972 2021 nec
992 1976 1123 2031 Elias,
1158 1990 1240 2019 nec
1261 1975 1352 2034 ipse
1374 1975 1464 2017 Do-

46 2050 206 2095 minus
222 2051 474 2111 jejunasset.
508 2051 673 2094 Verum
691 2050 772 2094 ista
800 2049 967 2093 ratione
1001 2045 1305 2100 concluditur,
1331 2043 1462 2087 etiam

66 2121 293 2166 Dominico
325 2121 396 2165 die
427 2135 518 2165 non
551 2119 757 2164 illicitum
794 2134 883 2163 esse
913 2118 1148 2179 jejunium.
1174 2119 1232 2161 Et
1264 2112 1463 2174 quisquis

48 2201 215 2238 „tamen
235 2192 354 2237 hunc
383 2190 499 2235 diem
529 2191 696 2252 jejunio
732 2190 1058 2235 decernendum
1091 2187 1326 2248 putaverit,
1351 2184 1466 2228 sicut

68 2264 248 2324 quidam
271 2265 518 2325 jejunantes
543 2263 777 2308 sabbatum
802 2262 1050 2316 observant,
1069 2275 1160 2304 non
1182 2272 1317 2319 parvo
1339 2269 1465 2300 scan-

71 2334 172 2380 dalo
198 2335 280 2379 erit
310 2334 516 2380 Ecclesiae
536 2355 548 2393 3
571 2333 904 2380 necimmerito.
937 2335 988 2376 In
1011 2332 1077 2376 his
1104 2331 1220 2374 enim
1251 2328 1380 2373 rebus
1410 2324 1466 2369 de

52 2406 233 2466 :quibus
263 2405 374 2451 nihil
407 2406 515 2451 certi
550 2404 702 2451 statuit
739 2405 963 2464 Scriptura
993 2402 1156 2458 divina,
1189 2415 1282 2446 mos
1315 2395 1467 2460 populi

124 2518 136 2536 ¹
159 2513 242 2546 Alias
262 2523 392 2547 Lxxxvx.
420 2524 491 2557 quae
517 2523 596 2548 vero
613 2521 713 2546 xxxw
732 2515 823 2552 erat,
850 2521 935 2544 nunc
956 2520 1058 2544 xxxu.
1075 2507 1254 2552 -Scripta
1277 2506 1364 2540 forta
1385 2513 1469 2539 anno

78 2567 142 2612 ³96
158 2573 214 2603 aut
233 2568 323 2604 initio
343 2569 420 2614 397.
