1790 3187
370 154 453 194 278
809 164 842 194 s.
879 165 1109 194 Aue-,ustum
1141 167 1321 195 anscom

371 240 414 276 et
438 232 620 291 Spiritus
641 240 814 277 sanctus
835 246 925 277 non
946 241 1245 291 susceperunt,
1265 231 1430 292 aliquid
1451 242 1608 292 praeter
1632 233 1719 279 inv'
1770 233 1789 278 le

370 317 464 346 cem
481 302 662 347 faciunt.
678 303 769 347 Cur
791 317 893 361 ergo
910 302 956 346 in
975 303 1189 360 mysteriis
1213 311 1257 346 et
1275 302 1405 347 sacris
1428 304 1584 348 nostris
1605 303 1723 348 hom‘
1771 302 1790 348 til

370 372 436 422 nis
459 374 675 432 susceptio
696 372 808 417 Filio
830 372 993 417 tributa
1019 371 1277 418 celebratur.
1294 374 1398 417 Haec
1417 382 1482 417 est
1503 372 1720 432 plenissim
1773 385 1790 432 qu

369 443 552 503 quaestio
567 443 626 487 ita
652 441 856 498 difficilis,
873 451 916 486 et
936 443 991 487 de
1007 458 1052 486 re
1073 452 1163 486 tam
1184 456 1357 500 magna,
1373 450 1422 486 ut
1442 458 1522 487 nec
1537 444 1722 488 sementi
1774 451 1789 488 it

368 513 440 558 hic
476 514 575 557 satis
610 513 831 572 expedita,
865 527 944 556 nec
973 514 1064 573 ejus
1100 511 1299 571 probatio
1341 512 1441 557 satis
1479 527 1627 557 secura
1660 528 1703 557 es
1775 525 1790 556 (ἡ

369 585 515 644 possit.
543 583 696 628 Audeo
720 593 890 638 tamen,
919 583 1132 643 siquidem
1166 582 1221 627 ad
1246 592 1289 627 te
1322 583 1486 639 scribo,
1511 584 1740 643 significare

367 655 513 714 potius
529 654 638 714 quid
660 669 780 698 meus
802 654 971 698 animus
992 654 1168 708 habeat,
1192 668 1325 713 quam
1346 653 1572 712 explicare,
1595 663 1646 698 ut
1665 669 1740 699 cae·

367 733 457 768 tera
469 727 559 783 {pro
584 724 759 782 ingenio
781 732 857 767 tuo
882 732 925 768 et
947 722 1235 767 familiaritate
1256 732 1418 780 nostra,
1438 739 1527 784 qua
1543 725 1592 768 fit
1614 733 1664 768 ut
1681 739 1724 768 m

366 796 530 855 optime
551 798 737 850 noveris⁷
764 809 840 854 per
863 803 905 838 te
919 794 1009 853 ipse
1021 795 1250 854 conjectes.

426 865 647 911 III.Nulla
666 875 820 909 natura
835 874 912 920 est,
931 865 1127 920 Nebridi‚
1140 874 1183 909 et
1204 866 1383 910 omnino
1403 864 1525 910 nulla
1546 867 1742 911 substan-

366 937 441 992 tia,
460 952 559 995 quae
577 952 666 980 non
683 936 728 979 in
745 951 788 980 se
803 936 963 980 habeat
980 936 1074 979 haec
1087 936 1184 991 tria,
1207 945 1250 979 et
1272 951 1360 994 prae
1383 951 1427 980 se
1451 946 1586 995 gerat,
1614 937 1742 996 prim<

366 1016 416 1050 ut
431 1006 498 1061 sit,
518 1005 679 1049 deinde
695 1015 744 1049 ut
766 1006 848 1050 hoc
870 1006 940 1050 vel
953 1005 1061 1050 illud
1084 1006 1154 1061 sit,
1177 1006 1306 1050 tertio
1331 1015 1382 1050 ut
1400 1006 1445 1049 in
1471 1021 1522 1051 eo
1544 1006 1665 1066 quod
1691 1022 1742 1051 es:

365 1086 539 1121 maneat
569 1086 785 1136 quantum
818 1085 976 1135 potest.
1015 1077 1210 1120 Primum
1243 1076 1378 1131 illud,
1414 1092 1588 1121 causam
1616 1078 1743 1137 ipsam

365 1156 533 1191 naturae
552 1155 755 1200 ostentat,
776 1161 826 1190 ex
840 1161 927 1206 qua
940 1155 1041 1189 sunt
1056 1146 1223 1191 omnia:
1246 1146 1449 1203 alterum,
1473 1147 1660 1207 speciem
1678 1162 1744 1206 pet

365 1233 498 1278 quam
531 1216 819 1272 fabricantur,
848 1225 891 1260 et
913 1216 1106 1276 quodam
1128 1218 1260 1262 modo
1292 1216 1539 1262 formantur
1572 1218 1743 1262 omnia:

366 1289 559 1343 tertium,
579 1288 845 1332 manentiam
867 1285 1119 1347 quamdam,
1144 1296 1194 1331 ut
1214 1288 1274 1332 ita
1297 1289 1457 1343 dicam,
1476 1289 1521 1332 in
1544 1304 1632 1348 qua
1653 1297 1744 1334 sunt

366 1360 526 1405 omnia.
544 1360 674 1412 Quod
692 1359 726 1402 si
743 1359 835 1402 fieri
854 1367 996 1418 potest
1011 1367 1063 1403 ut
1078 1356 1244 1418 aliquid
1261 1359 1330 1414 sit,
1344 1358 1464 1418 quod
1483 1374 1571 1403 non
1583 1359 1667 1403 hoc
1683 1359 1745 1404 vel

365 1429 476 1474 illud
498 1429 567 1483 sit,
593 1443 737 1489 neque
759 1429 802 1472 in
833 1443 990 1487 genere
1013 1443 1092 1472 suo
1114 1437 1287 1472 maneat
1311 1449 1322 1486 3
1348 1437 1424 1473 aut
1455 1429 1540 1473 hoc
1575 1429 1746 1489 quidem

366 1510 441 1545 aut
458 1499 571 1544 illud
587 1500 656 1554 sit,
668 1498 743 1543 sed
755 1515 845 1543 non
859 1500 914 1543 sit
930 1514 1073 1559 neque
1087 1499 1131 1542 in
1146 1513 1303 1557 genere
1315 1514 1394 1544 suo
1410 1508 1600 1554 maneat,
1620 1514 1745 1558 quan·

366 1580 461 1615 tum
484 1579 627 1629 potest
653 1590 664 1627 3
694 1578 771 1613 aut
797 1569 844 1613 in
881 1584 960 1614 suo
993 1583 1151 1626 genere
1188 1568 1366 1628 quidem
1395 1584 1474 1629 pro
1505 1569 1637 1628 ipsius
1672 1569 1746 1613 suit

367 1641 536 1701 generis
551 1641 714 1686 viribus
736 1649 925 1695 maneat,
954 1639 1030 1684 sed
1051 1649 1198 1684 tamen
1220 1655 1300 1684 nec
1321 1640 1391 1695 sit,
1416 1655 1560 1699 neque
1580 1641 1664 1684 hoc
1686 1639 1746 1684 vei

366 1712 480 1757 illud
501 1713 586 1757 sit:
612 1712 705 1756 fieri
739 1712 867 1756 etiam
903 1720 1074 1770 potest,
1100 1720 1151 1755 ut
1179 1711 1224 1754 in
1259 1710 1333 1755 illa
1368 1710 1577 1755 Trinitate
1612 1710 1747 1770 aliqua
1778 1711 1779 1714 ’

368 1798 550 1843 persona
573 1791 729 1843 praeter
753 1781 856 1826 alias
888 1781 1054 1841 aliquid
1078 1781 1224 1826 faciat.
1257 1784 1314 1826 At
1349 1782 1383 1825 si
1412 1782 1552 1826 cernis
1589 1796 1732 1827 necess
1774 1785 1786 1830 l

368 1869 471 1909 esse,
484 1863 534 1897 ut
551 1852 763 1913 quidquid
784 1853 853 1907 sit,
871 1853 1081 1897 continuo
1099 1862 1142 1896 et
1154 1853 1236 1896 hoc
1249 1861 1325 1896 aut
1341 1851 1451 1896 illud
1469 1851 1596 1906 sit‚et
1613 1852 1657 1895 in
1680 1865 1748 1896 su<
1782 1842 1788 1925 l

368 1939 527 1983 genere
544 1932 715 1967 maneat
736 1932 950 1982 quantum
975 1931 1129 1982 potest,
1145 1922 1257 1966 nihil
1274 1922 1354 1966 tria
1371 1921 1445 1965 illa
1468 1931 1625 1980 praeter
1646 1920 1748 1965 invi·
1782 1931 1790 1965 t

369 2010 465 2039 cem
483 1992 664 2038 faciunt.
688 1993 826 2037 Video
851 1992 995 2037 adhuc
1018 2002 1182 2051 partem
1206 2007 1275 2035 me
1306 1992 1440 2050 egisse
1461 1993 1591 2051 hujus
1613 2006 1748 2050 quaes-
1784 1991 1790 2034 s·

369 2066 499 2110 tionis
520 2080 607 2124 qua
631 2065 680 2108 fit
717 2063 905 2108 difficilis
936 2063 1111 2108 solutio.
1150 2062 1236 2107 Sed
1268 2063 1458 2108 breviter
1482 2063 1565 2107 tibi
1595 2063 1749 2122 aperirz
1786 2073 1790 2106 1

370 2135 506 2190 volui,
527 2135 562 2179 si
579 2144 725 2179 tamen
744 2135 811 2193 egi
835 2134 954 2194 quod
979 2133 1112 2188 volui,
1135 2148 1266 2193 quam
1289 2133 1519 2188 subtiliter,
1532 2142 1575 2177 et
1595 2141 1750 2192 quanta
1788 2147 1790 2171 ε

370 2208 550 2252 veritate
588 2207 633 2250 in
661 2206 884 2252 Catholica
915 2204 1186 2264 intelligatur
1214 2205 1396 2265 hujusce
1419 2203 1750 2264 inseperabilitas

377 2277 611 2322 Trinitatis.

432 2349 508 2392 IV.
533 2349 659 2392 Nunc
685 2346 831 2405 accipe
852 2343 1074 2405 quomodo
1096 2344 1229 2404 possit
1249 2359 1340 2390 non
1360 2357 1534 2389 movere
1564 2342 1711 2386 animu

376 2419 485 2464 illud
506 2417 627 2478 quod
641 2427 801 2463 movet.
828 2417 998 2477 Species
1019 2432 1118 2476 quae
1135 2417 1309 2475 proprie
1330 2415 1441 2460 Filio
1457 2415 1685 2467 tribuitur,
1710 2427 1755 2483 eal

377 2490 564 2551 pertinet
585 2489 713 2533 etiam
747 2487 802 2533 ad
824 2486 1094 2546 disciplinam
1108 2521 1119 2542 ‚
1139 2496 1182 2532 et
1205 2487 1260 2532 ad
1294 2496 1432 2532 artem
1453 2484 1705 2544 quamdam,
1724 2489 1756 2541 si!
