1790 3187
547 254 748 286 musa-ou
779 256 934 286 xxxtv.
1353 244 1437 285 375

51 383 1386 408 mmmmmmmmwmmmmmmmmmwu
1392 385 1440 401 W}

433 500 758 551 EPISTOLA
794 494 1056 551 XXXIV&

69 645 206 680 nomino
226 644 343 679 eximio
363 643 546 687 meritoque
567 642 768 686 suscipiendo
790 645 887 686 atque
906 641 1088 676 honorabili
1111 641 1206 678 fratri
1230 642 1420 677 EUSEBIO

595 700 901 734 AUGUSTINUS.

49 821 126 868 De
145 819 346 874 limene,
370 821 456 880 qui
485 829 693 865 matrem
721 818 907 866 credere
938 819 1104 866 solitas
1119 857 1134 878 ,
1175 819 1367 867 demum
1402 830 1448 866 et

109 902 312 940 mortem
335 894 546 938 minatus
566 894 761 938 transiit
784 891 856 937 ad
873 892 1185 947 Donatiscas,
1211 891 1276 935 ab
1300 894 1450 950 iisque

109 966 286 1009 iterato
312 962 586 1023 baptizatus
619 973 705 1019 est,
731 960 863 1020 quod
889 977 955 1006 an
977 960 1297 1006 Proculeium·
1331 964 1447 1022 epis-

107 1037 220 1096 copi
239 1034 686 1098 mandalofizctum
712 1036 788 1089 sic,
810 1032 1144 1095 zitipreslgy'ter
1163 1034 1310 1093 ipsius
1327 1033 1378 1081 V
1379 1034 1448 1079 ‘ic-

109 1116 184 1152 tor
213 1104 410 1165 publico
447 1106 603 1168 officio
643 1107 950 1150 renuntiarat
960 1141 976 1161 ,
1020 1105 1199 1163 inquiri
1230 1103 1449 1164 postulat

108 1179 427 1239 Augustinus,
460 1193 562 1221 sese
584 1178 774 1221 interim
791 1185 1024 1237 paratum
1052 1192 1274 1221 asserens
1290 1174 1363 1220 acl
1376 1186 1449 1222 to-

111 1259 230 1305 tam,
246 1250 291 1292 si
309 1247 665 1294 Proculeianus
688 1248 817 1307 velit,
834 1247 1110 1295 schismatis
1128 1264 1331 1294 eausam
1344 1246 1451 1308 pla·

110 1319 217 1365 cide
235 1319 655 1379 pertractandam.

109 1461 146 1502 Ι.
193 1459 290 1503 Seu*
320 1461 462 1514 Deus,
488 1458 559 1502 cui
594 1456 825 1504 manifesta
861 1465 963 1501 sunt
1005 1471 1161 1501 arcana
1199 1455 1340 1501 cordis
1368 1456 1452 1500 hu-

50 1530 196 1584 mani,
237 1538 453 1589 quantum
486 1544 639 1588 pacem
668 1527 801 1586 diligo
835 1527 1138 1582 christianam,
1181 1536 1355 1571 tantum
1381 1541 1453 1570 me

50 1601 216 1645 moveri
251 1600 469 1659 sacrilegis
498 1615 650 1644 eorum
683 1599 837 1654 faetis‚
870 1598 947 1658 qui
978 1598 1023 1641 in
1061 1599 1152 1658 ejus
1185 1597 1452 1642 dissensione

49 1671 226 1729 indigne
259 1680 391 1730 atque
421 1671 555 1729 impie
587 1679 860 1728 perseverant
893 1685 1084 1728 eumque
1117 1678 1288 1712 motum
1317 1669 1453 1712 animi

50 1742 137 1787 mei
164 1758 255 1787 esse
278 1742 526 1801 pacificum,
547 1757 692 1801 neque
724 1756 794 1785 me
815 1740 860 1784 id
888 1756 1014 1799 agere
1032 1750 1081 1784 ut
1105 1740 1159 1784 ad
1181 1740 1454 1784 communio-

52 1828 153 1858 nem
171 1811 429 1857 catholicam
448 1812 680 1872 quisquam
696 1820 880 1870 cogatur
893 1811 1071 1866 invitus,
1088 1809 1163 1854 sed
1182 1819 1232 1854 ut
1247 1810 1453 1854 omnibus

53 1884 300 1928 errantibus
334 1892 483 1943 aperta
503 1883 661 1928 veritas
684 1882 955 1937 declaretur,
981 1891 1024 1926 et
1047 1897 1124 1941 per
1146 1891 1346 1926 nostrum
1368 1882 1451 1925 mi·

53 1954 303 2010 nisterium‚
342 1957 433 1998 Deo
463 1955 677 2013 juvante,
715 1952 993 1998 manifestata
1025 1969 1070 1998 se
1101 1950 1453 2012 amplectandam

54 2034 186 2085 atque
199 2023 450 2070 sectandam
473 2024 574 2068 satis
588 2024 679 2084 ipsa
697 2025 972 2083 persuadeat.

112 2098 172 2141 II.
212 2096 330 2150 Quid
351 2095 467 2140 enim
491 2095 791 2150 execrabilius,
817 2110 967 2155 quaeso
992 2103 1058 2150 te,
1094 2104 1144 2139 ut
1166 2094 1250 2139 alia
1267 2103 1450 2150 taceam,

55 2182 189 2227 quam
208 2167 254 2212 id
274 2166 398 2226 quod
422 2181 541 2210 nunc
571 2167 729 2210 accidit
752 2168 770 2210 ι)
789 2166 1034 2226 Corripitur
1063 2166 1119 2210 ab
1141 2166 1345 2225 episcopo
1373 2179 1453 2210 suo

52 2239 240 2299 juvenis,
260 2237 425 2282 crebris
448 2236 642 2282 caedibus
662 2237 812 2282 matris
834 2237 1027 2293 insanus,
1052 2244 1095 2280 et
1117 2236 1270 2295 impias
1298 2251 1454 2280 manus

58 2323 140 2358 nec
164 2308 249 2353 illis
270 2308 441 2365 diebu8‚
462 2323 563 2353 cum
586 2309 717 2353 etiam
735 2308 940 2353 severitas
958 2307 1108 2366 legum
1122 2306 1458 2352 sceleratissimis

59 2381 222 2439 parcit,
248 2396 273 2425 a
291 2379 530 2425 visceribus
551 2379 670 2425 unde
693 2389 822 2425 natus
845 2390 910 2424 est
937 2394 1160 2424 revocans.
1185 2378 1380 2424 Minatur
1398 2378 1456 2421 ei-

0 2510 1 2521 *
62 2449 162 2494 dem
185 2451 313 2495 matri
334 2467 377 2495 se
396 2452 442 2496 in
463 2460 633 2511 partem
656 2451 813 2496 Donati
830 2450 1185 2506 transiturum‚et
1202 2465 1298 2495 eam
1320 2463 1455 2509 quam

96 2561 125 2581 '¹
148 2558 233 2592 Alias
247 2570 374 2594 euvm.
393 2572 461 2603 quae
482 2554 591 2594 autern
615 2571 709 2593 xxxiv
734 2565 816 2602 erat,
845 2570 929 2592 nunc
946 2571 1032 2592 xxxi.
1050 2576 1091 2583 --
1108 2560 1234 2602 Scripta
1257 2562 1331 2601 post
1355 2567 1455 2600 supe-

0 2624 8 2638 1·
65 2612 191 2646 riorem.
