1790 3187
324 184 406 223 214
763 195 796 220 s.
832 192 1063 219 Auorstmm
1096 192 1275 218 Emscol’l

322 260 445 319 petiit
468 258 582 302 Elias
600 267 686 302 tam
704 257 890 300 breviter
913 265 956 299 et
974 265 1059 299 tam
1082 256 1281 309 fidenter,
1303 264 1558 314 utresurgat
1577 272 1697 315 puer,

325 329 424 374 satis
438 328 601 371 indicat
616 342 704 385 quo
723 324 1006 369 affectudieta
1025 325 1108 368 sint
1126 325 1359 383 superiora.
1376 328 1431 369 Et
1449 326 1536 384 ipsa
1549 326 1703 372 mulier
1724 383 1728 387 ι
1781 354 1783 367 2

323 398 511 444 ostendit
530 397 582 440 ad
607 397 688 440 hoc
712 396 1015 439 mortificatum
1035 395 1171 438 filium
1199 410 1323 438 suum
1340 394 1486 449 fuisse,
1509 395 1564 438 ad
1585 395 1704 455 quod
1756 411 1757 415 ’
1782 400 1783 406 ’

323 466 440 513 Elias
462 468 627 512 factum
651 481 738 509 esse
761 475 1109 525 praesumpserat,
1133 460 1325 509 cum'illa
1348 466 1478 509 verba
1496 481 1582 510 non
1599 482 1704 511 con·

322 538 537 584 firmando
555 572 565 592 ‚
598 536 672 580 sed
704 536 927 581 renuendo
949 537 1261 580 enuntiaverat.
1288 538 1398 581 Cum
1421 538 1534 580 enim
1557 537 1705 584 vivum

323 610 553 667 recepisset
569 607 705 650 filium
726 622 869 662 suum,
887 608 1110 660 ait,«Ecce
1133 607 1332 665 cognovi,
1351 608 1556 666 quoniam
1574 608 1704 654 homo

327 698 347 721 »
375 680 449 722 Dei
465 694 507 722 es
526 687 574 721 tu
590 712 600 732 ,
619 686 661 720 et
689 678 873 720 verbum
896 678 1066 721 Domini
1087 677 1132 719 in
1155 692 1228 720 ore
1251 686 1326 720 tuo
1347 677 1703 722 certissimum1.»

322 748 460 794 Multa
484 757 585 792 sunt
612 756 756 791 autem
779 747 823 790 in
848 747 1076 806 Scripturis
1098 782 1108 800 ,
1134 763 1232 806 quae
1255 747 1335 791 nisi
1357 746 1431 791 illo
1453 749 1583 792 modo
1612 764 1708 807 pro-

324 819 657 873 nuntientur,in
680 818 939 862 contrariam
963 820 1218 861 sententiam
1236 818 1435 862 recidunt
1453 838 1462 864 :
1482 819 1604 863 sicuti
1627 828 1705 876 est,

328 910 348 933 «
374 891 480 943 Quis
509 890 728 934 accusabit
759 889 961 934 adversus
988 889 1145 933 electos
1180 890 1255 932 Dei
1277 891 1293 930 ?
1316 893 1428 934 Deus
1453 890 1529 949 qui
1550 890 1709 949 justifi-
1756 893 1778 947 4'

325 979 347 1004 >›
378 971 446 1006 cat
465 965 497 1005 2.
533 979 552 1003 »
586 962 630 1006 Si
661 961 783 1021 quasi
814 962 1077 1005 confirmans
1095 961 1353 1020 respondeas
1373 995 1384 1015 ,
1405 961 1524 1004 vides
1548 970 1709 1021 quanta

325 1032 580 1092 perversitas
598 1032 776 1076 oriatur.
818 1032 885 1076 Sic
918 1047 1018 1090 ergo
1053 1031 1431 1090 pronuntiandum
1463 1040 1562 1086 est,
1593 1047 1641 1076 ac
1677 1033 1711 1077 si
1767 1050 1774 1075 ι

323 1103 563 1158 diceretur,
600 1107 810 1147 Deus-ne.
836 1103 910 1162 qui
931 1104 1138 1162 justificat
1160 1104 1177 1146 P
1206 1112 1255 1146 ut
1277 1102 1561 1146 subaudiatur
1579 1137 1590 1157 ,
1615 1105 1711 1148 Non

325 1174 494 1233 utique.
521 1176 584 1217 Ac
601 1189 676 1232 per
698 1175 782 1218 hoc
804 1182 994 1232 apertam
1028 1182 1133 1231 puto
1156 1187 1242 1215 esse
1263 1172 1379 1215 illam
1404 1172 1509 1215 Eliae
1535 1181 1710 1217 senten-

327 1246 429 1302 tiam
447 1279 458 1298 ,
479 1258 610 1304 quam
636 1260 724 1288 non
749 1253 912 1287 servata
938 1243 1234 1301 pronuntiatio
1256 1241 1442 1286 faciebat
1464 1243 1707 1288 obscuram.

383 1318 582 1368 Quffisno
608 1317 684 1358 VI.
717 1341 771 1347 -—
796 1317 857 1358 De
890 1313 1042 1372 spiritu
1072 1329 1175 1357 vero
1202 1314 1443 1368 mendacii,
1473 1329 1549 1373 per
1581 1329 1710 1374 quem

325 1384 534 1444 deeeptus
552 1393 614 1428 est
637 1384 787 1429 Achab
806 1384 934 1438 3,hoc
951 1382 1260 1442 intelligamus,
1281 1383 1495 1443 quodjam
1518 1384 1711 1443 superius

325 1455 424 1500 satis
458 1465 603 1514 aperte
632 1463 866 1498 tractatum
900 1455 1118 1499 arbitror:
1151 1458 1289 1498 Deum
1319 1454 1480 1499 seilicet
1517 1455 1712 1514 omnipo-

325 1534 490 1569 tentem
508 1535 550 1569 et
566 1527 734 1584 justum
750 1523 1075 1568 distributorem
1096 1540 1326 1583 poenarum
1350 1526 1713 1585 praemiorumque

324 1611 404 1656 pro
430 1596 591 1639 meritis
610 1630 621 1650 ,
658 1611 744 1640 non
766 1595 906 1639 solum
929 1596 1056 1639 bonis
1078 1605 1119 1639 et
1143 1596 1299 1639 sanctis
1332 1596 1535 1640 ministris
1564 1596 1629 1639 uti
1658 1594 1712 1641 ad

324 1682 454 1725 opera
474 1681 664 1723 congrua
680 1700 691 1720 ‚
716 1666 791 1709 sed
809 1667 937 1709 etiam
959 1665 1080 1709 malis
1108 1665 1161 1709 ad
1180 1681 1310 1724 opera
1332 1665 1463 1724 digna
1485 1685 1493 1710 :
1521 1681 1621 1710 cum
1651 1664 1713 1709 illi

324 1752 404 1796 pro
431 1752 507 1780 sua
523 1752 719 1795 perversa
742 1736 978 1794 cupiditate
997 1752 1151 1780 nocere
1172 1745 1392 1795 appetant,
1413 1736 1612 1780 sinantur
1630 1752 1710 1780 au-

326 1816 414 1851 tern
439 1816 608 1851 tantum
633 1816 846 1866 quantum
866 1806 937 1850 ille
955 1807 1150 1866 judicat,
1176 1807 1252 1864 qui
1275 1808 1419 1850 omnia
1447 1807 1493 1864 in
1516 1821 1714 1852 mensura

330 1886 372 1920 et
394 1876 588 1935 pondere
606 1886 648 1920 et
669 1892 852 1920 numero
866 1878 1055 1936 disponit
1072 1878 1103 1921 4.
1132 1877 1243 1921 Dixit
1261 1886 1406 1920 autem
1421 1877 1714 1921 hocMichaeas

330 1949 543 2006 propheta
587 1949 809 2006 quomodo
846 1948 926 1991 sibi
959 1946 1090 1991 luerit
1128 1947 1488 1991 demonstratum.
1533 1946 1714 1992 Occulta
1750 1962 1753 1970 ·

333 2019 447 2061 enim
470 2033 533 2061 res
557 2027 598 2061 et
615 2018 740 2061 nimis
755 2028 916 2061 secreta
932 2018 990 2061 ita
1006 2018 1326 2061 demonstratur
1346 2019 1587 2076 Prophetis,
1605 2018 1714 2062 sicut

296 2134 300 2140 ,
331 2098 472 2147 potest
494 2104 646 2147 capere
661 2104 807 2132 sensus
824 2089 1058 2141 humanus,
1083 2105 1182 2132 cum
1206 2089 1332 2132 etiam
1351 2104 1495 2132 rerum
1518 2088 1714 2148 imagini-

330 2160 413 2204 bus
434 2160 479 2203 in
506 2159 767 2204 revelatione
789 2169 997 2220 tanquam
1020 2160 1161 2204 verbis
1194 2160 1436 2203 instruitur.
1470 2162 1578 2205 Nam
1602 2175 1714 2220 quo-

334 2230 464 2274 modo
489 2234 599 2274 Deus
623 2231 715 2274 haec
733 2239 852 2289 agat,
870 2231 1031 2290 ubique
1046 2240 1162 2274 totus
1183 2247 1232 2274 ac
1254 2247 1422 2290 semper
1437 2246 1624 2289 praesens
1646 2238 1714 2287 3et

331 2299 555 2359 quomodo
578 2301 667 2358 ejus
688 2300 925 2359 simplicem
938 2300 1396 2344 etincon.mutabilem
1419 2310 1712 2359 aeternamque

333 2370 556 2414 veritatem
571 2369 800 2415 consulant
814 2371 949 2415 sancti
965 2370 1117 2428 Angeli
1133 2387 1369 2431 omnesque
1386 2372 1440 2415 ab
1456 2370 1608 2415 eodem
1625 2373 1712 2415 Deo

382 2477 390 2494 ¹
413 2471 431 2502 3
462 2474 538 2514 ch.
560 2483 641 2513 xvir,
673 2472 727 2515 24.
742 2490 783 2496 -
799 2479 811 2496 ²
831 2475 922 2506 Rom.
941 2484 1009 2514 viu,
1042 2472 1094 2505 33.
1114 2490 1152 2496 —
1170 2471 1183 2496 3
1203 2473 1221 2505 3
1238 2475 1315 2515 Reg.
1351 2483 1431 2512 xxii,
1451 2481 1505 2506 20.
1525 2488 1565 2496 -
1582 2473 1598 2503 ⁴
1626 2474 1699 2515 Sap.

336 2538 381 2568 xi,
403 2537 455 2559 21.

1750 2213 1754 2346 Ι

1749 2347 1753 2519 ἓ

1749 2521 1753 2680 Ξ

1748 2998 1752 3064 ι

1748 3113 1755 3187 ι
