1790 3187
549 273 750 304 nmsrom
782 275 900 303 xxxv
910 291 919 303 .
1346 261 1431 301 379

45 401 1094 427 mmmmmwwxwwmwnmmmtvmwuwmwu
1102 401 1169 418 mm
1173 401 1414 418 mmmm-{W

452 518 781 576 EPISTOLA
818 519 1004 566 XXXV
1018 512 1050 566 ¹.

89 657 223 693 Domino
245 655 362 691 eximio
381 655 560 699 meritoque
578 653 778 697 suscipiendo
802 657 835 686 et
851 651 1057 686 dilectissimo
1073 651 1167 687 fratri
1188 649 1383 685 EUSEBIO

588 710 897 745 AUGUSTINUS.

43 835 226 881 Rursus
249 830 524 892 interpellat
544 828 906 887 Easebz'umjuc
941 827 1235 874 Clert‘corwn
1267 828 1435 874 Dona-

107 907 329 951 tistarum
364 903 606 949 licentiam
637 912 769 947 curet
797 899 1118 947 coercendam
1134 916 1228 958 per
1248 900 1434 944 Procu-

105 975 318 1022 leianum
340 977 637 1036 episcopum:
667 972 882 1032 alioquin
906 981 958 1016 ut
978 971 1037 1016 cle
1057 987 1108 1016 se
1127 969 1286 1016 nullas
1303 986 1435 1029 quse-

104 1058 257 1104 ratur,
280 1049 322 1092 si
351 1045 480 1091 hane
504 1045 577 1091 illc·
591 1045 806 1107 perferri
832 1046 883 1091 ιή
898 1045 1120 1091 notitiam
1138 1060 1230 1104 per
1247 1040 1436 1089 codices

99 1117 320 1179 publicos
328 1118 530 1180 jecerit.

106 1258 142 1299 I.
161 1257 258 1302 NON
279 1269 358 1313 ego
381 1253 598 1299 recusanti
609 1251 820 1299 voluntati
837 1261 925 1297 tuae
933 1251 1167 1313 judicium,
1183 1251 1292 1295 sicut
1312 1249 1436 1306 dicis,

45 1327 160 1371 inter
182 1328 407 1386 episcopos
439 1325 722 1371 subeundum
745 1324 953 1369 molestus
974 1324 1223 1368 exhortator
1256 1330 1332 1366 aut
1358 1320 1438 1364 de-

46 1407 248 1456 precator
263 1397 464 1457 imposui.
479 1397 607 1451 Quod
623 1395 803 1456 quidem
815 1396 980 1442 etiamsi
993 1393 1175 1440 suadere
1188 1392 1439 1447 voluissem,

47 1483 218 1528 possem
257 1468 438 1514 fortasse
470 1468 597 1514 facile
633 1468 886 1524 ostendere,
913 1483 1045 1528 quam
1079 1466 1223 1512 valeas
1246 1463 1443 1524 judicare

48 1538 162 1587 inter
178 1556 256 1585 nos
269 1541 315 1585 in
334 1550 423 1585 tam
441 1540 670 1585 manifesta
693 1549 825 1599 atque
842 1548 989 1598 aperta
1011 1553 1156 1592 causa,
1175 1545 1219 1580 et
1239 1533 1369 1595 quale
1390 1534 1444 1577 sit

51 1608 164 1654 illud
192 1611 313 1669 quod
345 1611 473 1667 facis,
508 1620 559 1655 ut
585 1626 675 1656 non
698 1610 854 1655 auditis
882 1609 1077 1669 partibus
1097 1609 1189 1668 jam
1218 1606 1333 1650 ferre
1354 1618 1444 1648 non

44 1681 226 1730 ,dubites
256 1697 335 1741 pro
372 1699 460 1727 una
489 1692 611 1742 parte
646 1683 923 1737 sententiam,
953 1683 1029 1741 qui
1055 1679 1271 1740 judicium
1303 1675 1445 1720 refor-

51 1753 189 1798 midas
211 1773 219 1798 :
253 1753 329 1798 sed
363 1755 447 1799 hoc
463 1789 474 1810 ‚
500 1764 550 1798 ut
568 1754 681 1809 dixi,
710 1754 886 1798 interim
911 1753 1127 1798 omittam.
1160 1749 1278 1796 Nihil
1299 1756 1446 1792 autem

54 1839 308 1883 rogaveram
334 1825 454 1870 aliud
480 1826 786 1870 honorabilem
815 1825 1131 1884 benignitatem
1153 1831 1302 1876 tuam,
1327 1817 1449 1879 quod

55 1911 204 1954 quaeso
234 1897 411 1941 tandem
434 1897 481 1941 in
502 1897 584 1941 hac
605 1897 757 1941 saltem
781 1895 964 1956 epistola
985 1894 1174 1952 digneris
1206 1893 1446 1944 advertere,

54 1967 137 2010 nisi
160 1975 210 2012 ut
238 1982 455 2027 quaereres
486 1983 511 2012 a
540 1967 850 2022 Proculeiano‚
877 1975 1025 2011 utrum
1055 1966 1140 2010 hoc
1173 1965 1264 2023 ipse
1292 1960 1450 2006 dixerit

0 2076 1 2079 ,
46 2037 222 2087 ⁴Victori
242 2038 486 2097 presbyteri
507 2053 586 2084 suo
603 2073 614 2094 ‚
640 2038 762 2099 quod
781 2039 837 2083 ab
859 2054 911 2083 eo
934 2038 1018 2083 sibi
1035 2036 1203 2081 dictum
1224 2033 1451 2094 publicum

0 2139 2 2153 i
59 2107 254 2153 officium
275 2108 558 2164 renuntiavit,
585 2125 640 2153 an
661 2109 775 2154 forte
808 2109 884 2170 qui
905 2108 1022 2153 missi
1042 2117 1161 2162 sunt,
1178 2121 1268 2151 non
1290 2102 1412 2164 quod
1427 2117 1451 2144 a

48 2179 233 2226 *Victore
247 2180 497 2235 audierunt,
509 2178 585 2224 sed
598 2178 758 2224 falsum
776 2180 914 2224 Gestis
929 2179 1142 2238 persecuti
1164 2178 1272 2221 sint:
1292 2174 1452 2218 deinde

59 2251 168 2310 quid
200 2250 264 2295 illi
287 2252 341 2295 de
366 2260 456 2296 tota
477 2252 568 2312 ipsa
584 2252 828 2312 quaestione
858 2252 972 2295 inter
995 2265 1074 2296 nos
1091 2245 1362 2294 discutienda
1387 2246 1452 2290 vi-

56 2319 465 2375 ‚deretur.Arbitror
487 2334 635 2369 autem
656 2340 747 2369 non
760 2323 954 2384 judicem
977 2322 1071 2366 fieri
1094 2336 1212 2375 eum,
1232 2320 1309 2379 qui
1327 2332 1453 2376 roga-

18 2423 19 2449 3
55 2401 133 2438 rtur
164 2403 214 2439 ut
245 2395 484 2455 interroget
520 2396 734 2457 aliquem,
759 2405 803 2441 et
830 2395 950 2455 quod
974 2394 1014 2438 ei
1035 2407 1289 2453 responsum
1320 2388 1455 2435 fuerit

18 2477 19 2510 i
64 2466 299 2511 rescribere
324 2467 545 2526 dignetur.
578 2471 671 2513 Hoc
695 2484 800 2527 ergo
822 2468 952 2512 etiam
980 2482 1100 2511 nunc
1122 2480 1229 2523 rogo
1245 2472 1296 2507 ut
1312 2461 1455 2506 facere

113 2579 122 2595 ¹
154 2573 238 2605 Alias
255 2584 356 2607 cmxix.
375 2586 444 2617 quae
461 2580 567 2609 autem
590 2587 672 2610 xxxv
690 2580 773 2618 erat,
792 2586 874 2608 nunc
892 2585 978 2607 xxiv,
992 2591 1034 2596 —-
1047 2572 1173 2615 Scripta
1195 2571 1289 2614 paulo
1306 2573 1379 2612 post
1401 2579 1455 2600 su-

67 2637 236 2669 per-iorem.
