1790 3187
318 199 399 238 106
749 210 781 235 S.
818 207 1048 236 AUGUSTINI
1079 209 1260 237 Emscom

314 289 452 335 usque
480 288 630 318 omnes
657 271 820 316 inimici
847 287 945 316 eum
977 287 1156 331 regnare
1190 272 1431 318 fateantur?
1470 273 1601 319 Aliud
1626 284 1690 324 est
1760 335 1761 340 1

315 360 416 403 ergo
436 359 524 388 non
542 342 725 402 amplius
758 342 1034 396 manifestari,
1060 343 1179 387 aliud
1202 359 1290 387 non
1314 343 1494 403 amplius
1517 359 1689 401 perma—
1729 391 1733 395 ,
1752 351 1761 383 »’

315 432 432 461 nere.
459 418 554 460 Non
578 414 763 472 amplius
786 412 1070 468 manifestari,
1094 423 1156 458 est
1179 430 1266 458 non
1283 415 1374 458 fieri
1393 414 1686 461 manifestius:

314 502 400 530 non
427 485 610 544 amplius
626 498 898 542 permanere,
919 499 1006 527 non
1022 484 1113 527 fieri
1131 485 1484 544 perseverantius.
1504 484 1690 537 Quando

314 566 457 600 autem
480 554 746 599 manifestius
769 554 849 596 erit
870 568 1049 612 regnum
1073 555 1248 610 Christi,
1273 570 1402 614 quam
1424 569 1524 598 cum
1546 556 1689 600 omni-

314 628 395 670 bus
412 625 615 670 claruerit
638 623 848 667 inimicis?

372 698 434 739 6⁰.
475 714 494 736 «
523 694 763 740 Novissima
783 693 954 736 inimica
971 693 1218 738 destruetur
1233 696 1392 738 mors¹.
1417 697 1553 740 »Non
1575 695 1693 740 enim
1758 731 1759 735 ,

313 767 392 810 erit
410 765 525 809 aliud
550 764 670 824 quod
692 764 940 807 destruatur
961 799 970 816 ‚
990 773 1136 822 postea
1158 779 1289 822 quam
1317 763 1498 808 mortale
1520 765 1602 809 hoc
1624 766 1694 809 in-
1758 750 1759 794 s

314 837 458 881 duerit
480 834 863 879 immortalitatem.
895 853 914 875 «
939 834 1089 878 Omnis
1115 834 1228 878 enim
1253 834 1436 893 subjecit
1468 835 1550 878 suh
1572 834 1695 894 pedi-

317 925 336 948 »
364 907 444 950 bus
467 908 559 966 ejus
582 925 591 950 ι
615 924 633 946 »
660 906 743 949 hoc
764 914 854 958 est,
880 914 930 948 ut
946 904 1073 948 etiam
1099 914 1280 948 mortem
1303 905 1510 949 destruat.
1540 924 1559 947 «
1581 907 1694 950 Cum
1757 933 1760 940 ·

315 996 335 1019 »
363 988 507 1022 autem
526 978 708 1029 dixerit,
734 976 836 1035 quia
855 976 1000 1020 omnia
1018 976 1207 1034 subjecta
1227 986 1327 1020 sunt
1348 995 1356 1020 :
1380 995 1400 1017 »
1418 976 1524 1020 dixit
1542 977 1695 1036 utique
1756 977 1758 1004 ³

315 1050 531 1108 Propheta
555 1048 599 1090 in
622 1045 800 1091 Psalmis
822 1065 830 1090 :
857 1066 876 1087 «
902 1047 1177 1090 manifestum
1199 1056 1262 1090 est
1284 1047 1384 1106 quia
1413 1057 1569 1105 praeter
1593 1063 1693 1092 eum
1756 1102 1758 1107 ,

317 1137 336 1159 »
363 1119 438 1177 qui
461 1118 646 1177 subjecit
666 1116 727 1160 illi
752 1117 920 1160 omnia²
949 1136 956 1160 :
985 1135 1004 1156 n
1031 1120 1199 1160 Patrem
1222 1116 1316 1160 vult
1342 1116 1525 1175 intelligi
1549 1117 1694 1162 omnia

314 1188 425 1232 Filio
442 1187 672 1246 subjecisse
689 1221 700 1240 ‚
718 1186 827 1230 sicut
851 1186 996 1229 multis
1014 1186 1117 1230 locis
1131 1187 1245 1230 idem
1268 1188 1472 1230 Dominus
1488 1188 1530 1230 in
1550 1190 1695 1231 Evan-

313 1257 425 1316 gelio
447 1256 723 1301 commendat
740 1265 783 1299 et
802 1255 1027 1314 praedicat,
1049 1272 1136 1299 non
1155 1257 1292 1300 solum
1311 1267 1486 1315 propter
1509 1255 1694 1301 formam
1756 1277 1757 1287 ¹

310 1329 447 1381 servi,
484 1327 557 1371 sed
588 1328 715 1371 etiam
749 1336 925 1385 propter
954 1327 1215 1386 principium
1241 1327 1295 1370 de
1315 1343 1403 1386 quo
1425 1337 1514 1382 est,
1543 1338 1586 1372 et
1607 1344 1696 1387 quo

309 1398 486 1458 aequalis
503 1407 570 1441 est
589 1397 699 1441 eide
717 1413 805 1457 quo
828 1406 904 1440 est.
928 1400 1055 1441 Amat
1071 1398 1186 1445 enirn
1209 1398 1261 1441 ad
1283 1413 1419 1441 unum
1433 1398 1695 1456 principium

311 1469 470 1513 referre
492 1468 635 1513 omnia
654 1503 664 1522 ‚
689 1477 894 1527 tanquam
914 1469 1054 1525 imago
1077 1469 1167 1527 ejus
1182 1503 1193 1523 ‚
1219 1467 1293 1512 sed
1312 1469 1355 1511 in
1377 1484 1465 1528 quo
1481 1468 1696 1513 inhabitat
1725 1501 1728 1505 r

312 1541 452 1584 omnis
472 1539 700 1599 plenitudo
717 1538 952 1582 divinitatis
966 1539 996 1580 3.

369 1612 430 1653 7⁰.
470 1629 488 1650 «
523 1612 633 1654 Cum
663 1618 806 1652 autem
830 1608 869 1650 ei
900 1609 1044 1651 omnia
1072 1608 1261 1667 subjecta
1296 1607 1488 1663 fuerint,
1519 1617 1626 1653 tunc
1652 1617 1695 1652 et

314 1700 332 1722 »
358 1682 448 1739 ipse
471 1680 606 1724 Filius
637 1680 856 1739 subjectus
883 1680 964 1722 erit
988 1680 1023 1722 ei
1040 1714 1050 1734 ‚
1073 1679 1148 1738 qui
1168 1678 1227 1722 illi
1247 1679 1428 1738 subjecit
1458 1680 1646 1723 omnia⁴.
1670 1698 1690 1720 υ

309 1754 404 1797 Non
428 1751 549 1810 quasi
578 1750 708 1794 modo
736 1766 824 1794 non
859 1750 914 1794 ita
943 1751 1017 1804 sit,
1050 1749 1123 1794 sed
1148 1759 1252 1794 tunc
1277 1749 1556 1793 manifestum
1581 1750 1691 1805 erit,

312 1821 551 1866 secundum
582 1821 847 1865 locutionem
881 1820 1078 1879 superius
1104 1828 1343 1863 tractatam.
1375 1839 1394 1862 «
1424 1822 1479 1864 Ut
1507 1820 1560 1864 sit
1586 1823 1695 1864 Deus

314 1912 334 1935 »
359 1894 503 1937 omnia
526 1893 570 1936 in
593 1893 810 1936 omnibus.
835 1910 852 1932 »
877 1895 972 1951 Ipse
991 1902 1054 1935 est
1072 1892 1168 1935 finis
1183 1926 1193 1945 ‚
1215 1907 1345 1951 quern
1365 1892 1560 1951 superius
1575 1907 1694 1937 com·
1745 1905 1748 1914 ·

311 1965 588 2016 memoravit,
614 1980 712 2007 eum
741 1973 880 2007 totum
904 1963 1043 2021 primo
1069 1963 1253 2006 breviter
1268 1962 1397 2006 vellet
1415 1963 1690 2018 concludere,
1745 1971 1747 1975 '

310 2034 468 2078 deinde
502 2034 622 2093 quasi
657 2034 927 2076 membratim
960 2033 1173 2092 explicare
1195 2042 1237 2076 et
1264 2048 1491 2091 exponeret
1519 2036 1694 2093 Loque-

314 2106 439 2149 batur
461 2107 573 2148 enim
599 2105 652 2148 de
676 2105 1008 2158 resurrectione,
1027 2104 1103 2147 ubi
1124 2105 1205 2158 ait,
1237 2123 1254 2145 α
1275 2105 1450 2147 Initium
1473 2105 1690 2160 Christus,

315 2174 518 2218 »deinde
551 2175 579 2217 ii
612 2175 688 2233 qui
722 2183 822 2218 sunt
851 2174 1008 2218 Christi
1043 2174 1086 2217 in
1121 2174 1345 2232 praesentia
1375 2175 1466 2232 ejus
1486 2209 1496 2227 ‚
1535 2173 1693 2218 deinde

317 2265 335 2286 »
363 2246 498 2288 finisss.
530 2262 548 2282 u
582 2247 676 2303 Ipse
701 2244 861 2287 scilicet
883 2244 978 2287 finis
1001 2254 1086 2299 est,
1123 2264 1142 2285 «
1177 2254 1224 2287 ut
1253 2244 1306 2287 sit
1336 2247 1449 2287 Deus
1478 2246 1624 2288 omnia
1649 2245 1694 2289 in

315 2334 334 2356 »
361 2315 577 2360 omnibus.
601 2333 619 2355 υ
641 2313 775 2358 Aliter
797 2315 909 2358 enim
926 2314 1082 2358 dicitur
1104 2314 1201 2358 finis
1219 2314 1293 2374 qui
1312 2315 1499 2374 pertinet
1515 2315 1569 2358 ad
1587 2331 1693 2359 con-

311 2387 667 2440 summationem,
709 2384 831 2429 aliter
868 2385 941 2444 qui
977 2385 1162 2443 pertinet
1203 2385 1257 2428 ad
1294 2385 1688 2444 consumptionem.

362 2495 370 2512 ¹
390 2491 463 2521 Cor.
485 2500 537 2529 xv,
558 2488 613 2521 26.
633 2505 671 2511 -
688 2495 700 2511 ²
720 2488 798 2520 psal.
820 2498 888 2524 vni,
908 2490 939 2520 8.
956 2505 997 2511 —
1013 2486 1027 2510 3
1045 2479 1165 2520 colone.
1192 2498 1226 2525 ιι,
1244 2499 1277 2528 9.
1294 2487 1359 2517 -4
1380 2500 1392 2518 1
1414 2489 1484 2520 Cor.
1507 2499 1559 2529 xv,
1577 2491 1630 2521 28.
1651 2505 1690 2512 ——-
1742 2479 1744 2499 ἶ

315 2542 328 2565 5
346 2543 426 2575 Ibid.
449 2544 501 2574 '23-
