1790 3187
601 249 800 280 m’isrom
832 251 963 279 xxm.
1390 240 1474 281 315

28 316 31 358 ἶ
90 329 286 378 tempora
309 316 552 362 Macariana
571 351 581 371 ‚
607 332 687 361 nec
710 331 792 375 ego
814 317 1019 360 saevitiam
1043 315 1472 362 Circumcellionum.

92 391 134 436 Si
160 391 240 434 boc
261 389 313 432 ad
341 398 381 432 te
409 403 497 432 non
521 388 731 446 pertinet,
756 403 836 431 nec
859 387 967 431 illud
999 388 1050 431 ad
1075 403 1157 431 me.
1191 392 1300 432 Area
1328 389 1475 432 Domi-

89 461 183 506 nica
212 459 408 503 nondum
439 459 642 504 ventilata
672 467 763 513 est,
800 458 892 502 sine
916 458 1046 517 paleis
1077 473 1166 502 esse
1196 474 1283 502 non
1314 468 1470 518 potest.

89 532 174 577 Nos
196 546 367 574 oremus
387 565 398 584 ‚
424 538 554 589 atque
576 544 752 587 agamus
775 539 990 589 quantum
1023 545 1249 588 possumus
1270 564 1281 584 ‚
1307 540 1356 573 ut
1382 529 1475 573 siu·-

89 611 284 646 mentum
309 601 456 644 simus.
486 603 575 658 Ego
601 599 656 643 (le
680 600 943 659 rebaptizato
967 599 1150 644 diacono
1177 609 1325 644 nostro
1351 600 1476 643 silere

88 686 175 716 non
199 685 372 730 possum
395 689 404 715 ε
425 671 512 714 scio
531 670 644 713 enirn
667 686 797 730 quam
818 671 922 713 mibi
942 670 1159 714 silentium
1186 670 1474 729 perniciosum

86 742 154 787 sit.
187 744 282 787 Non
306 742 419 785 enim
447 742 592 799 cogito
624 741 668 784 in
691 739 984 786 ecclesiasticis
1012 741 1250 786 bonoribus
1278 751 1473 801 tempora

85 822 262 859 ventosa
288 812 542 871 transigere,
576 811 650 855 sed
675 813 818 869 cogito
844 827 912 856 me
935 812 1112 871 principi
1136 821 1356 871 pastorum
1380 828 1475 857 orn·-

86 883 207 927 nium
236 884 445 926 rationem
467 882 521 925 dc
543 883 779 926 commissis
801 883 956 925 ovibus
979 883 1269 925 redditurum.
1296 885 1335 927 Si
1360 882 1475 928 forte

85 954 222 999 nolles
246 964 293 997 ut
318 955 409 997 hacc
435 954 511 996 tibi
534 953 782 1005 scriberem,
806 962 976 1011 oportet
1000 962 1059 1007 te,
1084 952 1231 1007 trater,
1253 953 1474 1012 ignoscere

85 1026 225 1069 timori
245 1040 356 1068 meo.
379 1024 568 1068 Multum
588 1024 698 1066 enim
721 1024 850 1067 timeo
869 1039 922 1066 ne
939 1039 1006 1067 me
1025 1033 1196 1068 tacente
1213 1034 1256 1068 ct
1279 1026 1474 1070 dissimu-

84 1095 226 1149 lante,
253 1095 324 1139 alii
347 1111 524 1155 quoque
554 1096 878 1154 rebaptizentur
908 1111 929 1138 a
963 1095 1100 1139 vobis.
1130 1097 1304 1139 Decrevi
1341 1113 1470 1156 ergo,

84 1177 297 1227 quantum
321 1168 430 1210 vires
452 1177 494 1210 et
518 1165 768 1210 facultatem
796 1167 1004 1210 Dominus
1033 1167 1225 1225 praebere
1242 1167 1470 1227 dignatur,

83 1253 256 1283 causam
284 1239 405 1280 istam
435 1238 493 1280 sic
524 1252 648 1295 agere
678 1246 724 1281 ut
759 1236 946 1296 pacificis
974 1236 1279 1281 collationibus
1318 1240 1474 1284 nostris

84 1325 255 1363 omnes,
283 1308 357 1368 qui
382 1308 506 1351 nobis
533 1309 885 1361 communicant,
915 1309 1116 1352 noverint
1149 1309 1203 1351 ab
1240 1309 1472 1355 haeresibus

83 1390 158 1425 aut
191 1380 493 1424 schismatibus
524 1389 738 1439 quantum
772 1379 983 1423 catholica
1022 1379 1150 1423 distet
1182 1380 1400 1435 Ecclesia,
1430 1390 1473 1425 ct

81 1461 294 1512 quantum
320 1453 372 1494 sit
395 1451 587 1494 cavenda
612 1451 822 1509 pernicies
844 1449 913 1495 vel
937 1450 1197 1494 zizaniorum
1221 1451 1289 1494 vel
1317 1453 1471 1510 praeci-

82 1537 225 1567 sorum
252 1521 307 1565 de
336 1521 423 1565 vite
454 1522 624 1565 Domini
655 1532 988 1565 sarmentorum.
1021 1525 1161 1574 Quam
1193 1522 1469 1566 collationem

80 1609 251 1640 mecum
276 1594 308 1637 si
332 1594 482 1637 libenti
510 1594 654 1638 animo
676 1594 935 1653 susceperis,
961 1603 1008 1637 ut
1029 1595 1323 1638 concordibus
1345 1595 1470 1639 nobis

81 1667 307 1710 amborum
338 1664 494 1708 litterae
530 1664 700 1724 populis
730 1667 992 1719 recitentur,
1019 1665 1229 1710 ineffabili
1265 1667 1470 1711 exultabo

80 1735 245 1780 laetitia.
283 1736 324 1780 Si
350 1746 494 1779 autern
522 1735 565 1779 id
599 1752 728 1795 aequo
755 1736 899 1779 animo
928 1752 1015 1779 non
1046 1736 1224 1794 accipis,
1260 1738 1367 1795 quid
1401 1736 1469 1780 fa-

80 1807 213 1860 ciam‚
246 1806 404 1860 frater,
441 1807 520 1849 nisi
551 1817 600 1850 ut
628 1816 669 1850 te
697 1822 874 1866 quoque
902 1807 1037 1850 invito
1070 1806 1270 1865 epistolas
1303 1817 1469 1852 nostras

79 1878 244 1938 populo
262 1876 477 1921 catholico
495 1877 634 1936 legam
649 1913 658 1931 ‚
678 1893 765 1936 quo
783 1893 872 1920 esse
892 1877 1021 1936 possit
1041 1877 1322 1922 instructior?
1340 1879 1470 1931 Quod

13 1941 16 1948 ’
79 1950 113 1993 si
136 1949 369 1992 rescribere
387 1948 589 2006 dignatus
608 1964 694 1991 non
717 1947 847 1991 fueris
861 1983 870 2001 ‚
891 1948 959 1991 vel
979 1964 1093 1991 meas
1110 1947 1252 2007 legere
1272 1950 1441 1993 decrevi
1455 1985 1465 2005 ⁷

79 2029 129 2064 ut
142 2019 290 2064 saltem
312 2019 555 2063 dillidentia
575 2029 711 2063 vestra
731 2019 900 2078 cognita
922 2018 1174 2077 rebaptizari
1190 2021 1464 2064 erubescant.

137 2093 236 2134 Vll.
273 2093 423 2150 Neque
446 2089 487 2134 id
519 2106 643 2149 agam
674 2107 773 2135 cum
810 2090 930 2135 miles
956 2107 1141 2150 praesens
1176 2102 1263 2147 est,
1297 2108 1350 2136 ne
1373 2093 1468 2152 quis

77 2171 265 2208 vestrum
291 2163 526 2205 arbitretur
543 2162 854 2207 tumultuosius
872 2179 940 2206 me
960 2178 1083 2221 agere
1101 2163 1285 2208 voluisse
1304 2184 1314 2220 3
1335 2179 1465 2224 quarn

78 2234 185 2278 ratio
207 2234 323 2293 pacis
346 2234 586 2288 desiderat,
612 2234 686 2278 sed
712 2243 808 2293 post
829 2235 1074 2278 abscessum
1098 2234 1245 2277 militis
1261 2270 1272 2289 ‚
1298 2246 1346 2277 ut
1368 2250 1465 2278 om-

79 2319 152 2348 nes
169 2306 242 2365 qui
262 2321 339 2349 nos
356 2304 542 2348 audiunt
559 2306 806 2364 intelligant
824 2322 910 2349 non
928 2306 1010 2349 hoc
1028 2321 1117 2349 esse
1134 2306 1341 2364 propositi
1358 2306 1461 2361 mei,

78 2383 127 2418 ut
145 2375 266 2419 inviti
290 2376 484 2418 homines
502 2374 555 2418 ad
579 2377 833 2436 cujusquam
855 2377 1207 2420 communionem
1227 2386 1461 2434 cogantur,

78 2445 150 2489 sed
172 2455 220 2489 ut
241 2446 504 2506 quietissime
524 2447 822 2505 quaerentibus
846 2447 998 2490 veritas
1026 2447 1283 2491 innotescat.
1310 2450 1462 2492 Cessa-

79 2514 142 2559 bit
173 2532 195 2559 a
227 2517 382 2560 nostris
410 2518 608 2575 partibus
643 2527 782 2561 terror
815 2516 1119 2575 temporalium
1156 2526 1420 2576 potestatum
1450 2537 1458 2561 :

78 2595 210 2629 cesset
231 2586 359 2630 etiam
385 2602 408 2630 a
429 2586 580 2630 vestris
604 2586 799 2646 partibus
821 2596 958 2631 terror
979 2597 1343 2646 congregatorum
1367 2587 1462 2632 Cir-
