1790 3187
562 218 762 246 EPISTOLA
796 218 938 244 xxvu.
1367 205 1450 243 335

65 301 232 348 possem
249 320 260 341 ‚
283 284 528 330 immaniter
545 298 713 343 possem
732 317 744 337 ‚
765 298 855 326 non
874 297 998 342 posse
1016 280 1210 326 delector
1225 315 1237 335 ‚
1257 289 1389 340 atque
1407 280 1453 324 in

65 373 118 403 eo
138 355 259 417 quod
288 353 479 400 delector
502 352 765 398 nonnullum
788 351 991 396 solatium
1015 360 1093 396 est.
1119 350 1345 395 Dolentem
1367 350 1453 394 ita-

63 443 152 488 que
172 442 241 471 me
265 442 356 470 non
382 424 581 479 sedatus,
610 424 686 468 sed
713 423 1010 468 consideratus
1038 421 1287 467 consolatur
1310 420 1452 465 dolor.

65 501 128 545 Ne
161 497 481 556 reprehendas,
516 510 693 556 quaeso,
727 493 943 538 sanctiore
975 494 1184 553 gravitate
1219 508 1306 552 qua
1340 507 1456 551 prae-

65 568 180 615 vales
207 578 250 613 et
278 568 396 612 dicas
418 582 507 610 non
534 576 651 611 recte
672 580 742 609 me
764 564 913 609 dolere
930 599 941 620 ,
966 565 1087 625 quod
1113 564 1256 608 adhuc
1291 572 1334 606 te
1367 578 1457 607 non

68 640 280 694 noverim,
305 654 404 683 cum
424 638 617 682 animum
636 637 742 681 mihi
767 646 909 691 tuum,
933 637 1018 681 hoc
1039 646 1102 681 est
1119 646 1161 681 te
1183 637 1324 696 ipsum
1346 635 1458 678 inte-

68 712 223 757 riorem
248 710 546 770 aspiciendum
574 708 842 768 patefeceris.
875 708 991 762 Quid
1017 709 1133 752 enim
1164 708 1197 751 si
1227 708 1393 766 uspiam
1417 714 1458 750 te

67 782 137 829 vel
154 784 198 827 in
214 791 384 826 terrena
403 790 477 824 tua
493 781 667 825 civitate
684 779 927 824 didicissem
947 781 1124 824 fratrem
1143 789 1186 823 et
1207 778 1460 822 dilectorem

67 869 214 899 meum
231 888 242 906 ‚
267 862 310 896 et
331 861 503 897 tantum
526 852 569 895 in
594 853 781 896 Domino
803 867 848 895 ac
874 851 1002 894 talem
1026 851 1181 904 vitum,
1207 850 1460 892 nultum-ne

68 939 138 968 me
158 923 353 968 dolorem
378 939 601 968 sensurum
626 922 758 966 fuisse
789 921 1102 974 arbitrareris,
1133 921 1167 964 si
1191 936 1277 964 non
1299 921 1462 963 sinerer

68 1009 195 1039 nosse
214 994 397 1038 domum
421 995 580 1037 tuum?
604 992 837 1046 Quomodo
860 1007 964 1050 ergo
996 1007 1085 1035 non
1111 990 1282 1034 doleam
1297 1025 1308 1045 ‚
1341 988 1463 1050 quod

69 1065 267 1110 nondum
293 1064 445 1108 taciem
471 1074 589 1108 tuam
616 1064 718 1108 novi
736 1099 747 1119 ,
774 1064 856 1108 hoc
877 1073 941 1108 est
963 1063 1143 1108 domum
1167 1063 1322 1106 animae
1347 1071 1432 1106 tuae
1448 1096 1461 1117 ‚

71 1152 201 1197 quam
221 1137 333 1180 sicut
354 1151 492 1179 meam
513 1136 646 1179 novi?

130 1210 188 1252 11.
223 1207 327 1265 Legi
351 1207 467 1251 enim
494 1206 657 1250 litteras
682 1214 778 1249 tuas
805 1205 991 1249 fluentes
1013 1203 1079 1248 lac
1104 1212 1147 1247 et
1170 1203 1255 1247 mel
1272 1238 1282 1257 ‚
1307 1201 1465 1262 praefe-

71 1287 214 1322 rentes
236 1276 556 1336 simplicitatem
580 1276 722 1320 cordis
752 1275 842 1330 tui,
876 1276 920 1318 in
942 1291 1028 1335 qua
1051 1275 1207 1333 quaeris
1232 1273 1467 1317 Dominum

73 1348 262 1394 sentiens
284 1347 339 1392 de
366 1347 442 1392 illo
464 1347 509 1391 in
535 1348 752 1401 bonitate,
782 1355 824 1390 et
849 1346 1078 1390 affere-ntes
1100 1346 1136 1388 ei
1161 1344 1399 1389 claritatem
1424 1353 1468 1387 et

75 1419 301 1463 honorem.
328 1421 550 1475 Legerunt
581 1417 735 1462 fratres
751 1452 762 1471 ,
794 1426 838 1460 et
859 1418 1051 1474 gaudent
1073 1414 1403 1473 infatigabiliter
1426 1422 1471 1458 et

73 1489 202 1536 ineffu
212 1489 376 1544 biliter,
400 1499 486 1533 tam
507 1488 716 1532 uberibus
734 1499 775 1532 et
793 1497 880 1531 tam
900 1486 1212 1530 excellentibus
1228 1485 1351 1529 donis
1371 1485 1466 1539 Dei,

75 1560 200 1606 lionis
222 1560 321 1604 tuis.
343 1562 572 1619 Quotquot
587 1574 656 1602 eas
674 1558 874 1616 legerunt
892 1592 903 1611 ‚
925 1557 1128 1615 rapiunt,
1166 1557 1269 1616 quia
1289 1556 1469 1614 rapiun-

75 1640 147 1676 tur
165 1647 265 1676 cum
289 1630 456 1689 legunt.
484 1633 625 1682 Quam
649 1629 790 1673 suavis
814 1628 922 1672 odor
943 1628 1130 1681 Christi,
1155 1636 1197 1670 et
1221 1643 1351 1687 quarn
1379 1626 1470 1670 ssa·

76 1711 170 1762 grat
187 1718 238 1747 ex
260 1702 343 1757 eis,
370 1701 456 1746 dici
476 1717 565 1745 non
594 1710 750 1760 potest.
782 1699 875 1744 111ae
903 1698 1060 1743 litterae
1086 1714 1185 1742 cum
1212 1707 1254 1741 te
1277 1698 1473 1742 offerunt

77 1782 127 1818 ut
146 1772 330 1818 videaris
347 1808 358 1827 ‚
383 1781 598 1832 quantum
630 1787 708 1814 nos
735 1771 925 1813 excitant
949 1779 997 1812 ut
1019 1768 1226 1828 quaeraris
1257 1787 1265 1812 :
1298 1783 1400 1811 nam
1429 1777 1473 1812 et

78 1842 406 1903 perspicabsslem
425 1841 594 1886 faciunt
608 1851 650 1884 et
668 1839 1013 1884 desiderabilem.
1034 1843 1212 1892 Quanto
1233 1839 1346 1882 enim
1368 1854 1474 1897 prae-

80 1915 260 1960 sentiam
279 1924 398 1957 tuam
416 1913 541 1958 uobis
563 1911 754 1972 quodam
778 1910 910 1955 modo
931 1911 1158 1964 exhibent,
1179 1919 1303 1954 tanto
1317 1911 1474 1954 absen-

79 1985 182 2030 tiam
212 2001 290 2029 nos
320 1984 433 2028 ferre
462 2000 551 2027 non
580 1985 743 2027 sinunt.
778 1986 940 2026 Amant
973 1992 1014 2026 te
1048 1997 1197 2025 omnes
1231 1982 1277 2024 in
1308 1981 1366 2024 eis
1387 2015 1398 2034 ‚
1432 1989 1476 2024 et

80 2056 212 2102 amari
231 2057 306 2100 abs
323 2064 366 2100 te
388 2056 586 2115 cupiunt.
614 2053 836 2098 Laudatur
857 2064 900 2097 et
925 2051 1198 2097 benedicitur
1222 2055 1336 2096 Deus
1354 2088 1365 2107 ⁷
1393 2068 1474 2096 cu-

76 2128 145 2188 J'us
163 2127 299 2186 gratia
331 2136 376 2170 tu
403 2127 497 2170 talis
521 2141 578 2169 es.
606 2125 671 2169 Ibi
693 2125 905 2170 excitatur
932 2124 1128 2168 Christus
1145 2159 1156 2177 ‚
1182 2133 1231 2166 ut
1257 2133 1408 2167 ventos
1433 2132 1477 2167 et

83 2198 213 2242 maria
236 2197 313 2241 tibi
334 2195 505 2256 placare
523 2195 728 2254 dignetur
746 2195 944 2238 tendenti
963 2193 1015 2237 ad
1034 2193 1314 2237 stabilitatem
1334 2208 1471 2236 suam.

85 2267 270 2313 Videtur
309 2285 331 2312 a
363 2267 610 2326 legentibus
637 2266 697 2310 ibi
726 2267 882 2325 conjux
907 2281 996 2308 non
1029 2264 1118 2307 (lux
1161 2263 1214 2307 ad
1250 2263 1477 2308 mollitiem

84 2338 176 2383 viro
200 2355 304 2393 suo,
340 2340 416 2383 sed
450 2338 504 2382 ad
536 2337 838 2381 fortitudinem
873 2335 1008 2379 redux
1042 2335 1085 2377 in
1123 2350 1214 2378 ossa
1248 2335 1328 2378 viri
1365 2335 1429 2377 sui
1464 2352 1473 2378 :

87 2424 217 2470 quam
235 2410 280 2454 in
304 2419 423 2454 tuam
449 2408 660 2452 unitatem
683 2408 899 2451 redactam
923 2416 966 2450 et
987 2405 1222 2460 redditam,
1244 2416 1286 2449 et
1307 2405 1481 2465 spirita·

88 2479 202 2526 libus
229 2481 310 2526 tibi
341 2490 465 2526 tanto
494 2480 786 2533 firmioribus,
814 2487 980 2539 quanto
1011 2478 1269 2522 castioribus
1297 2477 1482 2522 nexibus

90 2550 333 2612 copulatam
348 2584 363 2607 ,
380 2550 534 2597 officiis
555 2559 709 2596 vestrae
726 2548 946 2595 sanctitati
966 2547 1153 2604 debitis,
1177 2547 1225 2593 in
1246 2556 1289 2593 te
1311 2562 1400 2593 uno
1417 2562 1481 2592 re-
