1790 3187
350 190 404 227 62
791 197 824 226 s.
862 198 1089 226 mensum
1121 199 1300 226 EPISCOPl

351 275 597 310 nostrorum
628 262 957 307 mundationem
987 254 1302 322 praefiguravit,
1329 263 1479 322 incipit
1503 272 1731 322 parentum
1758 190 1763 299 Ι

351 337 440 396 ejus
463 335 672 393 originem
691 333 902 392 gradatim
931 334 1157 393 prosequi3
1182 348 1324 392 neque
1346 332 1548 377 deorsum
1572 348 1740 388 versus„
1759 301 1763 406 i

351 407 460 450 sicut
483 404 555 449 ille
579 404 654 463 qui
677 418 776 447 eum
802 402 856 446 ad
883 404 1199 462 susceptionem
1225 412 1503 461 peccatorum
1528 412 1741 462 tanquam,

351 474 688 520 descendentem
708 473 977 528 ostendebat,
997 472 1072 517 sed
1093 488 1263 517 sursum
1283 488 1447 527 versus,
1478 481 1684 532 tanquam
1702 473 1741 518 is

352 546 428 604 qui
451 560 549 588 eum
588 553 682 602 post
716 542 993 586 abolitionem
1034 551 1312 601 peccatorum
1346 551 1555 601 tanquam
1590 557 1741 587 ascen·-

353 615 529 659 dentem
543 614 789 658 insinuabat
806 633 817 670 3
837 629 917 657 nec
933 628 1004 657 eos
1025 622 1238 671 parentes,
1257 628 1366 671 quos
1383 613 1471 667 ille,
1492 613 1737 658 nominans,
1760 572 1764 659 i

356 685 451 729 Alia
474 686 589 728 enim
611 694 702 729 erat
729 685 848 741 origo
872 682 1171 738 sacerdotalis,
1197 698 1296 743 quae
1313 699 1387 742 per
1409 699 1547 728 unum
1571 699 1624 727 ex
1644 683 1741 728 filiis

357 753 514 807 David,
540 754 665 798 sicuti
695 753 881 809 adsolet,
908 754 962 797 de
984 753 1122 797 tribus
1149 752 1382 797 acerdotali
1418 753 1742 798 matrimonium

355 826 621 878 sortientem,
642 824 845 868 effecerat
864 833 914 867 ut
934 823 1068 868 Maria
1086 824 1139 867 de
1159 832 1344 882 utraque
1369 823 1501 875 tribu,
1521 823 1567 867 id
1585 832 1664 878 est,
1688 822 1743 868 de

354 895 470 954 regia
490 904 533 938 et
555 894 807 939 sacerdotali
830 894 1129 953 cognationem
1145 894 1341 938 duceret.
1367 896 1475 939 Nam
1498 903 1542 937 et
1565 892 1743 953 quando

355 967 505 1010 censiti
535 976 636 1010 sunt
666 967 825 1025 Joseph
851 975 892 1010 et
914 966 1066 1020 Maria,
1099 966 1309 1024 scriptum
1342 974 1406 1009 est
1426 980 1498 1009 eos
1528 963 1660 1009 fuisse
1690 963 1744 1009 de

356 1037 504 1091 domo,
528 1037 570 1080 id
592 1046 669 1091 est,
693 1038 746 1080 de
767 1051 922 1095 genere
944 1036 1122 1081 David¹.
1141 1039 1197 1080 Et
1220 1036 1458 1090 Elisabeth,
1487 1051 1586 1094 quae
1609 1034 1744 1080 nihilo

356 1108 500 1151 minus
517 1117 698 1165 cognata
717 1108 864 1152 Mariae
879 1108 1116 1161 scribitu1·2,
1143 1117 1233 1151 erat
1256 1107 1309 1151 de
1332 1108 1449 1150 tribu
1467 1104 1740 1150 sacerdotali.

360 1179 478 1222 Sicut
507 1187 653 1221 autem
681 1180 939 1232 Matthaeus,
975 1179 1050 1238 qui
1086 1189 1295 1238 tanquam
1332 1177 1669 1221 descendentem
1693 1175 1765 1222 ad,

358 1248 630 1306 suscipienda
655 1258 829 1307 peccata
853 1258 997 1292 nostra
1022 1265 1163 1306 regem
1191 1249 1411 1293 Christum
1434 1248 1642 1300 insinuat,
1674 1261 1765 1316 per}

363 1317 638 1363 Salomonem
668 1334 689 1361 a
721 1318 857 1362 David
885 1319 1138 1363 descendit:
1164 1319 1265 1378 quia
1293 1318 1496 1363 Salomon
1526 1319 1580 1362 de
1606 1316 1679 1362 illa
1704 1319 1766 1379 iul

360 1405 446 1448 qua
471 1388 605 1432 David
630 1397 896 1446 peccaverat,
924 1398 1049 1432 natus
1072 1398 1136 1433 est
1158 1407 1167 1433 ι
1189 1389 1246 1432 ita
1274 1392 1427 1443 Lucas,
1450 1389 1524 1448 qui
1541 1384 1765 1448 tanquam¹

361 1458 669 1503 adsendentem
705 1467 802 1517 post
838 1458 1119 1503 abolitionem
1162 1467 1438 1517 peccatorum
1481 1459 1750 1503 sacerdotem

361 1530 581 1574 Christum
606 1530 809 1583 insinuat,
835 1545 910 1588 per
940 1531 1111 1575 Nathan
1142 1528 1335 1573 ascendit
1369 1529 1422 1572 ad
1447 1526 1766 1588 David33quial

360 1600 530 1644 Nathan
554 1600 763 1658 propheta
793 1600 943 1644 missus
967 1599 1131 1654 fuerat,
1155 1601 1277 1659 cujus
1312 1600 1586 1657 correptione
1614 1597 1775 1644 David·

359 1671 493 1729 ipsius
516 1671 679 1729 peccati
702 1670 984 1714 abolitionem
1014 1671 1270 1728 poenitendo
1307 1670 1567 1729 impetravit.
1599 1673 1750 1729 Itaque

361 1750 504 1799 postea
525 1756 655 1800 quam
675 1741 841 1785 transiit
861 1744 998 1785 Lucas
1019 1757 1248 1800 personam
1273 1741 1426 1796 David,
1452 1757 1541 1785 non
1561 1740 1761 1785 dissonat*

360 1827 384 1856 a
407 1812 617 1856 Mattliaeo
633 1811 678 1854 in
700 1811 949 1856 nominibus
973 1822 1292 1870 generatorum.
1330 1815 1441 1858 Nam
1459 1827 1531 1856 eos
1554 1811 1751 1856 nominat

361 1882 596 1925 ascendens
619 1897 642 1925 a
671 1882 808 1925 David
832 1897 969 1941 usque
993 1883 1048 1926 ad
1077 1883 1317 1937 Abraham,
1339 1898 1449 1942 quos
1469 1881 1542 1926 ille
1569 1882 1766 1946 descen-2

361 1951 468 1995 dens
497 1952 552 1996 ab
576 1952 794 1996 Abraham
817 1968 954 2012 usque
973 1954 1026 1997 ad
1049 1953 1199 1998 David.
1226 1956 1261 1996 Α
1287 1953 1426 1998 David
1445 1954 1559 1996 enim
1579 1953 1622 1996 in
1644 1951 1765 1997 duus'

361 2022 559 2077 familias,
587 2023 748 2081 regiam
767 2033 809 2067 et
827 2023 1152 2078 sacerdotalem,
1172 2025 1293 2083 origo
1314 2024 1387 2068 illa
1405 2023 1638 2068 distributa
1659 2031 1747 2078 est,

362 2109 547 2152 quarum
582 2094 768 2137 duarum
802 2093 1086 2149 familiarum,
1120 2096 1233 2139 sicut
1273 2095 1437 2139 dictum
1469 2103 1558 2149 est,
1590 2095 1749 2153 regiam

362 2162 629 2206 descendens
651 2164 901 2219 Matthaeus,
920 2163 1232 2209 sacerdotalem
1258 2164 1492 2209 ascendens
1523 2167 1661 2208 Lucas
1684 2178 1750 2207 se·

362 2243 487 2277 cutus
511 2242 598 2277 cst:
624 2243 674 2277 ut
698 2235 904 2279 Dominus
932 2244 1077 2280 noster
1099 2238 1221 2280 Jcsus
1239 2236 1434 2280 Christus
1458 2251 1528 2279 rex
1544 2244 1587 2279 et
1608 2249 1748 2279 sacer-

361 2302 438 2346 dos
456 2311 600 2346 noster
613 2312 655 2347 et
671 2305 972 2362 cognationem
987 2304 1166 2349 duceret
1183 2305 1236 2349 de
1256 2306 1388 2364 stirpe
1405 2303 1680 2359 sacerdotali,
1706 2311 1761 2349 et¹

361 2385 451 2415 non
483 2382 591 2416 esset
617 2381 765 2417 tamen
791 2372 983 2418 detribu
1011 2373 1289 2430 sacerdotali,
1321 2375 1405 2419 hoc
1437 2383 1527 2430 est,
1552 2374 1607 2418 de
1629 2373 1749 2418 tribu

361 2442 481 2497 Levi,
507 2442 582 2487 sed
606 2452 714 2487 esset
737 2443 791 2488 de
816 2445 931 2489 tribu
953 2444 1085 2501 Juda,
1104 2445 1187 2491 hoc
1209 2455 1289 2502 est,
1310 2445 1366 2490 de
1387 2445 1507 2490 tribu
1527 2444 1684 2500 David,
1700 2432 1766 2514 ex!

412 2529 567 2567 ’1Λιυ.ιι,
589 2526 672 2567 4.-
688 2528 890 2567 ²1‹1.i‚3‹3.
907 2547 945 2553 —-
962 2527 976 2552 3
999 2532 1103 2571 tRog.
1128 2542 1197 2569 xiii,
1225 2542 1249 2561 ι.
1764 2530 1790 2590 ‚l

1788 2629 1790 2650 i

1764 2670 1765 2673 ’
1788 2661 1790 2702 l
