1790 3187
228 151 278 177 DE
312 151 498 177 DIVERSts
529 151 687 186 QUAEST.
723 149 778 176 An
809 150 1067 178 SIMPLICIAN.
1105 152 1187 179 Lm.
1226 153 1254 176 1.
1355 142 1435 180 175

63 215 192 274 perbe
224 213 423 274 judicant
453 213 672 258 debitores
705 232 713 258 :
748 214 1119 273 quemadmodum
1145 214 1352 259 conducti
1382 216 1437 260 ad

60 285 174 330 illam
190 284 357 328 vineam
374 284 531 343 injuste
549 284 760 342 indignati
778 293 879 328 sunt
892 286 922 339 ¹,
939 299 1037 328 cum
1057 284 1330 328 tantumdem
1346 285 1438 330 aliis

20 381 23 410 ς
60 357 319 409 donaretur,
342 363 555 413 quantum
578 354 660 399 illis
682 354 952 400 redderetur.
977 359 1130 415 Itaque
1148 356 1276 415 hujus
1298 356 1438 416 impu-

21 457 23 467 ·
57 428 245 473 dentiam
267 428 514 487 quaestionis
538 428 597 472 ita
616 428 809 473 retundit
827 429 1059 488 Apostolus
1081 447 1089 472 :
1115 448 1134 470 ιι
1154 429 1191 472 Ο
1210 428 1365 484 homo,
1389 439 1438 474 tu

62 520 78 541 n
102 499 198 558 quis
229 514 298 553 es,
329 498 405 559 qui
433 498 691 557 respondeas
720 501 868 544 Deo²P
901 519 918 540 »
959 500 1027 544 Sic
1054 500 1168 544 enim
1201 499 1438 558 respondet

58 571 166 622 Deo,
197 584 296 612 cum
325 569 362 611 ei
391 568 588 627 displicet
611 569 730 628 quod
754 570 808 613 de
830 570 1131 628 peccatoribus
1153 570 1437 629 conqueritur

56 641 166 683 Deus
183 673 194 693 ,
219 638 339 698 quasi
367 654 633 698 quemquam
662 642 774 684 Deus
805 655 982 698 peccare
1009 649 1158 698 cogat,
1186 640 1220 684 si
1242 649 1437 684 tantum-

55 708 182 754 modo
198 709 457 769 quibusdam
477 710 759 769 peccantibus
774 712 1107 756 misericordiam
1117 712 1436 771 justificationis

53 794 140 826 suae
159 794 250 823 non
270 778 503 838 largiatur,
529 790 572 824 et
593 780 651 824 ob
676 781 759 825 hoc
781 781 951 824 dicatur
970 780 1186 825 obdurare
1207 790 1436 840 peccantes

53 849 260 910 quosdam
276 885 286 904 ,
312 851 413 910 quia
442 866 531 895 non
560 866 710 895 eorum
736 851 984 905 miseretur,
1016 867 1105 896 non
1128 852 1230 910 quia
1253 851 1437 911 impellit

54 930 101 965 ut
122 930 314 979 peccent.
342 924 506 965 Eorum
527 931 672 965 autem
696 937 784 966 non
807 922 1058 977 miseretur,
1085 922 1245 981 quibus
1265 922 1434 966 miseri-

52 990 240 1036 cordiam
269 1007 357 1035 non
386 1007 475 1036 esse
498 993 777 1051 praebendam
795 1028 805 1046 ,
839 993 1045 1052 aequitate
1073 993 1362 1037 occultissima
1392 1003 1435 1038 et

51 1062 105 1106 ab
127 1063 328 1106 humanis
348 1063 543 1107 sensibus
567 1064 848 1108 remotissima
869 1063 1052 1123 judicat.
1085 1083 1105 1104 α
1132 1063 1434 1108 Inscrutabilia

54 1151 74 1174 »
98 1134 212 1176 enim
236 1143 336 1177 sunt
361 1133 525 1193 judicia
553 1135 643 1193 ejus
661 1169 672 1188 ,
698 1144 741 1178 et
763 1133 1081 1192 investigabiles
1102 1135 1183 1178 viae
1209 1134 1384 1193 ipsius³.
1410 1152 1430 1175 »

50 1205 339 1264 Conqueritur
374 1215 519 1249 autem
542 1207 659 1266 juste
694 1205 748 1249 de
782 1206 1108 1264 peecatoribus,
1144 1214 1351 1265 tanquam
1378 1205 1433 1249 de

49 1273 111 1317 his
135 1289 244 1334 quos
268 1289 445 1333 peccare
467 1275 558 1334 ipse
587 1291 674 1319 non
697 1276 827 1334 cogit.
856 1276 993 1320 Simul
1017 1276 1147 1319 etiam
1179 1285 1229 1319 ut
1255 1276 1300 1319 hi
1322 1291 1434 1335 quo-

47 1359 139 1387 rum
179 1345 433 1399 miseretur,
470 1346 582 1389 hanc
616 1361 794 1405 quoque
830 1346 1018 1390 habeant
1048 1346 1347 1400 vocationem,
1383 1355 1433 1389 ut

47 1413 148 1458 dum
184 1416 464 1474 conqueritur
494 1418 605 1459 Deus
632 1415 687 1459 de
713 1416 1038 1474 peccatoribus,
1079 1425 1432 1475 compungantur

45 1485 198 1539 corde,
229 1495 359 1544 atque
386 1485 440 1529 ad
473 1487 563 1545 ejus
588 1487 768 1544 gratiam
803 1495 1128 1530 convertantur.
1165 1489 1287 1530 Juste
1327 1502 1431 1546 ergo

45 1557 323 1615 conqueritur
340 1591 350 1610 ,
376 1566 419 1600 et
438 1556 786 1602 misericorditer.

106 1628 192 1669 17⁰.
234 1627 317 1671 Sed
342 1628 374 1670 si
395 1627 479 1671 hoc
499 1636 665 1681 movet,
692 1628 811 1686 quod
834 1626 1049 1671 voluntati
1072 1628 1163 1686 ejus
1186 1627 1332 1671 nullus
1363 1643 1430 1671 re-

44 1697 171 1751 sistit,
197 1697 298 1757 quia
322 1698 392 1741 cui
414 1697 508 1742 vult
529 1698 756 1751 subvenit,
782 1708 824 1742 et
844 1714 973 1757 quem
999 1698 1094 1742 vult
1117 1698 1302 1756 deserit,
1327 1713 1428 1742 cum

44 1776 85 1811 et
109 1767 181 1811 ille
202 1768 273 1811 cui
295 1768 521 1823 subvenit,
547 1777 590 1812 et
608 1767 679 1811 ille
700 1784 829 1828 quem
851 1769 1031 1822 deserit,
1055 1784 1105 1812 ex
1123 1768 1274 1812 eadem
1291 1785 1430 1813 massa

43 1839 125 1882 sint
147 1848 423 1897 peccatorum
437 1874 448 1893 ,
469 1849 511 1883 et
531 1840 727 1899 quamvis
747 1839 903 1883 debeat
931 1849 1115 1899 uterque
1135 1840 1395 1899 supplicium
1413 1874 1427 1896 ,

43 1907 95 1952 ab
115 1924 202 1952 uno
217 1918 362 1952 tamen
379 1910 595 1967 exigatur,
612 1909 733 1953 alteri
750 1909 938 1954 donetur
961 1930 969 1954 z
990 1910 1023 1953 si
1042 1910 1125 1954 hoe
1141 1926 1244 1969 ergo
1258 1919 1425 1968 movet,

47 1997 64 2020 α
90 1980 127 2023 Ο
142 1980 287 2034 homo,
307 1990 353 2024 tu
369 1981 465 2040 quis
480 1996 539 2035 es,
557 1981 633 2040 qui
647 1980 913 2040 respondeas
925 1982 1039 2024 Deo?
1061 2000 1077 2021 »
1102 1981 1300 2025 Arbitror
1312 1981 1427 2024 enim

43 2050 121 2094 sub
135 2050 284 2094 eadem
303 2051 611 2109 significatione
620 2052 825 2111 positum,
844 2050 965 2111 quod
980 2051 1145 2096 dictum
1158 2053 1258 2107 est4,
1274 2052 1423 2107 homo,

43 2120 120 2165 sub
133 2137 216 2181 qua
234 2131 275 2165 et
290 2121 400 2166 illud
416 2122 574 2166 dicitur
596 2142 604 2166 :
634 2142 654 2163 «
675 2124 831 2167 Nonne
854 2122 1051 2166 homines
1069 2123 1189 2176 estis,
1210 2131 1254 2166 et
1267 2137 1426 2166 secun-

28 2779 31 2805 ι

29 2828 31 2866 1

29 2889 31 2930 1

47 2209 65 2232 »
85 2191 189 2236 dum
205 2193 424 2237 hominem
442 2192 696 2237 ambulatis⁵
718 2213 725 2237 :
749 2212 767 2233 »
784 2193 978 2236 Ibienim
996 2193 1188 2237 carnales
1206 2202 1248 2236 et
1261 2194 1426 2237 anima-

42 2260 100 2306 les
114 2272 320 2307 notantur
335 2265 417 2308 hoc
432 2263 623 2316 nomine,
639 2264 800 2323 quibus
810 2262 968 2307 dicitur
988 2283 996 2307 2
1020 2284 1039 2304 (ι
1056 2266 1153 2308 Non
1168 2264 1291 2323 potui
1302 2264 1425 2324 loqui

48 2351 64 2374 »
79 2333 196 2378 vobis
210 2352 228 2375 »
241 2335 363 2393 quasi
376 2334 655 2393 spiritalibus,
668 2335 742 2378 sed
751 2335 873 2394 quasi
886 2334 1168 2378 carnalibusss.
1186 2353 1205 2375 »
1220 2334 1396 2379 Etillud
1412 2354 1421 2380 2

89 2441 96 2458 ¹
124 2437 234 2468 Matth.
256 2448 310 2473 xx,
334 2449 383 2469 ιι.
398 2455 439 2462 -
454 2444 466 2460 ²
486 2440 576 2470 Rom.
599 2449 645 2477 ix,
665 2447 717 2470 20.
739 2455 781 2460 —
797 2436 808 2460 3
827 2439 874 2470 ld.
903 2449 949 2476 xi,
974 2437 1028 2470 33.
1043 2454 1085 2460 —
1099 2435 1116 2466 4
1134 2438 1211 2471 Vide
1232 2437 1286 2470 lib.
1307 2440 1420 2477 Quaesi.

44 2495 145 2534 octog.
163 2492 277 2531 tribus,
295 2498 404 2536 quaest.
425 2505 532 2526 nxvm.
550 2493 617 2516 —5
642 2505 653 2525 1
677 2496 749 2527 Cor.
768 2506 817 2536 ιιι,
837 2494 866 2526 3.
885 2510 924 2516 -—
938 2491 953 2513 ⁶
972 2493 1052 2526 Ibid.
1073 2503 1090 2536 7
1114 2498 1147 2526 et
1166 2503 1196 2526 2.
