1790 3187
361 181 432 219 148
791 191 821 218 S.
861 191 1083 218 AUGUS'rirei
1123 195 1298 219 Eriscori

350 257 550 301 mortales
585 257 671 300 nati
707 256 798 300 sinc
824 255 1027 301 mandato
1056 256 1161 315 legis
1189 257 1383 301 homines
1412 257 1635 311 viverent,
1662 274 1724 301 se-

347 337 529 386 quentes
551 326 917 385 concupiscentias
940 327 1078 371 carnis
1098 327 1189 370 sine
1210 326 1298 371 ulla
1328 327 1572 385 cognitione
1588 361 1598 381 ‚
1624 329 1725 386 quia

346 398 438 441 sine
471 397 557 441 ulla
575 397 884 456 prohibitione.
907 399 1020 455 Ergo
1035 432 1045 452 ‚
1070 416 1089 439 «
1110 399 1219 456 Ego,
1239 397 1396 456 inquit,
1415 397 1614 441 vivebam
1635 397 1724 441 sine
1767 425 1769 427 -

347 487 367 509 »
394 468 489 527 lege
506 468 752 528 aliquando.
777 485 797 508 »
825 467 950 512 Unde
972 468 1236 531 manifestat,
1262 483 1351 512 non
1373 483 1423 511 ex
1442 483 1624 527 persona
1649 483 1724 513 sua

345 539 546 598 proprie,
584 538 658 582 sed
689 537 945 596 generaliter
985 553 1034 581 ex
1062 553 1243 597 persona
1273 538 1427 583 veteris
1458 537 1644 582 hominis
1681 553 1723 582 se

344 607 481 667 loqui.
514 626 534 650 «
555 607 827 652 Adveniente
866 616 1011 651 autem
1046 608 1252 652 mandato
1286 617 1513 666 peccatum
1555 607 1720 652 revixit.

344 697 364 720 »
386 681 480 737 Ego
500 687 645 722 autem
669 687 867 722 mortuus
883 693 978 722 sum
995 713 1005 734 ‚
1022 687 1065 722 et
1091 679 1317 723 inventum
1335 688 1398 723 est
1419 679 1526 722 mihi
1549 678 1724 723 manda·
1782 685 1785 698 ³

345 768 364 790 »
389 758 481 793 tum
498 749 619 809 quod
641 758 732 793 erat
748 750 794 793 in
813 749 963 804 vitam,
986 750 1070 794 hoc
1087 765 1176 794 esse
1197 749 1242 793 in
1262 759 1460 794 mortem.
1480 768 1499 791 »
1515 748 1722 794 Mandato

341 821 455 865 enim
483 820 516 864 si
534 820 789 876 obediatur,
814 821 966 880 utique
991 821 1078 866 vita
1101 831 1178 865 est.
1207 821 1289 866 Sed
1306 822 1530 866 inventum
1556 829 1619 864 est
1635 835 1722 865 esse
1779 831 1781 833 ’

340 891 385 934 in
416 900 600 936 mortem
619 926 629 946 ‚
656 891 762 935 dum
795 891 845 935 fit
883 900 1032 936 contra
1070 892 1355 947 mandatum,
1381 901 1431 935 ut
1462 906 1552 935 non
1583 890 1721 935 solum

339 971 565 1021 peccatum
586 963 677 1018 fiat,
702 961 823 1022 quod
840 963 968 1006 etiam
984 971 1080 1007 ante
1098 961 1350 1006 mandatum
1371 961 1517 1016 fiebat,
1542 960 1618 1005 sed
1639 961 1720 1005 hoc

337 1034 632 1078 abundantius
661 1043 703 1079 et
725 1034 1005 1093 perniciosius
1022 1070 1032 1090 ‚
1053 1044 1103 1079 ut
1119 1035 1207 1094 jam
1233 1050 1256 1079 a
1276 1034 1437 1078 sciente
1451 1042 1494 1077 et
1515 1032 1719 1093 praevari-

336 1114 460 1149 cante
484 1114 701 1164 peccetur.

396 1180 454 1219 ἔν’.
488 1195 507 1218 «
534 1180 764 1221 Peccatum
794 1176 909 1220 enim
930 1211 940 1231 ‚
974 1176 1145 1235 inquit,
1183 1177 1407 1221 occasione
1438 1184 1614 1235 accepta
1644 1190 1720 1234 per

338 1264 357 1286 »
377 1246 631 1290 mandatum
649 1281 659 1300 ‚
686 1245 843 1289 fefellit
865 1261 959 1301 me,
982 1255 1025 1290 et
1053 1262 1130 1306 per
1146 1246 1254 1290 illud
1280 1246 1437 1291 occidit
1459 1249 1489 1289 1.
1516 1264 1536 1287 »
1562 1249 1718 1290 Pecca—
1766 1258 1768 1264 ·

335 1327 428 1361 tum
470 1332 559 1362 non
596 1317 785 1375 legitime
818 1326 946 1360 utens
973 1320 990 1342 2
1017 1317 1112 1376 lege
1135 1353 1148 1372 ,
1185 1333 1235 1361 ex
1267 1317 1558 1376 prohibitione
1590 1326 1717 1361 aucto
1764 1347 1765 1358 ,

333 1387 548 1431 desiderio
564 1422 575 1442 ,
594 1386 764 1431 dulcius
782 1386 946 1431 factum
965 1396 1043 1441 est,
1067 1397 1109 1431 et
1126 1387 1226 1432 ideo
1245 1386 1412 1431 fefellit.
1431 1386 1580 1431 Fallax
1601 1388 1715 1431 enim
1761 1425 1763 1436 ,

334 1456 521 1501 dulcedo
540 1466 602 1501 est
627 1491 637 1512 ‚
668 1472 800 1516 quam
822 1456 967 1515 plures
989 1466 1120 1517 atque
1146 1459 1328 1517 majores
1349 1473 1580 1516 poenarum
1603 1472 1715 1502 ama·
1759 1498 1761 1504 .

333 1528 543 1573 ritudines
561 1537 908 1588 consequuntur.
923 1529 1031 1582 Quia
1057 1543 1156 1586 ergo
1179 1529 1233 1572 ab
1248 1529 1497 1573 hominibus
1520 1528 1715 1572 nondum
1757 1568 1759 1585 ἦ

332 1601 568 1660 spiritalem
591 1601 770 1658 gratiam
787 1600 1126 1660 percipientibus
1144 1601 1315 1645 suavius
1333 1600 1578 1645 admittitur
1595 1599 1715 1659 quod

331 1682 518 1727 vetatur,
544 1670 655 1716 fallit
677 1681 903 1731 peccatum
926 1670 1031 1716 falsa
1055 1671 1302 1716 dulcedine.
1329 1672 1439 1725 Quia
1460 1687 1563 1716 vero
1586 1672 1713 1716 etiam

331 1742 495 1787 accedit
517 1752 659 1786 reatus
672 1742 1035 1801 praevaricationis
1051 1777 1061 1796 ,
1086 1742 1260 1786 occidit.

391 1818 451 1859 6⁰.
477 1833 496 1856 «
520 1817 672 1873 Itaque
691 1814 761 1857 lex
784 1813 960 1873 quidem
976 1823 1136 1869 sancta,
1163 1823 1205 1857 et
1221 1813 1476 1858 mandatum
1496 1822 1708 1868 sanctum,

330 1903 350 1927 >›
379 1885 602 1944 etjustum
625 1893 667 1928 et
688 1885 854 1929 bonum
873 1886 904 1927 3.
934 1902 954 1925 n
983 1884 1185 1928 Jubenda
1207 1884 1321 1928 enim
1339 1885 1481 1943 jubet,
1507 1893 1549 1928 et
1568 1884 1710 1943 prohi-
1746 1939 1747 1945 1

328 1956 471 1999 benda
495 1955 710 2014 prohibet.
736 1974 754 1997 «
777 1956 905 2008 Quod
926 1970 1028 2014 ergo
1046 1955 1212 1999 bonum
1238 1965 1317 2010 est,
1335 1956 1440 1999 mihi
1464 1954 1627 1999 factum
1647 1963 1708 1998 est
1743 2004 1745 2009 ¹

331 2043 350 2068 »
374 2028 521 2070 mors?
545 2027 666 2070 Absit
683 2027 713 2068 4.
744 2044 764 2067 »
791 2029 843 2070 In
865 2025 978 2069 male
998 2034 1149 2069 utente
1165 2026 1329 2085 quippe
1345 2026 1498 2069 vitium
1520 2035 1599 2080 est,
1620 2041 1707 2070 non

326 2098 372 2141 in
400 2097 606 2141 mandato
636 2097 756 2156 ipso,
788 2096 908 2156 quod
937 2097 1102 2140 bonum
1132 2106 1210 2140 est.
1242 2097 1457 2149 Quoniam
1497 2097 1611 2140 bona
1646 2105 1708 2140 est
1740 2091 1742 2104 ¹

326 2167 393 2211 lex
413 2202 424 2223 ‚
450 2169 483 2212 si
513 2168 608 2228 quis
628 2183 677 2211 ea
695 2166 886 2225 legitime
909 2176 1056 2211 utatur
1079 2170 1111 2210 ⁵.
1130 2167 1243 2212 Male
1267 2176 1411 2211 autem
1435 2167 1574 2210 utitur
1594 2165 1702 2224 lege,

323 2238 399 2297 qui
421 2253 509 2282 non
531 2252 574 2281 se
598 2237 746 2282 subdit
766 2241 853 2282 Deo
876 2238 945 2297 pia
970 2237 1214 2281 humilitate
1231 2272 1242 2293 ‚
1267 2246 1316 2281 ut
1337 2253 1413 2296 per
1433 2238 1613 2296 gratiam
1637 2236 1704 2280 lex
1736 2280 1737 2283 ,

323 2310 454 2368 possit
479 2309 663 2369 impleri.
697 2312 850 2369 Itaque
882 2309 936 2353 ad
965 2308 1073 2352 nihil
1096 2308 1213 2353 aliud
1249 2309 1405 2368 accipit
1433 2309 1573 2367 legem
1594 2343 1605 2363 ‚
1629 2307 1702 2367 qui

320 2394 410 2424 non
433 2394 480 2424 ea
498 2379 689 2438 legitime
702 2380 855 2435 utitur,
870 2379 950 2423 nisi
967 2388 1017 2423 ut
1039 2388 1265 2438 peccatum
1287 2381 1380 2439 ejus
1398 2378 1518 2439 quod
1540 2377 1702 2422 latebat

366 2490 373 2506 ¹
403 2486 493 2516 Rom.
524 2495 582 2522 vxi,
601 2486 632 2517 8.
650 2501 690 2508 -α
708 2490 719 2506 2
741 2483 844 2516 Forte
876 2483 987 2516 utenti.
1006 2500 1042 2507 -—
1062 2481 1074 2505 3
1106 2486 1195 2515 Rom.
1227 2493 1281 2520 vii,
1319 2493 1368 2515 12.
1386 2499 1422 2505 —-
1440 2480 1455 2511 4
1479 2482 1558 2514 ΠΜ.
1590 2481 1640 2514 13.
1660 2496 1699 2504 -·-·

322 2542 335 2564 ,3
362 2553 370 2572 1
397 2541 475 2572 Tium.
501 2552 522 2579 1,
542 2543 573 2572 8.
