1790 3187
297 235 350 261 ΒΕ
384 233 570 260 mvssnffls
603 233 760 268 QiAEST.
797 233 944 259 oc‘roc.
982 232 1144 257 Titium.
1363 221 1417 257 89

33 302 179 362 gloriae
209 299 454 343 libertatem
486 298 748 341 liberabitur
777 313 799 340 a
823 297 1029 341 servitute
1051 304 1263 340 creatura.
1306 298 1415 340 Item

31 373 134 418 dicit
155 390 163 415 ε
193 389 212 411 «
239 370 405 414 Scimus
428 369 542 412 enim
569 368 669 428 quia
686 368 826 411 omnis
851 377 1046 411 creatura
1075 366 1354 424 congemiscit
1375 375 1418 410 et

36 463 53 484 »
79 441 198 485 dolet
220 454 360 500 usque
384 438 527 483 adhuc
549 473 558 492 ,
593 453 681 482 non
707 438 846 482 solum
872 447 1017 482 autem
1046 435 1117 481 illa
1139 472 1148 491 ‚
1173 436 1248 480 sed
1271 446 1314 481 et
1340 452 1417 481 nos

30 513 107 569 ipsi
136 531 143 556 :
168 530 187 553 »
212 520 418 571 tanquam
441 508 560 553 aliud
593 510 724 552 simus
760 524 836 552 nos
859 544 869 563 ‚
896 508 1013 552 aliud
1038 507 1178 552 omnis
1200 516 1413 551 creatura.

32 585 187 626 Totum
205 597 305 640 ergo
322 579 561 639 capitulum
588 579 876 639 particulatim
900 577 1265 624 considerandum
1284 587 1362 622 est.

88 660 146 696 2⁰.
178 672 197 694 «
226 652 432 696 Existimo
455 652 569 694 enim
587 687 596 706 ‚
617 652 783 711 inquit,
805 650 924 711 quod
938 650 1128 708 indignae
1146 650 1232 694 sint
1254 650 1417 709 passio-

36 739 140 767 »nes
159 724 288 783 hujus
306 722 509 781 temporis
528 722 582 766 ad
601 722 797 766 futuram
823 721 1018 780 gloriam,
1040 737 1139 781 quae
1154 720 1418 765 revelabitur

32 794 109 838 »in
126 794 272 838 nobis¹
291 813 298 838 :
315 794 433 837 »hoc
451 793 729 836 manifestum
755 802 831 837 est.
860 793 1033 837 Dixerat
1051 792 1167 836 enim
1190 792 1413 850 superius:

32 883 51 906 «
71 865 113 909 Si
134 873 278 908 autem
297 864 448 923 spiritu
472 862 583 907 facta
602 864 741 907 carnis
755 863 1132 916 mortificaveritis,
1155 862 1309 906 vivetis
1330 866 1362 905 2.
1393 880 1412 903 »

27 934 153 988 Quod
174 935 266 978 fieri
287 950 374 978 non
392 942 531 994 potest
548 934 640 978 sine
662 934 884 988 molestia,
902 933 970 977 cui
992 933 1198 992 patientia
1219 948 1416 977 necessa-

27 1005 86 1049 ria
110 1015 186 1049 est.
213 1007 310 1059 Quo
333 1005 520 1065 pertinet
541 1015 584 1050 et
616 1004 736 1066 quod
758 1004 890 1065 paulo
923 1013 1023 1048 ante
1046 1005 1120 1059 ait,
1151 1024 1170 1046 «
1207 1005 1249 1049 Si
1270 1013 1417 1049 tamen

30 1095 49 1117 »
71 1076 374 1136 compatimur,
396 1086 504 1121 utet
527 1076 922 1135 conglorificemur.
954 1094 972 1116 υ
999 1075 1131 1129 Quod
1151 1075 1301 1135 itaque
1328 1075 1387 1119 ait
1407 1094 1414 1120 ε

30 1167 50 1189 «
75 1149 180 1193 Nam
204 1149 444 1207 expectatio
469 1157 679 1192 creaturae
704 1146 1015 1192 revelationem
1039 1145 1229 1190 filiorum
1250 1147 1327 1190 Dei
1348 1161 1419 1190 ex-

28 1237 47 1259 »
75 1227 218 1277 pectat
246 1220 260 1244 3
289 1238 297 1263 ε
335 1237 354 1259 »
386 1219 470 1262 hoc
499 1234 599 1262 eum
626 1227 735 1278 puto
765 1217 922 1262 dicere.
955 1219 1063 1262 Nam
1094 1226 1136 1260 et
1164 1217 1249 1260 hoc
1276 1217 1418 1276 ipsum

24 1289 145 1348 quod
166 1289 209 1332 in
224 1289 347 1333 nobis
365 1288 500 1344 dolet,
515 1304 613 1333 cum
633 1289 746 1332 facta
767 1304 812 1332 ca
822 1288 906 1331 rnis
924 1287 1253 1341 mortificamus,
1269 1287 1314 1330 id
1338 1296 1416 1341 est,

26 1376 123 1404 cum
145 1362 356 1405 esurimus
380 1370 454 1404 aut
477 1361 642 1404 sitimus
670 1375 747 1419 per
777 1359 1085 1403 abstinentiam
1103 1393 1114 1412 ⁷
1141 1357 1243 1401 dum
1271 1358 1417 1401 frena-

27 1447 120 1475 mus
142 1430 475 1475 delectationem
499 1432 760 1475 concubitus
787 1446 863 1489 per
885 1429 1124 1473 castitatem
1146 1463 1155 1483 ‚
1180 1429 1283 1471 dum
1307 1428 1421 1489 inju-

28 1503 183 1546 riarum
205 1503 486 1547 lacerationes
508 1512 550 1546 et
573 1501 936 1546 contumeliarum
962 1499 1133 1543 aculeos
1150 1514 1227 1558 per
1250 1499 1420 1558 patien-

28 1571 128 1616 tiam
152 1573 436 1627 sustinemus,
468 1573 573 1615 dum
597 1571 802 1630 neglectis
825 1581 956 1631 atque
986 1571 1157 1631 rejectis
1179 1570 1420 1629 voluptati-

30 1644 108 1688 bus
129 1643 283 1687 nostris
318 1658 393 1702 pro
415 1642 559 1687 fructu
587 1643 735 1686 matris
763 1642 965 1686 Ecclesiae
982 1641 1261 1699 laboramus3
1289 1641 1418 1701 quid-

27 1714 132 1773 quid
167 1714 209 1756 in
241 1713 364 1757 nobis
395 1714 437 1756 in
476 1714 555 1757 hac
582 1722 713 1772 atque
745 1711 998 1772 hujusmodi
1032 1712 1252 1756 attritione
1273 1711 1418 1766 dolet,

28 1793 224 1827 creatura
260 1793 337 1827 est.
373 1782 502 1827 Dolet
534 1784 651 1826 enim
675 1798 832 1842 corpus
865 1792 908 1826 et
937 1782 1078 1825 anima
1100 1817 1110 1836 ,
1137 1797 1236 1841 quae
1267 1782 1422 1842 utique

28 1863 223 1898 creatura
247 1863 310 1897 cst
330 1888 340 1908 ,
361 1863 404 1897 et
433 1863 629 1912 expectat
664 1853 972 1897 revelationem
1007 1853 1196 1908 filiorum
1234 1853 1309 1896 Dei
1336 1873 1346 1910 3
1376 1852 1421 1895 id

30 1934 92 1968 est
112 1959 122 1977 ‚
156 1932 353 1982 expectat
375 1923 554 1983 quando
577 1932 781 1982 appareat
814 1922 933 1983 quod
955 1932 1159 1967 vocatum
1183 1932 1247 1967 est
1267 1958 1278 1978 ,
1299 1923 1343 1966 in
1373 1938 1420 1966 ea

32 1994 163 2054 gloria
193 1995 247 2038 ad
272 2009 402 2054 quam
427 2003 629 2038 vocatum
661 2003 739 2038 est.
772 1994 883 2047 Quia
907 1993 1021 2036 enim
1049 1993 1184 2036 Filius
1217 1994 1293 2037 Dei
1323 1994 1423 2036 uni-

33 2067 198 2125 genitus
233 2081 322 2110 non
361 2074 502 2125 potest
541 2064 747 2125 appellari
790 2075 987 2109 creatura
1012 2100 1022 2119 ‚
1064 2064 1422 2125 quandoquidem

30 2152 107 2196 per
135 2139 273 2197 ipsum
296 2137 414 2181 facta
431 2147 531 2181 sunt
555 2138 699 2181 omnia
718 2151 1011 2197 quaecumque
1036 2139 1149 2180 Deus
1179 2134 1279 2180 fecit
1301 2156 1311 2193 3
1334 2134 1423 2179 diso

34 2211 163 2254 tincto
185 2211 311 2254 etiam
336 2226 414 2254 nos
442 2225 650 2254 vocamur
669 2220 866 2254 creatura
891 2219 991 2254 ante
1015 2209 1131 2253 illam
1162 2209 1421 2254 evidentiam

34 2280 178 2338 gloriae
195 2316 205 2335 ,
227 2290 269 2323 et
286 2280 489 2325 distincte
505 2296 714 2325 vocamur
734 2280 811 2324 filii
835 2281 908 2324 Dei
928 2315 936 2334 ‚
959 2280 1157 2340 quamvis
1179 2281 1262 2323 hoc
1285 2279 1424 2340 adop·

0 2366 1 2395 ι
36 2350 150 2395 tione
180 2366 422 2394 mereamur
454 2371 462 2396 z
493 2367 592 2395 nam
616 2350 689 2394 ille
712 2351 962 2410 unigenitus
999 2358 1153 2393 natura
1187 2349 1301 2393 filius
1343 2360 1420 2394 est.

0 2406 1 2453 i
40 2440 58 2461 «
83 2423 197 2479 Ergo
230 2422 472 2481 expectatio
506 2432 714 2465 creaturae
736 2457 746 2476 ‚
778 2422 823 2465 id
854 2431 943 2475 est,
981 2421 1221 2480 expectatio
1250 2429 1421 2475 nostra,

0 2473 2 2569 l
38 2491 340 2537 revelationem
374 2491 562 2537 filiorum
602 2494 676 2537 Dei
708 2501 905 2552 expectat
938 2511 946 2536 :
981 2511 999 2534 »
1031 2493 1075 2536 id
1099 2501 1162 2537 est
1182 2527 1193 2548 ‚
1230 2501 1426 2552 expectat

0 2577 2 2634 ζ
87 2583 95 2599 ¹
122 2579 210 2610 Rom.
232 2589 299 2615 vui,
322 2578 370 2611 18.
389 2596 429 2602 —
444 2585 455 2601 ²
485 2578 681 2611 1bid13.—-
699 2577 712 2602 3
736 2578 817 2610 lbid.
841 2588 878 2619 17
900 2582 933 2609 et
953 2588 1002 2619 ¹9-

0 2787 2 2801 .
