1790 3187
348 175 430 213 368
787 185 819 210 s.
856 183 1087 210 Ancus-nm
1119 184 1300 210 EPISCOPI

405 254 462 295 Et
479 258 611 308 caput
632 247 888 307 addejugis,
913 248 967 292 da
989 247 1192 292 mollibus
1214 264 1286 291 ora
1311 248 1518 306 capistris,

466 319 767 378 Demissosque
784 318 870 362 levi
892 318 1028 362 subde
1046 320 1248 362 humeros
1266 319 1401 362 oneri.

406 393 532 435 Nunc
553 398 676 449 potes
702 389 808 442 1100,
835 388 940 432 (111111
964 389 1075 433 liber
1097 389 1208 447 agis,
1237 389 1343 432 dum
1367 387 1486 431 nulla
1514 396 1729 431 retentant
1789 384 1790 399 ¹

466 460 668 515 Vincula,
690 458 810 503 nulla
826 460 938 503 thori
962 475 1081 514 cura,
1103 475 1183 503 nec
1200 458 1310 502 altus
1328 459 1479 502 honor.

409 534 512 575 Haec
534 531 647 574 bona
669 530 862 585 libertas,
889 531 1061 575 Christo
1078 532 1250 584 servire,
1272 530 1371 573 etin
1391 530 1484 587 ipso

467 602 682 646 Omnibus
699 616 788 645 esse
809 617 937 660 supra
962 620 970 645 :
993 617 1080 645 non
1099 600 1286 645 dominis
1307 600 1553 654 hominum,

408 675 505 717 Non
522 672 634 715 vitiis
659 672 809 726 servit,
831 688 919 716 non
940 672 1111 730 regibus
1129 671 1201 714 illc
1219 672 1413 730 superbis
1427 706 1437 726 ,

470 747 656 787 Tantum
680 744 754 803 qui
777 743 947 788 Christo
963 758 1006 786 se
1021 741 1190 787 dederit
1220 743 1419 787 Domino.

409 817 497 860 Nec
519 815 599 859 tibi
622 815 825 859 nobilitas
846 814 1045 859 videatur
1067 814 1201 857 libera
1217 849 1228 868 ,
1250 829 1382 872 quam
1403 829 1520 858 nunc

471 886 711 931 Sublimem
737 886 919 930 attonita
935 886 1145 944 conspicis
1164 886 1280 929 Urbe
1293 885 1408 930 vehi.

411 959 550 1010 Quam
570 956 708 1000 cernis
725 964 844 999 tanta
863 955 942 998 sibi
963 955 1161 998 libertate
1179 955 1336 1010 videri,

470 1029 527 1070 Ut
550 1025 810 1084 dedignetur
833 1026 1009 1069 flectere
1032 1025 1142 1069 colla
1165 1028 1271 1079 Deo,

411 1096 561 1141 Multis
582 1095 656 1139 ille
675 1096 803 1139 miser
826 1096 1097 1149 mortalibus,
1124 1105 1167 1139 et
1180 1111 1357 1155 quoque
1379 1096 1510 1139 servis

473 1166 627 1219 Servit,
653 1175 696 1210 et
714 1165 891 1210 ancillas
909 1175 958 1209 ut
976 1165 1275 1219 dominentur,
1302 1166 1420 1208 emit.

412 1240 583 1282 Norunt
600 1237 838 1281 Eunuchos
861 1245 904 1280 et
927 1251 1083 1294 magna
1105 1235 1264 1295 palatia
1287 1236 1414 1294 passi,

470 1311 528 1352 Et
549 1309 744 1368 quisquis
767 1312 967 1363 Romam,
993 1317 1148 1367 sponte
1169 1308 1314 1362 miser,
1342 1308 1504 1367 patitur
1523 1327 1531 1351 ι

413 1381 588 1432 Quanto
603 1378 772 1423 sudoris
795 1379 951 1438 pretio,
977 1379 1227 1438 damnoque
1252 1378 1420 1422 decoris

472 1452 652 1494 Constet
673 1450 733 1493 ibi
749 1450 1007 1507 chlamydis,
1027 1450 1096 1493 hic
1117 1450 1258 1493 honor
1280 1450 1427 1493 officii.

414 1523 501 1565 Nec
521 1530 665 1564 tamen
683 1521 773 1580 ipse
795 1530 964 1579 potens,
991 1521 1065 1579 qui
1084 1519 1237 1564 celsior
1253 1521 1456 1564 omnibus
1476 1535 1566 1564 esse

472 1591 653 1645 Emerit,
672 1599 722 1634 ut
742 1590 850 1634 nulli
870 1592 1042 1644 serviat,
1069 1591 1326 1650 assequitur.

415 1664 526 1706 Cum
548 1663 658 1705 bene
687 1677 730 1705 se
755 1671 843 1705 tota
867 1661 1094 1706 dominum
1122 1662 1347 1721 jactaverit
1372 1661 1503 1715 Urbe,

477 1733 614 1776 Servit
637 1731 876 1785 daemoniis,
901 1734 933 1775 si
956 1731 1184 1775 simulacra
1208 1732 1326 1775 colit.

418 1806 501 1846 Pro
524 1802 648 1846 dolor
669 1803 677 1845 l
704 1803 781 1846 hos
802 1811 980 1861 propter
1002 1802 1226 1846 remoraris
1244 1803 1289 1845 in
1308 1802 1424 1846 Urbe
1444 1801 1622 1854 Licenti,

479 1876 536 1916 Et
554 1888 735 1930 regnum
759 1874 916 1918 Christi
939 1873 1118 1932 spernis,
1144 1882 1191 1916 ut
1210 1873 1274 1916 his
1290 1872 1458 1931 placeas
1477 1891 1485 1916 :

423 1948 510 1989 Hos
532 1946 692 1988 vocitas
715 1944 931 1998 dominos,
954 1960 1084 1989 curva
1102 1954 1146 1988 01
1162 1945 1330 1988 cervice
1347 1944 1522 1996 salutas,

480 2018 597 2067 Quos
622 2015 728 2072 ligni
751 2030 893 2059 servos
915 2015 1124 2072 conspicis
1147 2024 1188 2057 et
1210 2014 1378 2072 lapidis.

421 2085 604 2131 Nomine
625 2085 774 2129 divino
797 2094 1023 2143 argentum
1047 2094 1311 2128 venerantur
1331 2094 1373 2128 ct
1387 2099 1557 2137 aurum,

482 2155 648 2212 Religio
670 2165 733 2199 est
750 2155 869 2215 quod
885 2155 1189 2199 amatmorbus
1203 2155 1405 2199 avaritiae.

427 2229 646 2285 Imprecor
663 2227 741 2271 hos
764 2236 813 2270 ut
830 2236 960 2281 amet,
987 2226 1061 2285 qui
1086 2241 1171 2269 non
1196 2235 1311 2269 amat
1329 2225 1639 2283 Augustinum,

483 2299 579 2341 Non
603 2296 718 2341 colat
738 2306 782 2341 et
798 2297 1036 2349 Christum,
1057 2297 1126 2340 cui
1148 2297 1289 2355 placet
1312 2298 1389 2340 1105
1411 2295 1566 2340 001010.
1623 2308 1625 2310 ·

427 2369 535 2411 lude
551 2369 610 2411 ait
632 2369 721 2426 ipse
744 2372 873 2422 Deus,
890 2368 1076 2413 dominis
1092 2383 1179 2411 non
1204 2383 1322 2427 posse
1342 2367 1513 2411 duobus

487 2439 641 2482 Serviri
666 2459 676 2496 ς
697 2440 903 2497 quoniam
926 2453 1045 2482 mens
1067 2438 1208 2496 placet
1232 2454 1316 2482 una
1335 2441 1449 2481 Deo:

427 2510 520 2552 Una
545 2508 666 2564 fides,
688 2511 801 2553 Deus
821 2524 950 2563 unus,
976 2517 1020 2552 et
1050 2508 1203 2552 unicus
1225 2523 1247 2551 e
1270 2511 1396 2552 Patre
1412 2507 1625 2559 Christus,
