1790 3187
334 246 414 285 122
764 254 796 282 s.
834 253 1062 282 Anous'mm
1095 254 1274 281 Emscom

330 336 479 365 sumus
500 321 643 365 adhuc
662 317 846 379 parvuli,
859 327 902 362 et
921 318 975 361 ad
989 316 1193 376 spiritalia
1210 314 1542 375 contemplanda
1565 316 1706 361 minus

330 390 492 444 idonei,
510 406 647 451 usque
664 389 717 433 ad
733 387 995 432 humillimas
1015 385 1175 432 nostras
1197 388 1476 446 cogitationes
1498 403 1541 431 se
1562 386 1705 432 divina
1737 397 1740 400 '

330 462 546 505 miseratio
563 460 763 519 porrexit,
776 468 824 502 ut
840 458 1250 518 quomodocumque
1262 473 1435 502 cernere
1453 458 1703 514 niteremur,

333 532 450 594 quod
471 548 559 576 non
574 531 796 576 evidenter
811 539 941 589 atque
961 530 1186 589 perspicue
1207 529 1504 583 cernebamus,
1519 527 1706 587 idipsum

331 604 515 647 moritur
535 602 653 663 quod
685 602 729 645 in
760 602 988 659 aenigmate
1023 600 1340 654 cernebamus,
1374 615 1473 644 cum
1507 598 1615 643 facie
1652 600 1708 644 ad

317 673 485 718 ,faciem
524 689 699 717 cernere
737 672 1010 732 coeperimus.
1055 672 1373 717 Convenienter
1409 686 1511 729 ergo
1551 669 1708 714 dicitur

333 744 593 788 moriturum
627 759 716 786 esse
744 742 864 803 quod
886 741 1108 786 auferetur
1138 761 1146 786 :
1183 761 1203 783 «
1231 743 1343 786 Cum
1377 750 1519 785 autem
1546 740 1710 785 venerit

335 834 355 857 »
380 814 500 875 quod
524 814 762 874 perfectum
783 824 866 868 est,
885 814 1106 858 auferetur
1123 813 1242 874 quod
1260 829 1311 856 ex
1329 821 1448 872 parte
1466 813 1569 856 est¹.
1600 831 1618 851 n
1645 814 1710 856 Ita

332 887 458 930 nobis
492 885 679 946 quodam
712 884 843 929 modo
865 885 1047 928 moritur
1069 894 1188 944 pater
1210 884 1253 927 in
1276 884 1520 942 aenigmate,
1539 891 1580 926 et
1596 882 1710 926 idem

331 956 422 1015 ipse
441 956 490 1000 fit
517 957 760 1009 haereditas,
779 970 878 999 cum
897 953 1004 999 facie
1022 955 1075 999 ad
1098 954 1250 999 faciem
1270 955 1441 997 videtur
1467 973 1476 998 :
1502 969 1589 996 non
1605 952 1712 1013 quia

332 1028 422 1086 ipse
440 1028 621 1071 moritur
637 1062 647 1080 ‚
666 1026 741 1071 sed
762 1026 1012 1086 imperfecta
1040 1027 1085 1070 in
1109 1042 1206 1070 eum
1231 1036 1374 1070 nostra
1395 1026 1501 1070 visio
1523 1024 1712 1084 perfecta

334 1097 496 1142 visione
519 1098 744 1156 perimitur
762 1117 769 1142 :
790 1107 832 1141 et
854 1098 1095 1153 tamenbnisi
1115 1096 1186 1141 illa
1200 1098 1316 1156 prior
1336 1112 1412 1140 nos
1432 1095 1632 1150 nutriret,
1658 1095 1712 1139 ad.

334 1168 460 1212 aliam
490 1168 780 1227 plenissimam
827 1177 870 1212 et
915 1167 1275 1212 evidentissimam
1318 1183 1405 1212 non
1445 1166 1715 1211 efficeremur

332 1239 492 1282 idonei

394 1310 454 1352 2⁰.
475 1307 603 1361 Quod
626 1309 658 1351 si
681 1309 809 1352 etiam
833 1308 887 1352 de
910 1309 1094 1353 Domino
1116 1312 1218 1353 Jesu
1241 1309 1429 1362 Christo,
1454 1323 1542 1351 non
1560 1322 1713 1351 secun-

334 1380 438 1423 dum
462 1380 656 1423 Verbum
674 1379 718 1422 in
741 1379 951 1437 principio
976 1382 1110 1422 Deum
1126 1379 1243 1438 apud
1266 1382 1400 1423 Deum
1417 1381 1448 1433 ²,
1470 1377 1544 1421 sed
1561 1393 1713 1422 secun-

334 1450 439 1493 dum
482 1465 664 1508 puerum
693 1485 703 1504 ‚
737 1450 812 1508 qui
845 1449 1097 1508 proficiebat
1129 1460 1255 1494 aetate
1297 1466 1345 1494 ac
1381 1449 1586 1508 sapientia
1618 1449 1712 1508 pius

334 1521 581 1565 intellectus
596 1521 823 1575 admittit³‚
842 1523 1011 1580 propria
1032 1521 1101 1565 illa
1119 1521 1390 1581 susceptione
1411 1529 1593 1574 servata,
1615 1534 1714 1580 quae

334 1593 580 1637 communis
596 1595 634 1636 ei
656 1608 752 1636 cum
780 1593 943 1637 caeteris
966 1594 1215 1637 hominibus
1247 1608 1334 1637 non
1366 1602 1444 1647 est,
1467 1592 1590 1652 cujus
1615 1601 1713 1635 tan-

334 1679 463 1723 quam
486 1672 624 1707 morte
654 1663 869 1721 possideat
890 1663 1202 1717 haereditatem‚
1223 1662 1499 1706 manifestum
1519 1670 1595 1705 est.
1618 1663 1714 1706 Non

335 1735 451 1777 enim
483 1749 559 1778 nos
600 1732 846 1778 cohaeredes
883 1735 974 1792 ejus
1005 1749 1092 1777 esse
1132 1748 1355 1792 possumus
1380 1768 1390 1787 ‚
1424 1732 1504 1776 nisi
1545 1741 1587 1775 et
1625 1732 1719 1790 ipse·

337 1805 473 1848 haeres
505 1805 574 1848 sit,
598 1805 639 1849 Si
658 1814 801 1848 autem
825 1804 960 1863 pietas
984 1805 1067 1848 hoc
1090 1820 1177 1847 non
1196 1803 1414 1857 adminit‚
1431 1812 1479 1846 ut
1500 1803 1639 1862 primo
1665 1818 1714 1847 ex

336 1885 458 1934 parte
473 1876 638 1918 videret
665 1875 797 1918 homo
811 1875 1075 1927 Dominicus‚
1093 1874 1251 1918 deinde
1270 1890 1319 1917 ex
1337 1883 1444 1928 toto,
1465 1887 1715 1934 quanquam

336 1946 378 1989 in
415 1945 619 2004 sapientia
651 1946 858 2004 proficere
887 1944 1028 1988 dictus
1049 1945 1103 1989 sit
1130 1966 1140 2002 3
1170 1946 1213 1988 in
1237 1960 1418 2003 corpore
1445 1960 1523 1988 suo
1552 1943 1713 1987 intelli·
1747 1933 1755 2028 ¹.

337 2025 464 2074 gatnr
492 2017 625 2059 haeres
650 2050 660 2068 ,
685 2015 729 2058 id
752 2024 831 2069 est,
867 2015 1055 2060 Ecclesia
1077 2051 1087 2069 ‚
1114 2017 1236 2075 cujus
1257 2014 1504 2059 cohaeredes
1530 2029 1677 2058 sumus
1702 2033 1711 2059 :

337 2087 706 2147 quemadmodum
727 2086 800 2130 filii
818 2089 908 2146 ejus
925 2088 1068 2131 matris
1085 2087 1285 2142 dicimur,
1304 2087 1501 2147 quamvis
1523 2102 1573 2130 ex
1592 2085 1715 2131 nobis

337 2168 520 2202 constet.

400 2230 459 2271 3⁰.
485 2228 567 2272 Sed
590 2243 756 2270 rursum
780 2229 914 2286 quaeri
947 2236 1107 2286 potest,
1139 2228 1260 2287 cujus
1292 2238 1430 2271 morte
1458 2226 1559 2271 facti
1587 2219 1759 2271 simus*

338 2300 467 2343 etiam
501 2314 577 2342 nos
605 2298 832 2341 haereditas
862 2298 961 2351 Dei,
993 2299 1232 2342 secundum
1256 2297 1391 2351 illud,
1423 2317 1442 2339 «
1482 2299 1602 2342 Dabo
1638 2297 1716 2341 tibi
1741 2287 1757 2351 η’

343 2387 362 2410 »
393 2379 539 2427 gentes
561 2367 855 2411 haereditatem
886 2368 1029 2410 tuam⁴
1053 2386 1062 2411 :
1086 2386 1104 2408 »
1129 2369 1209 2411 nisi
1241 2366 1352 2431 forte
1381 2368 1506 2427 hujus
1535 2367 1711 2423 mundi,

339 2455 428 2498 quo
462 2437 816 2497 prius'tanquam
851 2437 1102 2481 dominante
1134 2438 1404 2481 tenebamur.
1444 2441 1544 2481 Post
1572 2447 1713 2482 autem

341 2524 440 2553 cum
485 2508 667 2552 dicimus
683 2543 693 2563 ,
737 2528 755 2549 «
786 2508 892 2553 Mihi
935 2507 1121 2551 mundus
1164 2507 1394 2552 crucifixus
1430 2517 1514 2563 est,
1554 2517 1597 2552 et
1637 2521 1714 2566 ego

1752 1570 1754 1582 “
1751 421 1770 1567 ffl—x——q———k—fi——ffi—-i

391 2602 395 2616 ¹
426 2606 435 2625 1
457 2596 529 2626 Cor.
550 2604 616 2635 χιιι,
643 2604 691 2625 ιο.
762 2600 772 2615 ²
792 2595 883 2626 Joan.
903 2605 925 2633 1,
950 2605 976 2625 ι.
994 2591 1060 2615 ——3
1081 2594 1156 2625 Luc.
1179 2604 1217 2634 11,
1234 2592 1287 2635 4ο.
1303 2591 1370 2621 -4
1387 2592 1464 2625 Psal.
1485 2604 1518 2631 ιι,
1535 2595 1567 2624 8.
