1790 3187
325 220 411 262 430
766 229 800 258 s.
837 228 1068 260 Aueus'rnvr
1101 230 1282 260 nrrscom

325 295 544 357 apostolus
564 315 576 354 3
595 312 616 338 «
642 298 872 354 Propterea
886 295 1186 340 inexcusabilis
1201 311 1260 350 es,
1272 309 1298 340 o
1313 294 1447 340 homo
1468 295 1609 340 omnis
1626 295 1704 355 qui

329 386 350 410 »
367 367 550 428 judicas.
587 370 638 410 In
660 381 749 426 quo
771 366 888 410 enim
917 367 1050 411 alium
1073 366 1259 427 judicas,
1295 367 1572 426 temetipsum
1594 380 1705 410 con-

329 456 350 480 »
374 439 553 483 demnas
575 454 587 488 ;
608 437 761 481 eadem
791 437 906 481 enim
926 437 1031 497 agis,
1058 453 1156 497 quae
1176 435 1344 497 judicas
1364 439 1396 480 ¹.
1434 454 1455 478 »
1491 437 1622 490 Quod
1643 435 1708 479 illi

326 509 506 555 omnino
529 508 743 564 fecerunt,
766 517 816 553 ut
845 509 939 553 haec
968 509 1099 555 verba
1120 507 1354 568 apostolica
1381 508 1548 567 integre
1570 508 1617 552 in
1637 521 1710 553 eos

327 589 514 640 apteque
537 579 813 624 conveniant.

384 652 465 694 XI.
505 653 602 695 Non
624 663 727 708 ergo
749 658 855 693 tunc
878 648 1125 704 SecunduS,
1150 648 1327 708 quando
1349 662 1500 693 eorum
1528 648 1711 692 crimina

328 722 418 764 Deo
430 719 608 775 dimisit,
624 719 722 779 paci
734 720 980 778 unitatique
996 718 1235 764 consuluit:
1258 718 1454 778 alioquin
1474 718 1610 777 magis
1627 718 1712 762 hoc

330 791 448 848 apud
469 790 776 848 Carthaginem
799 789 1061 850 provideret,
1087 804 1142 833 ne
1162 789 1346 833 schisma
1364 789 1503 844 fieret,
1518 788 1595 832 ubi
1617 787 1715 831 nul·

329 859 396 904 lus
415 859 578 914 aderat,
595 860 666 904 cui
677 859 874 905 confesso
887 860 1052 904 crimen
1065 859 1227 904 donare
1240 868 1464 917 cogeretur
1477 879 1488 917 3
1503 857 1578 902 sed
1594 855 1715 917 quod

330 939 421 974 erat
436 929 710 985 facillimum,
727 939 819 975 tota
837 930 1105 975 conservatio
1119 930 1234 989 pacis
1255 938 1365 974 esset
1382 930 1581 974 absentes
1598 926 1716 972 nolle

330 1000 551 1044 damnare.
578 1004 732 1060 Itaque
752 1001 955 1060 injuriam
976 1001 1169 1046 facerent
1188 1000 1495 1045 innocentibus
1511 1034 1522 1055 ,
1548 996 1716 1042 etiamsi

332 1070 390 1113 eis
408 1086 497 1114 non
519 1071 726 1115 convictis
748 1087 893 1130 neque
913 1071 1133 1126 confessis,
1158 1087 1302 1132 neque
1322 1074 1504 1117 omnino
1525 1085 1716 1130 praesen-

334 1139 449 1184 tibus
483 1141 707 1199 ignoscere
737 1139 989 1186 voluissent,
1026 1141 1105 1185 Ille
1138 1143 1300 1201 quippe
1337 1142 1494 1200 accipit
1523 1141 1714 1194 veniam,

332 1212 455 1270 cujus
487 1212 616 1270 culpa
650 1212 887 1256 certissima
923 1222 1001 1257 est.
1035 1216 1207 1265 Quanto
1237 1227 1338 1270 ergo
1371 1212 1646 1256 immaniores
1674 1217 1718 1253 et

333 1283 531 1326 caeciores
555 1281 759 1338 fuerunt,
792 1283 868 1342 qui
899 1298 946 1327 ea
969 1298 1013 1327 se
1044 1292 1309 1343 putaverunt
1339 1298 1462 1342 posse
1486 1285 1717 1335 damnare,

333 1369 432 1414 quae
461 1355 686 1413 incognita
707 1369 788 1398 nec
823 1354 987 1399 donare
1015 1355 1271 1414 pouissenti‘
1304 1353 1389 1400 Sed
1425 1353 1513 1398 illic
1545 1352 1719 1412 cognita

334 1423 507 1469 dimissa
539 1433 641 1469 sunt
679 1428 786 1480 Deo,
826 1440 881 1469 ne
909 1423 990 1469 alia
1025 1434 1325 1484 quaererentur
1356 1441 1365 1467 :
1395 1425 1466 1469 hic
1498 1423 1719 1481 incognita

333 1493 537 1538 damnata
559 1504 676 1549 sunt,
703 1504 751 1538 ut
772 1493 843 1538 illa
876 1504 1139 1553 tegerentur.
1168 1496 1252 1540 Sed
1274 1495 1389 1540 dicet
1411 1495 1582 1555 aliquis,
1605 1495 1720 1550 Cog-

333 1563 702 1618 noverunt.Quod
714 1565 792 1608 etsi
805 1567 1061 1620 concedam,
1079 1566 1208 1609 etiam
1226 1567 1285 1610 sic
1300 1566 1550 1610 absentibus
1567 1564 1720 1623 utique

333 1636 451 1692 parci
482 1636 729 1694 oportebat.
754 1638 907 1694 Neque
939 1636 1054 1679 enim
1071 1637 1287 1696 judicium
1321 1637 1617 1689 deseruerant,
1643 1633 1720 1677 ubi

334 1720 562 1766 nunquam
582 1706 762 1750 omnino
784 1707 1094 1763 constiterant3
1114 1722 1195 1751 nec
1217 1708 1263 1750 in
1284 1706 1365 1750 illis
1388 1706 1487 1751 solis
1510 1705 1720 1764 episcopis

334 1775 450 1820 Afris
472 1785 563 1820 erat
592 1775 799 1831 Ecclesia,
826 1785 875 1820 ut
905 1791 1034 1821 omne
1057 1777 1271 1836 judicium
1295 1775 1631 1821 ecclesiasticum
1652 1776 1719 1819 vi-

334 1853 445 1888 tasse
465 1845 734 1900 viderentur,
761 1847 837 1905 qni
859 1861 901 1889 se
920 1845 1086 1906 judicio
1104 1862 1254 1891 eorum
1273 1855 1534 1906 praesentare
1555 1844 1722 1889 noluis-

335 1924 445 1959 sent.
471 1916 605 1960 Miltia
623 1917 785 1976 quippe
800 1916 1065 1975 collegarum
1090 1918 1370 1961 transmarina
1393 1917 1628 1969 restabant,
1644 1913 1722 1958 ubi

336 1987 572 2044 apparebat
605 2002 677 2030 eos
710 1987 897 2045 judicari
930 2002 1069 2046 posse,
1105 1989 1180 2047 qui
1211 1988 1473 2031 videbantur
1497 1986 1624 2031 Afros
1653 1984 1722 2029 vel

336 2056 545 2100 Numidas
581 2056 765 2113 collegas
804 2058 964 2100 habere
1003 2066 1237 2115 suspectos.
1266 2057 1348 2100 Ubi
1374 2066 1437 2100 est
1458 2057 1574 2100 enim
1601 2055 1723 2115 quod

339 2125 560 2184 Scriptura
590 2126 747 2170 clamat
773 2144 782 2171 :
813 2144 833 2168 «
859 2130 1106 2186 Antequam
1133 2127 1395 2185 interroges,
1427 2141 1481 2169 ne
1503 2127 1722 2184 vituperes

340 2211 361 2236 »
379 2209 662 2255 quemquam,
688 2207 732 2242 et
752 2211 852 2240 cum
882 2196 1228 2255 interrogaveris,
1256 2198 1424 2256 corripe
1441 2198 1556 2256 juste
1575 2198 1606 2238 ².
1629 2212 1650 2236 »
1679 2194 1722 2239 Si

338 2279 442 2323 ergo
462 2281 542 2310 nec
565 2267 816 2325 vituperari,
842 2281 922 2310 nec
936 2267 1095 2325 corripi
1118 2268 1195 2310 nisi
1211 2268 1523 2325 interrogatum
1541 2265 1723 2325 Spiritus

337 2345 510 2381 sanctus
545 2337 683 2382 voluit
711 2358 723 2395 3
761 2346 927 2397 quanto
965 2336 1209 2382 sceleratius
1248 2353 1336 2382 non
1374 2338 1607 2396 vituperati
1648 2342 1724 2379 aut

338 2410 541 2467 correpti,
574 2409 649 2452 sed
672 2409 849 2453 omnino
872 2409 1063 2453 damnati
1085 2419 1185 2453 sunt
1211 2428 1219 2454 z
1245 2410 1320 2468 qui
1342 2408 1397 2453 de
1419 2410 1505 2453 suis
1528 2407 1722 2452 crimini·
1741 2462 1744 2464 .

339 2478 422 2523 bus
441 2479 552 2523 nihil
572 2480 770 2524 absentes
791 2480 1047 2539 interrogari
1070 2481 1342 2539 potuerunt?

388 2568 396 2584 ¹
424 2564 515 2596 Rom.
535 2573 569 2605 n,
592 2572 619 2596 ι.
637 2578 678 2587 -
694 2569 707 2586 ²
728 2563 826 2597 Eccli.
855 2575 899 2606 xi,
919 2570 950 2605 7.
