1790 3187
14 119 15 158 l

12 281 14 323 l

334 193 384 218 ne
419 191 606 218 mvssnsis
640 191 795 228 Quies-T.
835 193 982 219 oeToc.
1020 194 1181 219 Turius.
1397 184 1448 221 77

66 274 193 319 quem
225 266 453 301 venturum
480 265 648 315 sperat,
677 257 841 301 venisse
873 273 959 302 non
982 258 1112 302 videt.
1144 261 1453 304 Verumtamen

11 371 13 375 ,
68 326 354 373 misericordia
381 327 551 371 Domini
574 342 693 370 nunc
716 342 834 371 error
856 328 933 371 iste
952 338 1159 388 tanquam
1184 327 1355 374 adulter
1376 345 1454 374 ex-

10 420 12 432 ·
66 397 254 458 pellitur.
283 396 394 440 Dicit
416 396 528 439 enim
554 396 592 439 ei
615 398 760 451 Jesus,
785 416 804 438 «
844 400 937 456 Ego
960 413 1079 453 sum,
1102 398 1177 458 qui
1206 407 1351 444 tecum
1385 399 1454 445 lo-

10 490 11 513 z
67 488 87 511 »
111 483 235 529 quor.
265 487 285 510 »
307 471 403 522 Quo
422 466 573 512 audito
591 467 662 512 illa
682 484 769 513 non
788 470 1026 528 respondit,
1046 472 1121 515 sed
1137 471 1279 515 statim
1303 470 1452 517 relicta

10 576 11 580 ,
65 540 216 597 hydria
241 555 315 583 sua
339 539 445 582 abiit
465 539 510 583 in
532 539 750 584 civitatem
778 538 984 584 festinans
999 576 1009 596 ,
1036 551 1085 586 ut
1108 541 1393 600 Evangelium
1409 551 1454 587 et

8 644 9 656 ¹
65 610 233 654 Domini
257 609 516 664 adventum,
553 625 642 654 non
670 619 839 654 tantum
863 611 1074 666 crederet,
1101 613 1175 656 sed
1193 613 1321 656 etiam
1338 628 1453 672 prae-

61 679 237 724 dicaret.
264 683 350 725 Nec
368 681 450 725 hoc
474 680 593 740 quod
617 680 765 725 relicta
781 681 933 740 hydria
949 682 1156 738 discessit,
1182 683 1455 743 negligenter

63 750 412 809 praetereundum
445 759 521 794 est.
550 750 716 807 Hydria
741 751 854 795 enim
881 752 1061 797 tortasse
1089 769 1282 798 amorem
1305 754 1452 799 saeculi

63 822 188 881 hujus
207 822 430 879 fignificat,
455 821 500 865 id
523 829 606 876 est,
640 822 943 881 cupiditatem,
969 839 1053 882 qua
1071 824 1151 867 sibi
1177 824 1376 869 homines
1395 824 1450 870 de

62 893 284 936 tenebrosa
302 891 616 951 profunditate,
639 893 762 952 cujus
784 893 1017 952 imaginem
1039 904 1196 953 puteus
1215 895 1340 954 gerit,
1366 896 1451 941 hoc

58 972 135 1017 est,
162 963 216 1006 de
240 972 409 1007 terrena
439 964 765 1009 conversatione
792 965 1001 1009 hauriunt
1034 965 1308 1025 voluptatem
1332 986 1341 1012 :
1367 984 1454 1028 qua

59 1044 260 1094 percepta
282 1035 437 1079 iterum
459 1035 503 1078 in
521 1036 613 1093 ejus
643 1036 883 1095 appetitum
902 1036 1193 1093 inardescant,
1218 1037 1330 1082 sicut
1351 1057 1370 1080 «
1399 1038 1455 1083 de

2 1115 3 1151 ζ
60 1123 78 1146 »
107 1122 216 1165 aqua
235 1105 307 1150 illa
331 1107 406 1167 qui
430 1106 577 1150 liberit
595 1142 605 1161 ,
624 1107 783 1166 inquit,
808 1108 924 1152 sitiet
947 1109 1104 1153 iterum
1119 1111 1149 1153 ¹.
1171 1127 1191 1150 »
1212 1109 1455 1169 Oportebat

1 1176 4 1212 ἲ
57 1186 200 1220 autem
226 1186 274 1221 ut
293 1178 465 1222 Christo
492 1176 694 1232 credens,
728 1178 888 1222 saeculo
911 1180 1204 1235 renuntiaret,
1231 1189 1275 1224 et
1303 1180 1454 1225 relicta

0 1281 3 1291 .
55 1246 210 1304 hydria
234 1247 517 1306 cupiditatem
552 1248 801 1292 saecularem
833 1264 877 1293 se
906 1250 1130 1309 reliquisse
1164 1260 1452 1309 monstraret3

56 1332 144 1362 non
165 1318 305 1362 solum
330 1320 461 1363 corde
483 1318 662 1364 credens
686 1317 740 1363 ad
757 1319 988 1379 justitiam,
1014 1320 1091 1364 sed
1113 1321 1243 1366 etiam
1267 1321 1322 1367 ad
1342 1321 1454 1366 salu-

59 1397 140 1433 tem
161 1405 234 1434 ore
254 1389 502 1434 confessura
524 1400 567 1434 et
589 1390 880 1450 praedicatura
898 1391 1018 1451 quod
1040 1391 1267 1437 credidit2.

113 1463 168 1513 Qt
185 1479 311 1506 AEsno
332 1463 464 1505 LXV.
491 1489 542 1494 -
569 1465 827 1522 Quanquam
863 1461 1104 1506 secundum
1141 1463 1452 1523 Evangelicam

56 1530 274 1575 historiam
305 1531 607 1576 resuscitatum
640 1534 850 1576 Lazarum
887 1531 1015 1591 plena
1044 1532 1131 1576 fide
1163 1536 1449 1593 teneamus33

56 1609 197 1646 tamen
224 1610 266 1646 et
285 1603 330 1646 in
354 1601 557 1662 allegoria
589 1602 832 1661 significare
855 1602 1023 1663 aliquid
1058 1618 1144 1648 non
1168 1604 1342 1649 dubito.
1364 1607 1452 1651 Ne·

54 1688 138 1732 que
160 1688 259 1716 cum
283 1687 348 1717 res
372 1671 497 1717 factae
533 1672 885 1732 allegorizantur,
922 1682 1053 1732 gestae
1076 1675 1138 1718 rei
1160 1674 1294 1719 fidem
1318 1675 1449 1720 amit-

54 1752 167 1787 tunt.
201 1744 320 1789 Sicut
351 1744 539 1789 duorum
562 1745 751 1789 filiorum
785 1745 972 1789 Abrahae
1003 1745 1256 1804 allegoriam
1280 1745 1446 1792 Paulus

55 1815 233 1873 exponit
250 1814 338 1859 duo
360 1830 449 1859 esse
474 1817 772 1860 Testamenta4
796 1835 804 1860 ι
826 1816 1042 1874 numquid
1068 1815 1182 1871 ideo,
1209 1824 1285 1860 aut
1308 1817 1450 1861 Abra-

57 1885 159 1929 ham
177 1901 263 1930 non
283 1886 388 1940 fuit,
415 1895 491 1930 aut
522 1885 620 1929 illos
642 1885 751 1930 filios
771 1901 860 1930 non
881 1885 1059 1930 habuit?
1082 1889 1198 1945 Ergo
1215 1887 1321 1930 etin
1343 1886 1449 1931 alle-

58 1958 174 2018 goria
193 1958 453 2017 accipiamus
475 1960 686 2001 Lazarum
709 1956 753 2000 in
772 1966 1075 2011 monumento,
1100 1958 1290 2002 animam
1310 1966 1447 2003 terre-

56 2028 120 2073 nis
152 2029 335 2088 peccatis
358 2029 588 2083 obrutam,
623 2026 668 2071 id
701 2037 780 2083 est,
817 2043 947 2072 omne
981 2027 1224 2072 humanum
1255 2030 1443 2087 genus⁵:

55 2114 186 2158 quam
211 2098 293 2144 alio
327 2098 424 2144 loco
457 2099 667 2143 Dominus
704 2113 780 2157 per
808 2113 932 2142 ovem
969 2096 1184 2157 perditam
1214 2098 1443 2157 significat,

56 2178 232 2228 propter
268 2185 398 2230 quam
443 2167 709 2213 liberandam
750 2167 908 2212 relictis
946 2167 1366 2227 nonaginta-novem
1399 2169 1447 2213 in

56 2240 301 2295 montibus,
340 2238 610 2284 descendisse
640 2254 684 2283 se
706 2237 846 2283 dicitss.
869 2239 998 2291 Quod
1029 2250 1175 2282 autem
1205 2239 1445 2299 interrogat

56 2309 229 2366 dicens,
253 2329 271 2352 «
293 2310 375 2355 Ubi
397 2326 497 2355 eum
519 2309 746 2369 posuistis?
767 2328 787 2350 »
815 2309 1089 2354 vocationem
1120 2318 1311 2354 nostram
1345 2325 1446 2370 quae

57 2381 103 2425 fit
117 2382 160 2426 in
181 2381 369 2438 occulto,
393 2383 579 2427 arbitror
596 2382 852 2440 significare.
878 2380 1205 2426 Praedestinatio
1226 2380 1344 2425 enim
1365 2397 1447 2426 vo-

105 2493 111 2509 ¹
137 2488 224 2519 Joan.
253 2497 297 2526 xv,
322 2487 372 2519 13.
389 2504 430 2509 —
448 2493 459 2509 2
491 2489 582 2519 Rom.
606 2497 639 2525 x,
663 2497 712 2519 10.
731 2484 801 2509 —·³
832 2487 923 2518 Joan.
955 2496 998 2524 xi,
1028 2496 1056 2517 1.
1074 2483 1143 2515 -4
1165 2486 1232 2519 Gal.
1255 2497 1302 2525 ιν,
1335 2494 1388 2519 22.
1406 2502 1447 2510 —-

58 2540 72 2565 5
98 2543 172 2576 Luc.
189 2554 242 2579 xv,
267 2542 298 2584 4.
314 2540 385 2566 ...6
408 2544 486 2575 Joan
518 2542 636 2585 x1‚34.
