1790 3187
277 205 360 246 504
708 217 740 242 s.
778 213 1009 243 „mausum
1042 215 1221 242 Erlscom

274 294 481 344 tanquam
498 282 544 327 in
564 281 764 341 scopulos
785 281 954 325 miserae
972 280 1187 326 servitutis
1210 279 1335 334 illisi,
1360 288 1404 324 et
1430 278 1567 323 libero
1591 294 1660 324 ar-

277 356 403 399 bitrio
421 354 726 411 naufragemus
753 371 761 397 :
787 351 861 396 sed
884 351 938 397 ad
961 368 1049 396 rem
1070 360 1233 396 sacrate
1258 350 1582 408 significandam
1604 351 1660 394 si-

275 424 542 470 militudines
557 431 677 481 aptas
691 422 1002 480 religiosissima
1017 423 1246 468 devotione
1261 421 1531 480 suscipimus,
1551 420 1661 466 sicut

274 496 329 542 de
347 505 501 541 caetera
524 503 742 548 creatura,
763 492 818 538 de
840 494 978 538 ventis
995 529 1005 549 ‚
1034 492 1089 537 de
1115 493 1245 551 mari,
1271 491 1324 536 de
1348 501 1481 544 terra,
1510 491 1564 536 de
1584 508 1662 537 vo·-

272 566 494 620 latilibus‚
527 566 581 609 de
614 565 831 624 piscibus,
868 564 922 608 de
949 564 1202 624 pecoribus,
1236 563 1290 608 de
1317 562 1574 618 arboribuS‚
1606 563 1662 607 de

271 637 522 684 hominibus
539 672 549 692 ,
576 635 631 680 ad
652 651 894 680 sermonem
919 635 1097 695 quidem
1120 634 1440 693 multipliciter,
1466 633 1520 678 ad
1548 633 1662 678 eele-

272 709 518 754 brationem
545 723 648 752 vero
681 716 1049 752 sacramentorum
1076 707 1163 766 jam
1192 706 1434 751 Christiana
1462 705 1662 750 libertate

271 779 520 840 parcissime
536 799 546 835 3
566 779 676 824 sicut
691 777 745 822 de
760 794 872 838 aqua
885 813 895 833 ,
916 777 971 822 de
985 776 1206 822 frumento
1221 811 1232 833 ‚
1253 776 1308 821 de
1325 778 1448 832 vino,
1474 776 1529 820 de
1546 776 1659 821 oleo.

272 854 325 895 In
354 850 562 895 servitute
595 859 739 894 autem
770 849 925 894 veteris
958 848 1110 909 populi
1139 848 1267 892 etiam
1292 846 1431 892 multa
1453 847 1663 892 celebrari

270 922 483 980 imperata
505 929 627 976 sunt,
654 936 754 980 quae
785 920 912 964 nobis
942 918 1248 964 tantummodo
1271 918 1553 977 intelligenda
1576 927 1664 963 tra-

271 993 454 1038 duntur.
481 995 579 1038 Non
600 992 749 1052 itaque
778 992 869 1035 dies
906 992 1187 1037 observamus
1209 1000 1251 1036 et
1276 1006 1411 1035 annos
1434 999 1477 1034 et
1498 1005 1664 1035 menses

270 1072 314 1108 et
342 1072 565 1122 tempora,
600 1077 654 1106 ne
679 1062 906 1106 audiamus
935 1064 990 1106 ab
1026 1061 1233 1121 Apostolo
1257 1081 1265 1106 :
1295 1081 1315 1104 «
1340 1062 1490 1106 Timeo
1510 1076 1586 1106 vos
1609 1076 1664 1105 ne

275 1153 293 1176 »
322 1134 433 1179 forte
462 1134 553 1178 sine
586 1148 714 1178 eausa
736 1133 1024 1177 laboraverim
1046 1134 1092 1177 in
1115 1135 1235 1178 vos1.
1265 1151 1284 1174 »
1314 1135 1399 1177 Eos
1425 1132 1542 1176 enim
1570 1132 1665 1176 cul-

272 1214 346 1265 pat
370 1204 447 1265 qui
469 1204 623 1248 dicunt
649 1223 657 1248 z
681 1205 778 1249 Non
800 1204 1047 1264 proficiscar
1068 1204 1214 1259 hodie,
1235 1203 1337 1264 quia
1360 1212 1557 1263 posterus
1575 1202 1665 1248 dies

271 1284 335 1320 est
353 1310 364 1331 ,
392 1284 467 1320 aut
489 1275 591 1334 quia
611 1274 715 1318 luna
737 1275 796 1319 sic
819 1276 958 1319 fertur
982 1294 991 1320 :
1017 1275 1086 1319 vel
1103 1310 1113 1330 ‚
1135 1275 1380 1334 proficiscar
1396 1283 1446 1318 ut
1460 1289 1666 1334 prospera

272 1346 458 1402 cedant,
485 1346 587 1406 quia
609 1346 667 1390 ita
689 1346 883 1390 sehabet
906 1347 1060 1405 positio
1083 1346 1288 1391 siderum.
1314 1348 1411 1392 Non
1438 1360 1562 1404 agam
1581 1346 1666 1390 hoc

272 1433 420 1463 mense
442 1417 752 1463 commercium
772 1453 783 1473 ,
811 1419 912 1478 quia
937 1418 1010 1462 illa
1031 1418 1155 1463 stella
1183 1418 1290 1463 mihi
1320 1419 1407 1476 agit
1435 1433 1627 1462 mensem
1654 1436 1664 1462 z

273 1489 343 1534 vel
366 1505 514 1548 agam,
540 1491 643 1549 quia
665 1489 854 1549 suscepit
874 1505 1081 1534 mensem.
1110 1492 1207 1535 Non
1230 1489 1424 1548 plantem
1447 1490 1529 1534 hoc
1551 1504 1667 1534 anno

274 1560 446 1604 vineam
463 1594 474 1614 ‚
496 1560 598 1619 quia
620 1560 830 1604 bissextus
855 1569 932 1605 cst.
961 1563 1058 1606 Non
1082 1570 1225 1605 autem
1244 1561 1474 1620 quisquam
1497 1560 1667 1620 sapiens

275 1631 511 1674 arbitretur
542 1630 840 1675 observatores
872 1640 1121 1690 temporum
1153 1630 1554 1690 reprehendendOS,
1591 1631 1667 1691 qui

275 1702 429 1746 dicunt
451 1720 459 1745 z
484 1703 578 1746 Non
600 1701 847 1760 proficiscar
866 1702 1020 1754 bodie,
1040 1704 1140 1763 quia
1157 1711 1383 1761 tempestas
1405 1712 1551 1747 exorta
1574 1711 1666 1761 est3

276 1780 351 1816 aut
377 1786 465 1814 non
499 1771 700 1830 navigem
722 1807 732 1826 ‚
769 1773 870 1831 quia
897 1771 1039 1816 adhuc,
1076 1782 1177 1816 sunt
1201 1773 1409 1830 hybernae
1445 1773 1665 1833 reliquiae3

278 1852 354 1887 aut
382 1851 554 1901 tempus
581 1843 824 1887 seminandi
851 1853 935 1899 est,
961 1844 1063 1904 quia
1095 1843 1308 1888 imbribus
1341 1844 1668 1889 autumnalibus

281 1923 392 1958 terra
416 1913 567 1957 satiata
602 1922 666 1957 est
692 1932 700 1958 ε
738 1912 806 1958 vel
832 1914 865 1958 si
895 1915 969 1973 qui
998 1914 1110 1958 forte
1132 1914 1200 1958 alii
1237 1915 1455 1960 naturales
1487 1916 1668 1961 effectus

278 1985 391 2029 circa
428 1993 598 2028 motum
634 1984 737 2028 a'e'ris
771 1994 814 2028 et
846 1986 1050 2030 humores
1085 1987 1140 2030 ad
1169 1986 1392 2031 variandas
1421 1997 1667 2048 temporum

280 2054 511 2115 qualitates
552 2055 597 2098 in
628 2054 820 2099 siderum
855 2055 1170 2100 ordinatissima
1213 2057 1492 2103 conversione
1530 2060 1669 2104 notati

282 2135 407 2181 sunt,
440 2127 494 2170 de
527 2126 687 2186 quibus
711 2126 874 2170 dietum
900 2136 963 2171 est
986 2142 1084 2172 cum
1114 2127 1432 2172 conderentur?
1460 2148 1480 2172 «
1509 2132 1565 2174 Et
1585 2131 1669 2176 sint

284 2215 305 2239 »
331 2197 375 2240 in
397 2196 544 2256 signiS‚
570 2206 613 2241 et
636 2198 921 2256 temporibus,
947 2207 990 2242 et
1012 2198 1056 2241 in
1087 2197 1241 2242 diebus
1259 2208 1302 2243 et
1322 2199 1367 2242 in
1389 2199 1510 2244 annis
1524 2203 1556 2244 2.
1585 2220 1602 2242 »
1626 2201 1668 2246 Si

282 2284 381 2329 quse
399 2277 545 2312 autem
568 2268 718 2327 figurae
740 2267 1072 2313 similitudinum
1104 2285 1193 2314 non
1215 2280 1385 2316 tantum
1404 2272 1458 2315 de
1490 2272 1602 2317 coelo
1626 2282 1669 2318 et

281 2341 337 2384 de
359 2340 570 2384 sideribus
586 2375 596 2395 ‚
623 2340 698 2385 sed
721 2341 851 2384 etiam
871 2340 925 2385 de
947 2341 1138 2387 inferiori
1157 2352 1351 2388 creatura
1375 2344 1598 2388 ducuntur
1614 2345 1668 2389 ad

283 2410 647 2469 dispensationem
676 2420 1043 2457 sacramentorum
1061 2448 1072 2468 ‚
1111 2414 1358 2472 eloquentia
1381 2414 1583 2475 quaedam
1606 2423 1669 2459 est

285 2480 495 2526 doctrinae
508 2481 718 2537 salutaris,
734 2483 952 2528 movendo
964 2482 1139 2529 affectui
1150 2484 1408 2531 discentium
1423 2500 1668 2532 accommo-

337 2572 345 2587 ¹
368 2565 435 2598 Gal,
457 2577 503 2604 iv,
525 2577 575 2598 11.
593 2573 662 2589 -ΔΛ
688 2566 888 2609 Gen.1‚14.
