1790 3187
572 219 770 247 EPISTOLA
803 221 912 248 xxu.
1347 211 1427 248 307

49 297 169 334 neste
184 287 444 332 celebratur.
468 286 570 330 Haec
586 285 758 329 interim
774 284 828 328 de
842 283 1224 329 comessationibus
1237 293 1281 328 et
1297 284 1434 328 ebrie-

49 359 211 404 tatibus
233 358 346 401 dicta
370 357 470 400 sint.
1156 353 1160 357 ’

108 432 206 475 Vll.
243 432 304 475 De
325 427 606 472 contentione
627 435 771 470 autem
791 434 834 469 et
855 425 958 470 dolo
980 424 1086 485 quid
1106 440 1174 469 me
1194 424 1349 469 attinet
1365 423 1434 469 di-

47 516 165 555 cere,
185 499 362 560 quando
382 499 460 542 ista
479 498 580 542 vitia
604 513 690 542 non
709 498 752 540 in
773 497 898 556 plebe
913 532 923 552 ,
941 497 1072 541 sedin
1089 506 1236 541 nostro
1253 511 1435 542 numero

48 572 239 632 graviora
267 572 402 615 sunt?
428 573 590 614 Horum
616 579 762 613 autem
791 570 1042 614 morborum
1075 578 1210 613 mater
1231 567 1438 626 superbia.

49 652 134 698 est,
166 652 209 687 et
238 643 443 706 humanae
471 640 612 685 laudis
642 640 845 694 aviditas,
880 657 979 700 qiioe
1011 641 1138 683 etiam
1173 639 1437 698 hypocrisim

49 729 162 773 saepe
183 724 372 771 generat.
401 703 510 768 ¹R‘uic
534 728 621 756 non
644 711 855 756 resistitur
870 747 880 765 ,
910 712 987 755 nisi
1008 711 1168 755 crebris
1190 711 1439 754 divinorum

50 784 261 830 librorum
294 784 548 828 testimoniis
571 783 810 827 incutiatur
835 782 962 826 timor
993 792 1036 827 et
1058 782 1243 826 charitas
1268 781 1342 825 Dei
1368 801 1377 825 :
1407 780 1440 825 si

49 865 193 901 tamen
214 857 285 899 ille
307 857 379 916 qui
406 857 487 900 hoc
511 856 626 914 agit,
650 856 836 913 seipsum
860 855 1052 913 praebeat
1072 854 1290 912 patientiae
1309 862 1441 909 atque

48 926 307 971 humilitatis
321 926 564 984 exemplum
585 960 594 978 ,
618 926 759 968 minus
781 924 861 968 sibi
879 923 1138 967 assumendo
1160 939 1289 982 quam
1314 922 1440 966 oss'er-

49 1005 120 1042 tur
137 1016 148 1052 3
167 997 242 1040 sed
267 1007 408 1040 tamen
433 996 487 1039 ab
506 996 563 1038 eis
585 995 658 1054 qui
681 1010 725 1038 se
745 995 958 1038 honorant
976 1009 1054 1037 nec
1076 1003 1216 1036 totum
1238 1009 1315 1037 nec
1333 991 1441 1037 nihil

50 1067 323 1125 accipiendo,
348 1076 391 1110 et
413 1066 456 1109 id
480 1065 600 1124 quod
624 1065 834 1123 accipitur
854 1063 992 1107 laudis
1020 1075 1094 1107 aut
1117 1064 1294 1108 honoris
1312 1099 1322 1117 ‚
1352 1078 1443 1107 non

50 1147 226 1198 propter
259 1153 304 1181 se
330 1138 407 1198 qui
447 1147 562 1180 totus
592 1152 737 1181 coram
769 1140 857 1180 Deo
885 1151 974 1179 esse
1006 1136 1140 1179 debet
1172 1146 1215 1179 et
1250 1136 1442 1179 humana

50 1220 353 1263 contemnere,
371 1209 444 1252 sed
466 1219 642 1268 propter
664 1209 760 1251 illos
780 1208 1015 1266 accipiatur
1033 1208 1193 1267 quibus
1215 1207 1442 1251 consulere

49 1296 136 1325 non
160 1291 321 1340 potest,
357 1281 390 1324 si
422 1280 552 1324 nimia
591 1279 835 1340 dcjcctione
867 1280 1043 1323 vilescat
1076 1299 1084 1323 ε
1116 1279 1183 1323 Ah
1219 1281 1299 1322 hoc
1327 1279 1443 1322 enim

50 1353 237 1411 pertinet
254 1351 372 1410 quod
397 1351 562 1394 dictum
587 1361 649 1393 est
671 1370 678 1394 :
705 1370 723 1391 «
742 1351 1165 1410 Neinojuventutem
1193 1359 1310 1393 tuam
1334 1366 1443 1393 con-

55 1439 74 1463 »
101 1424 294 1466 temnat¹
322 1441 371 1466 2»
400 1437 499 1464 curn
526 1422 607 1464 hoc
630 1420 701 1463 ille
724 1420 903 1471 dixerit,
927 1420 1001 1478 qui
1019 1420 1102 1463 alio
1126 1419 1224 1463 loco
1248 1420 1337 1474 ait,
1364 1440 1381 1461 «
1402 1420 1445 1465 Si

54 1509 75 1534 i)
100 1492 349 1535 hominihus
369 1491 538 1547 placere
554 1490 712 1534 vellem
728 1526 738 1541 ,
757 1491 916 1535 Christi
934 1506 1080 1534 servus
1102 1507 1189 1533 non
1207 1507 1342 1534 esseni
1360 1493 1391 1536 ².
1421 1512 1439 1534 »

110 1564 230 1606 Vlll.
266 1566 475 1621 Magnum
499 1571 564 1605 est
584 1562 639 1604 de
664 1562 903 1605 honoribus
925 1572 967 1605 et
989 1562 1194 1606 laudibus
1216 1563 1441 1607 hominnm

51 1648 138 1676 non
167 1632 301 1676 taetari
320 1668 330 1686 ,
362 1633 436 1677 sed
468 1642 511 1676 et
542 1648 716 1675 ornnem
742 1648 948 1691 pompam
977 1633 1149 1676 inanem
1179 1633 1438 1692 praecidere,

51 1712 93 1746 et
115 1703 147 1746 si
171 1704 279 1763 quid
303 1704 403 1746 iude
427 1704 713 1746 necessarium
737 1703 948 1746 retinetur
968 1737 979 1757 ,
1004 1703 1048 1746 id
1074 1713 1213 1747 totum
1239 1703 1292 1747 ad
1322 1704 1442 1748 utili-

51 1782 180 1818 tatem
209 1773 514 1817 honorantium
536 1771 808 1831 salutemque
830 1773 1042 1816 conl'erre.
1069 1777 1163 1819 Non
1185 1775 1300 1818 enim
1328 1774 1443 1818 frus-

6 1894 11 1906 Γ
51 1853 114 1888 tra
137 1844 303 1888 dictum
324 1854 387 1887 est
416 1863 425 1888 ε
455 1863 473 1885 «
505 1846 614 1886 Deus
637 1843 882 1901 conlringet
904 1860 994 1887 ossa
1018 1845 1245 1888 hominum
1270 1845 1442 1905 placere

6 1932 13 1949 ε
54 1932 73 1957 »
100 1915 382 1958 volentiumss.
419 1933 438 1955 η
475 1913 589 1966 Quid
627 1914 742 1956 enim
778 1913 1055 1973 languidius,
1094 1916 1202 1973 quid
1234 1926 1319 1960 tam
1351 1918 1443 1961 sine

7 2021 11 2029 .
51 1985 284 2030 stabilitate
321 2002 370 2029 ae
402 1983 688 2038 fortitudine,
727 1984 848 2044 quod
880 2001 972 2029 ossa
1001 1985 1274 2042 significant,
1307 2003 1441 2047 quam

8 2066 13 2098 i*
51 2055 182 2103 horno
204 2072 334 2114 quem
360 2055 471 2099 male
493 2055 765 2114 loquentium
791 2054 942 2114 lingua
962 2055 1184 2110 debilitat,
1212 2073 1310 2101 cum
1334 2058 1441 2102 sciat

11 2168 13 2170 .
49 2125 151 2176 falsa
185 2143 274 2172 esse
311 2143 410 2187 quae
442 2126 672 2170 dicuntur?
706 2128 828 2186 eujus
872 2127 932 2170 rei
975 2127 1101 2171 dolor
1143 2128 1266 2172 nullo
1305 2128 1436 2173 modo

8 2235 10 2238 .
55 2199 206 2242 animae
235 2199 395 2242 viscera
419 2198 675 2252 dilaniaret,
712 2199 745 2241 si
780 2213 868 2241 non
898 2213 1015 2242 smor
1048 2198 1189 2243 laudis
1226 2216 1317 2243 ossa
1346 2202 1440 2260 ejus

10 2292 12 2301 ¹
55 2269 359 2328 confringeret.
394 2273 612 2314 Praesumo
647 2268 701 2312 de
724 2269 881 2313 robore
912 2269 1044 2312 animi
1079 2270 1155 2313 tui.
1186 2273 1338 2330 Itaque
1361 2271 1440 2315 ista

55 2357 151 2401 quae
169 2353 312 2387 tecum
332 2341 532 2394 confero,
558 2341 663 2384 mihi
682 2340 780 2385 dico
802 2359 810 2385 ε
831 2341 1022 2399 dignaris
1043 2350 1185 2384 tamen
1204 2342 1334 2385 credo
1351 2358 1443 2386 me-

10 2435 11 2438 ¹
55 2425 151 2458 cum
173 2413 469 2467 considerare,
494 2426 624 2471 quam
648 2415 734 2454 sint
759 2411 925 2469 gravia,
955 2427 1084 2470 quam
1106 2411 1315 2456 diflicilia.
1342 2415 1440 2457 Non

58 2482 172 2537 euim
193 2484 322 2544 hujus
338 2482 473 2528 hostis
489 2482 600 2526 vires
616 2482 769 2537 sentit,
789 2482 870 2526 nisi
887 2482 963 2542 qui
977 2482 1017 2526 ei
1034 2481 1200 2527 bellum
1214 2482 1441 2541 indixerit,

108 2571 116 2588 ¹
136 2578 146 2599 ι
165 2567 244 2601 Tim.
262 2577 307 2608 iv,
329 2577 381 2602 ια.
395 2583 435 2590 --
450 2574 462 2590 ²
481 2565 550 2600 Gal.
571 2576 594 2607 i,
617 2576 667 2598 ιο.
681 2563 746 2589 -3
765 2565 844 2599 Psal.
866 2576 921 2606 ιιι,
940 2564 972 2597 6.

1193 2621 1260 2660 20.
