1790 3187
353 190 437 231 494
791 204 823 229 s.
860 201 1086 230 mausum
1118 203 1294 230 Emscom

410 270 465 313 X.
494 268 534 312 Si
555 276 697 311 autem
714 267 895 327 quaeris,
920 283 996 311 cur
1027 269 1155 312 etiam
1180 265 1351 311 lavandi
1379 280 1470 310 mos
1494 274 1612 310 ortus
1633 266 1712 324 sit3

351 337 460 382 nihil
475 338 575 382 mihi
591 337 645 381 de
659 339 739 382 hac
755 354 798 381 re
819 338 1021 395 cogitanti
1036 338 1297 397 probabilius
1308 336 1508 391 occurrit,
1524 336 1601 380 nisi
1615 337 1715 395 quia

352 408 710 468 baptizandorum
726 423 904 468 corpora
922 424 995 468 per
1015 409 1357 454 observationem
1379 407 1716 469 quadragesimae

352 480 569 525 sordidata
583 514 594 535 ‚
617 495 715 524 cum
739 479 975 524 offensione
996 496 1141 525 sensus
1158 482 1211 524 ad
1233 479 1396 525 fontem
1414 487 1715 534 tractarentur,

352 551 432 595 nisi
449 551 589 610 aliqua
608 550 676 595 die
692 550 952 595 lavarentur.
972 554 1105 596 Istum
1124 561 1267 596 autem
1286 551 1396 595 diem
1411 550 1552 610 potius
1567 550 1719 593 adhoc

352 621 561 677 electum,
585 638 674 681 quo
694 637 817 667 coena
836 623 1057 667 Dominica
1082 623 1363 667 anniversarie
1382 621 1638 666 celebratur.
1664 622 1720 664 Et

351 693 452 751 quia
494 709 743 738 concessum
786 703 847 738 est
893 694 975 739 hoc
1011 694 1270 752 baptismum
1306 693 1566 751 accepturis,
1595 690 1721 735 multi

350 778 450 807 cum
473 765 537 808 his
571 764 714 808 lavare
740 765 994 820 voluerunt,
1017 765 1316 825 jejuniumque
1342 763 1543 808 relaxare.
1572 762 1647 807 His
1673 770 1723 806 ut

350 835 473 893 potui
490 835 739 894 disputatis,
764 852 920 881 moneo
940 845 988 880 ut
1008 852 1055 880 ea
1078 852 1175 896 quae
1192 836 1451 896 praelocutus
1473 850 1566 879 sum
1584 847 1722 877 serves

350 915 564 965 quantum
589 916 707 965 potes
725 942 735 961 ,
766 916 816 951 ut
843 907 966 951 decet
989 907 1190 952 Ecclesiae
1214 905 1471 966 prudentem
1500 921 1548 949 ac
1572 904 1722 964 pacifi-

350 991 451 1020 cum
474 976 629 1032 filium.
659 976 753 1021 Alia
781 994 878 1038 quae
907 979 1199 1038 interrogasti,
1225 979 1261 1022 si
1281 978 1490 1024 Dominus
1511 975 1719 1031 voluerit,

350 1045 433 1091 alio
454 1056 649 1107 tempore
663 1048 901 1108 expediam.

912 1204 1168 1222 ,4οω

482 1328 582 1385 AD
622 1329 1201 1404 INQUISITioNES
1241 1327 1590 1386 JANUARII

877 1473 1080 1524 LIBER
1119 1473 1184 1537 II,

1001 1635 1073 1666 sm

784 1755 1109 1807 EPiSTOLA
1145 1748 1276 1807 LV¹.

353 1901 430 1947 De
449 1899 616 1946 ritibus
643 1898 878 1946 Ecclesiae
895 1937 906 1958 ‚
930 1900 1009 1946 vel
1028 1901 1085 1946 iis
1108 1915 1225 1959 quos
1250 1898 1432 1961 negligi
1458 1898 1600 1961 nefas
1630 1906 1720 1954 est,
1770 1951 1771 1958 ἵ

411 1972 489 2018 vel
507 1974 563 2018 iis
585 1975 668 2031 qui
698 1973 893 2019 tollendi
912 1983 1021 2019 sunt
1031 2009 1046 2030 ,
1071 1974 1114 2018 si
1134 1975 1258 2018 citra
1280 1972 1437 2035 nzajas
1464 1973 1722 2018 incommo-

412 2043 526 2090 dum
539 2044 696 2090 liceat.

411 2183 446 2224 Ι.
472 2183 621 2225 [εετῐε
642 2180 792 2224 litteris
814 2179 921 2234 tuis,
946 2180 1020 2223 ubi
1039 2194 1108 2223 me
1129 2179 1433 2224 commonuisti
1455 2187 1503 2223 ut
1526 2177 1723 2222 debitum
1768 2231 1769 2234 Ἰ

354 2249 574 2295 redderem
598 2251 652 2295 de
674 2250 851 2295 residuis
878 2249 1113 2295 enodandis
1143 2251 1474 2310 quaestionibus,
1508 2266 1614 2310 quas
1634 2252 1724 2308 jam
1768 2268 1769 2284 i

351 2319 480 2379 longe
512 2331 611 2365 ante
633 2322 912 2382 quaesiveras,
944 2321 1226 2379 gratissimum
1249 2322 1353 2365 mihi
1381 2331 1510 2380 atque
1527 2319 1724 2364 charissi-
1767 2358 1768 2361 ,

352 2407 473 2436 mum
496 2392 758 2437 desiderium
779 2393 909 2438 studii
930 2393 994 2437 tui
1016 2408 1081 2436 am
1091 2392 1200 2451 plius
1222 2392 1388 2437 differri
1403 2427 1414 2447 ,
1434 2391 1615 2436 tolerare
1636 2404 1724 2434 non

397 2499 405 2517 ¹
425 2494 508 2527 Alias
524 2505 608 2527 cxix.
631 2505 699 2539 quae
716 2499 822 2528 autem
838 2505 878 2528 tv
893 2498 974 2538 erat,
991 2504 1076 2527 nunc
1089 2504 1185 2527 cxvn.
1200 2511 1240 2518 -—-
1257 2495 1382 2538 Scripta
1396 2494 1553 2537 aliquanto
1570 2496 1642 2536 post
1668 2501 1725 2524 su·-
1766 2491 1767 2539 ζ

353 2551 470 2595 perior.
483 2552 582 2596 Epist.
