1790 3187
619 152 818 183 mus-rou
860 156 931 184 xv.
1388 146 1470 184 287

0 233 3 240 ’
65 217 227 277 potui,
253 232 386 277 quam
409 225 458 261 ut
481 216 571 275 ipse
591 230 782 261 sumeres
797 234 905 277 quos
930 219 1100 274 liberet,
1128 228 1171 262 et
1193 233 1311 263 nunc
1332 219 1377 262 in
1398 234 1472 264 ea-

84 289 183 332 dem
206 302 363 332 maneo
379 286 608 332 sententia.
634 289 802 332 Absens
823 289 939 333 enim
961 290 1068 350 quid
1084 289 1181 349 plus
1203 289 1359 334 faciam
1381 305 1472 335 non

82 373 271 403 mvemo.

142 430 198 472 II.
234 428 532 473 Gratissimum
552 425 766 482 mihiest,
787 429 906 488 quod
938 428 984 472 in
1013 428 1167 473 ultima
1196 427 1378 488 epistola
1398 443 1470 473 me

35 479 37 489 ἶ
82 499 334 559 participem
357 499 587 544 domestici
606 495 672 542 tui
691 498 839 556 gaudii
860 499 1001 544 facere
1022 499 1212 545 voluisti.
1244 498 1345 555 Sed,

301 623 419 657 Me-ne
435 623 507 656 salis
525 624 641 667 placidi
663 624 784 658 vultum
800 624 981 668 fluctusque
996 625 1119 668 quietos

299 681 450 723 Ignorare
470 680 569 723 jubes
582 688 592 703 ¹
609 680 624 712 ἱ)

26 783 28 787 ’
78 800 332 846 quanquam
356 801 437 831 nec
458 801 528 830 me
555 786 710 846 jubeas
725 821 736 842 ,
762 801 843 831 nec
863 787 954 845 ipse
976 787 1163 844 ignores.
1196 788 1340 839 Quare
1358 785 1393 830 si
1411 785 1467 830 ad

26 859 27 862 ’
76 855 231 900 melius
259 856 542 915 cogitandum
573 857 696 916 quies
732 855 880 916 aliqua
906 856 1008 900 data
1040 865 1120 911 est,
1156 864 1281 900 utere
1318 855 1467 900 divino

77 926 303 971 beneficio.
327 929 415 973 Nec
435 927 551 971 enim
569 926 778 971 dehemus
792 926 934 981 nobis,
947 940 1048 970 cum
1076 926 1158 970 ista
1180 925 1462 985 proveniunt,

76 996 152 1042 sed
172 996 272 1052 illis,
297 1013 375 1057 per
404 1013 514 1058 quos
537 998 820 1058 proveniunt,
843 997 1077 1056 gratulari:
1101 997 1311 1058 quoniam
1328 998 1462 1056 justa,

76 1076 119 1112 et
138 1068 348 1124 officiosa,
369 1077 413 1113 et
434 1084 512 1128 pro
533 1084 612 1113 suo
634 1084 792 1129 genere
816 1068 1008 1128 pacatior
1029 1077 1161 1128 atque
1189 1066 1466 1128 tranquillior

75 1153 219 1183 rerum
237 1139 543 1199 temporalium
562 1139 877 1185 administratio
904 1140 1256 1199 recipiendorum
1275 1148 1464 1183 aeterno-

74 1224 169 1254 rum
193 1210 397 1254 meritum
421 1211 572 1269 gignit,
596 1212 630 1255 si
656 1227 744 1255 non
767 1219 914 1255 teneat
937 1225 1038 1254 cum
1068 1219 1259 1264 tenetur,
1280 1224 1360 1253 nec
1382 1210 1465 1252 im-

74 1279 206 1338 plicet
233 1296 334 1325 cum
365 1281 700 1341 multiplicatur,
719 1282 752 1326 si
782 1297 871 1326 non
910 1296 1009 1325 cum
1042 1290 1220 1339 pacatur
1250 1280 1461 1325 involvat.

74 1350 210 1408 Ipsius
232 1351 346 1403 enim
365 1351 555 1396 veritatis
573 1367 648 1396 ore
668 1352 837 1397 dictum
859 1360 924 1396 est
946 1370 954 1396 ε
981 1370 997 1391 «
1018 1351 1061 1396 Si
1084 1351 1130 1394 in
1154 1349 1296 1394 alieno
1316 1348 1465 1394 fideles

77 1436 212 1466 »non
245 1420 403 1477 fuistis,
433 1423 555 1482 quod
590 1433 782 1467 vestrum
819 1431 883 1466 est
920 1421 1018 1481 quis
1054 1420 1177 1466 dabit
1213 1420 1338 1465 vobis
1362 1421 1412 1465 2?
1437 1438 1457 1461 »

75 1492 242 1536 Laxatis
269 1508 372 1551 ergo
405 1494 518 1537 curis
546 1492 825 1538 mutabilium
858 1507 1021 1546 rerum,
1058 1491 1173 1536 bona
1209 1490 1382 1536 stabilia
1421 1498 1465 1534 et

73 1571 189 1606 certa
223 1578 487 1622 quaeramus,
510 1563 838 1624 supervolemus
869 1561 1051 1607 terrenis
1089 1562 1247 1622 opibus
1287 1560 1460 1605 nostris.

73 1633 181 1677 Nam
197 1641 238 1677 et
255 1633 300 1676 in
323 1632 461 1678 mellis
482 1634 622 1692 copia,
643 1650 733 1679 non
751 1633 909 1678 frustra
932 1648 1097 1693 pennas
1118 1632 1253 1676 habet
1271 1629 1460 1690 apicula,

73 1713 197 1748 necat
217 1702 332 1748 enim
350 1705 609 1750 haerentem.

120 1806 127 1822 ¹
149 1800 256 1842 Vir-gil.
277 1802 401 1835 AEneid.
422 1802 477 1835 lib.
494 1814 528 1845 v,
549 1813 579 1836 v.
599 1800 766 1845 848-849.
781 1808 847 1826 —2
868 1803 946 1835 Luc.
971 1812 1039 1841 xvi,
1060 1809 1113 1834 12.
