<?xml version="1.0" encoding="UTF-8"?>
<!DOCTYPE html PUBLIC "-//W3C//DTD XHTML 1.0 Transitional//EN"
    "http://www.w3.org/TR/xhtml1/DTD/xhtml1-transitional.dtd">
<html xmlns="http://www.w3.org/1999/xhtml" xml:lang="en" lang="en">
 <head>
  <title>
</title>
<meta http-equiv="Content-Type" content="text/html;charset=utf-8" />
  <meta name='ocr-system' content='tesseract 3.04.00' />
  <meta name='ocr-capabilities' content='ocr_page ocr_carea ocr_par ocr_line ocrx_word'/>
</head>
<body>
  <div class='ocr_page' id='page_1' title='image "./operaomniaaccura38auguuoft/operaomniaaccura38auguuoft_0372.png"; bbox 0 0 1790 3187; ppageno 0'>
   <div class='ocr_carea' id='block_1_1' title="bbox 336 259 1272 299">
    <p class='ocr_par' dir='ltr' id='par_1_1' title="bbox 336 259 1272 299">
     <span class='ocr_line' id='line_1_1' title="bbox 336 259 1272 299; baseline -0.001 -1"><span class='ocrx_word' id='word_1_1' title='bbox 336 259 419 298; x_wconf 79' lang='lat'><strong>362</strong></span> <span class='ocrx_word' id='word_1_2' title='bbox 758 268 791 297; x_wconf 89' lang='lat' dir='ltr'><strong>s.</strong></span> <span class='ocrx_word' id='word_1_3' title='bbox 828 270 1058 298; x_wconf 65' lang='lat' dir='ltr'><strong>aueua&#39;rnu</strong></span> <span class='ocrx_word' id='word_1_4' title='bbox 1091 271 1272 299; x_wconf 75' lang='lat' dir='ltr'><strong>muscom</strong></span> 
     </span>
    </p>
   </div>
   <div class='ocr_carea' id='block_1_2' title="bbox 325 330 1785 1879">
    <p class='ocr_par' dir='ltr' id='par_1_2' title="bbox 325 330 1785 1879">
     <span class='ocr_line' id='line_1_2' title="bbox 334 330 1719 393; baseline 0.001 -14"><span class='ocrx_word' id='word_1_5' title='bbox 334 335 444 379; x_wconf 85' lang='lat' dir='ltr'><strong>misi.</strong></span> <span class='ocrx_word' id='word_1_6' title='bbox 484 334 627 379; x_wconf 85' lang='lat' dir='ltr'>Credo</span> <span class='ocrx_word' id='word_1_7' title='bbox 657 335 746 393; x_wconf 90' lang='lat' dir='ltr'><strong>jam</strong></span> <span class='ocrx_word' id='word_1_8' title='bbox 780 343 996 393; x_wconf 74' lang='lat' dir='ltr'><strong>expertam</strong></span> <span class='ocrx_word' id='word_1_9' title='bbox 1032 335 1304 379; x_wconf 82' lang='lat' dir='ltr'><strong>sanctitatem</strong></span> <span class='ocrx_word' id='word_1_10' title='bbox 1339 344 1458 379; x_wconf 91' lang='lat' dir='ltr'><strong>tuam</strong></span> <span class='ocrx_word' id='word_1_11' title='bbox 1490 330 1719 392; x_wconf 77' lang='lat' dir='ltr'><strong>sagacitate</strong></span> 
     </span>
     <span class='ocr_line' id='line_1_3' title="bbox 334 404 1719 465; baseline 0 -16"><span class='ocrx_word' id='word_1_12' title='bbox 334 404 540 464; x_wconf 87' lang='lat' dir='ltr'><strong>spiritali,</strong></span> <span class='ocrx_word' id='word_1_13' title='bbox 566 419 697 464; x_wconf 83' lang='lat' dir='ltr'><strong>qnam</strong></span> <span class='ocrx_word' id='word_1_14' title='bbox 731 404 811 448; x_wconf 88' lang='lat' dir='ltr'><strong>tibi</strong></span> <span class='ocrx_word' id='word_1_15' title='bbox 841 404 1050 449; x_wconf 85' lang='lat' dir='ltr'>Dominus</span> <span class='ocrx_word' id='word_1_16' title='bbox 1079 405 1264 459; x_wconf 88' lang='lat' dir='ltr'><strong>tribuit,</strong></span> <span class='ocrx_word' id='word_1_17' title='bbox 1293 404 1399 465; x_wconf 82' lang='lat' dir='ltr'><strong>quid</strong></span> <span class='ocrx_word' id='word_1_18' title='bbox 1430 404 1503 448; x_wconf 90' lang='lat' dir='ltr'><strong>ille</strong></span> <span class='ocrx_word' id='word_1_19' title='bbox 1526 405 1590 449; x_wconf 88' lang='lat' dir='ltr'><strong>vir</strong></span> <span class='ocrx_word' id='word_1_20' title='bbox 1616 406 1719 450; x_wconf 90' lang='lat' dir='ltr'><strong>boni</strong></span> 
     </span>
     <span class='ocr_line' id='line_1_4' title="bbox 335 475 1743 534; baseline 0.001 -15"><span class='ocrx_word' id='word_1_21' title='bbox 335 476 480 520; x_wconf 88' lang='lat' dir='ltr'><strong>animo</strong></span> <span class='ocrx_word' id='word_1_22' title='bbox 509 483 650 533; x_wconf 81' lang='lat' dir='ltr'><strong>gerat,</strong></span> <span class='ocrx_word' id='word_1_23' title='bbox 686 483 730 518; x_wconf 91' lang='lat' dir='ltr'><strong>et</strong></span> <span class='ocrx_word' id='word_1_24' title='bbox 754 490 854 534; x_wconf 82' lang='lat' dir='ltr'><strong>quae</strong></span> <span class='ocrx_word' id='word_1_25' title='bbox 887 475 933 518; x_wconf 88' lang='lat' dir='ltr'><strong>in</strong></span> <span class='ocrx_word' id='word_1_26' title='bbox 966 475 1041 519; x_wconf 90' lang='lat' dir='ltr'><strong>illo</strong></span> <span class='ocrx_word' id='word_1_27' title='bbox 1078 475 1329 519; x_wconf 80' lang='lat' dir='ltr'><strong>infirmitate</strong></span> <span class='ocrx_word' id='word_1_28' title='bbox 1357 490 1455 534; x_wconf 90' lang='lat' dir='ltr'><strong>pars</strong></span> <span class='ocrx_word' id='word_1_29' title='bbox 1483 475 1743 521; x_wconf 84' lang='lat' dir='ltr'><strong>claudicet.&#39;</strong></span> 
     </span>
     <span class='ocr_line' id='line_1_5' title="bbox 335 546 1718 607; baseline 0.001 -16"><span class='ocrx_word' id='word_1_30' title='bbox 335 546 460 592; x_wconf 88' lang='lat' dir='ltr'><strong>Unde</strong></span> <span class='ocrx_word' id='word_1_31' title='bbox 480 546 739 590; x_wconf 85' lang='lat' dir='ltr'><strong>humanitati</strong></span> <span class='ocrx_word' id='word_1_32' title='bbox 760 555 804 590; x_wconf 89' lang='lat' dir='ltr'><strong>et</strong></span> <span class='ocrx_word' id='word_1_33' title='bbox 824 547 1023 591; x_wconf 85' lang='lat' dir='ltr'><strong>charitati</strong></span> <span class='ocrx_word' id='word_1_34' title='bbox 1048 557 1133 591; x_wconf 85' lang='lat' dir='ltr'><strong>tuae</strong></span> <span class='ocrx_word' id='word_1_35' title='bbox 1155 556 1243 590; x_wconf 87' lang='lat' dir='ltr'><strong>tam</strong></span> <span class='ocrx_word' id='word_1_36' title='bbox 1265 548 1406 606; x_wconf 89' lang='lat' dir='ltr'><strong>ipsum</strong></span> <span class='ocrx_word' id='word_1_37' title='bbox 1429 562 1561 607; x_wconf 87' lang='lat' dir='ltr'><strong>quam</strong></span> <span class='ocrx_word' id='word_1_38' title='bbox 1580 548 1718 592; x_wconf 81' lang='lat' dir='ltr'><strong>filium</strong></span> 
     </span>
     <span class='ocr_line' id='line_1_6' title="bbox 333 616 1767 676; baseline 0.001 -16"><span class='ocrx_word' id='word_1_39' title='bbox 333 618 446 676; x_wconf 89' lang='lat' dir='ltr'><strong>ejus,</strong></span> <span class='ocrx_word' id='word_1_40' title='bbox 465 616 631 674; x_wconf 87' lang='lat' dir='ltr'><strong>legisti,</strong></span> <span class='ocrx_word' id='word_1_41' title='bbox 653 625 702 660; x_wconf 89' lang='lat' dir='ltr'><strong>ut</strong></span> <span class='ocrx_word' id='word_1_42' title='bbox 718 631 843 675; x_wconf 88' lang='lat' dir='ltr'><strong>spero</strong></span> <span class='ocrx_word' id='word_1_43' title='bbox 858 651 868 671; x_wconf 84' lang='lat'>‚</span> <span class='ocrx_word' id='word_1_44' title='bbox 889 633 974 676; x_wconf 84' lang='lat' dir='ltr'><strong>qua</strong></span> <span class='ocrx_word' id='word_1_45' title='bbox 990 616 1281 661; x_wconf 88' lang='lat' dir='ltr'><strong>sollicitudine</strong></span> <span class='ocrx_word' id='word_1_46' title='bbox 1299 617 1693 662; x_wconf 83' lang='lat' dir='ltr'><strong>commendaverim</strong></span> <span class='ocrx_word' id='word_1_47' title='bbox 1705 651 1717 672; x_wconf 91' lang='lat'><strong>,</strong></span> <span class='ocrx_word' id='word_1_48' title='bbox 1766 663 1767 667; x_wconf 60' lang='grc'>,</span> 
     </span>
     <span class='ocr_line' id='line_1_7' title="bbox 333 687 1767 747; baseline 0 -15"><span class='ocrx_word' id='word_1_49' title='bbox 333 697 376 732; x_wconf 88' lang='lat' dir='ltr'><strong>et</strong></span> <span class='ocrx_word' id='word_1_50' title='bbox 398 697 562 747; x_wconf 87' lang='lat' dir='ltr'><strong>quanta</strong></span> <span class='ocrx_word' id='word_1_51' title='bbox 595 687 703 731; x_wconf 90' lang='lat' dir='ltr'><strong>mihi</strong></span> <span class='ocrx_word' id='word_1_52' title='bbox 728 688 1045 731; x_wconf 83' lang='lat' dir='ltr'><strong>necessitudine</strong></span> <span class='ocrx_word' id='word_1_53' title='bbox 1077 687 1268 747; x_wconf 86' lang='lat' dir='ltr'><strong>copulati</strong></span> <span class='ocrx_word' id='word_1_54' title='bbox 1292 688 1391 731; x_wconf 88' lang='lat' dir='ltr'><strong>sint.</strong></span> <span class='ocrx_word' id='word_1_55' title='bbox 1418 688 1621 732; x_wconf 82' lang='lat' dir='ltr'><strong>AEdistcet</strong></span> <span class='ocrx_word' id='word_1_56' title='bbox 1648 703 1720 732; x_wconf 89' lang='lat' dir='ltr'><strong>eos</strong></span> <span class='ocrx_word' id='word_1_57' title='bbox 1766 705 1767 738; x_wconf 73' lang='lat'>1</span> 
     </span>
     <span class='ocr_line' id='line_1_8' title="bbox 334 758 1785 818; baseline 0 -16"><span class='ocrx_word' id='word_1_58' title='bbox 334 774 409 818; x_wconf 90' lang='lat' dir='ltr'><strong>per</strong></span> <span class='ocrx_word' id='word_1_59' title='bbox 431 768 474 802; x_wconf 91' lang='lat' dir='ltr'><strong>te</strong></span> <span class='ocrx_word' id='word_1_60' title='bbox 494 759 717 803; x_wconf 86' lang='lat' dir='ltr'><strong>Dominus.</strong></span> <span class='ocrx_word' id='word_1_61' title='bbox 745 760 874 812; x_wconf 86' lang='lat' dir='ltr'><strong>Quod</strong></span> <span class='ocrx_word' id='word_1_62' title='bbox 896 759 951 803; x_wconf 88' lang='lat' dir='ltr'><strong>ab</strong></span> <span class='ocrx_word' id='word_1_63' title='bbox 974 758 1050 804; x_wconf 92' lang='lat' dir='ltr'><strong>illo</strong></span> <span class='ocrx_word' id='word_1_64' title='bbox 1079 760 1214 818; x_wconf 82' lang='lat' dir='ltr'><strong>magis</strong></span> <span class='ocrx_word' id='word_1_65' title='bbox 1236 759 1474 818; x_wconf 89' lang='lat' dir='ltr'><strong>petendum</strong></span> <span class='ocrx_word' id='word_1_66' title='bbox 1502 767 1566 802; x_wconf 90' lang='lat' dir='ltr'><strong>est</strong></span> <span class='ocrx_word' id='word_1_67' title='bbox 1585 777 1594 803; x_wconf 88' lang='lat'><strong>:</strong></span> <span class='ocrx_word' id='word_1_68' title='bbox 1619 773 1720 802; x_wconf 91' lang='lat' dir='ltr'><strong>nam</strong></span> <span class='ocrx_word' id='word_1_69' title='bbox 1784 798 1785 801; x_wconf 72' lang='grc'>,</span> 
     </span>
     <span class='ocr_line' id='line_1_9' title="bbox 332 828 866 887; baseline 0.002 -15"><span class='ocrx_word' id='word_1_70' title='bbox 332 829 376 873; x_wconf 91' lang='lat' dir='ltr'><strong>id</strong></span> <span class='ocrx_word' id='word_1_71' title='bbox 397 838 444 872; x_wconf 91' lang='lat' dir='ltr'><strong>tu</strong></span> <span class='ocrx_word' id='word_1_72' title='bbox 468 844 598 887; x_wconf 86' lang='lat' dir='ltr'><strong>quam</strong></span> <span class='ocrx_word' id='word_1_73' title='bbox 624 828 728 873; x_wconf 88' lang='lat' dir='ltr'><strong>velis</strong></span> <span class='ocrx_word' id='word_1_74' title='bbox 749 830 866 874; x_wconf 87' lang='lat' dir='ltr'><strong>novi.</strong></span> 
     </span>
     <span class='ocr_line' id='line_1_10' title="bbox 389 898 1765 958; baseline -0.001 -14"><span class='ocrx_word' id='word_1_75' title='bbox 389 902 510 944; x_wconf 85' lang='lat' dir='ltr'><strong>VIII.</strong></span> <span class='ocrx_word' id='word_1_76' title='bbox 537 899 756 944; x_wconf 86' lang='lat' dir='ltr'><strong>Adversus</strong></span> <span class='ocrx_word' id='word_1_77' title='bbox 777 916 966 958; x_wconf 82' lang='lat' dir='ltr'><strong>paganos</strong></span> <span class='ocrx_word' id='word_1_78' title='bbox 988 910 1030 944; x_wconf 89' lang='lat' dir='ltr'><strong>te</strong></span> <span class='ocrx_word' id='word_1_79' title='bbox 1050 900 1237 944; x_wconf 89' lang='lat' dir='ltr'><strong>scribere</strong></span> <span class='ocrx_word' id='word_1_80' title='bbox 1259 898 1389 943; x_wconf 91' lang='lat' dir='ltr'><strong>didici</strong></span> <span class='ocrx_word' id='word_1_81' title='bbox 1411 915 1461 943; x_wconf 82' lang='lat' dir='ltr'><strong>ex</strong></span> <span class='ocrx_word' id='word_1_82' title='bbox 1477 898 1685 944; x_wconf 89' lang='lat' dir='ltr'><strong>fratribus</strong></span> <span class='ocrx_word' id='word_1_83' title='bbox 1707 918 1716 943; x_wconf 72' lang='grc' dir='ltr'>ε</span> <span class='ocrx_word' id='word_1_84' title='bbox 1764 910 1765 958; x_wconf 64' lang='grc' dir='ltr'>ζ</span> 
     </span>
     <span class='ocr_line' id='line_1_11' title="bbox 330 971 1765 1031; baseline 0 -17"><span class='ocrx_word' id='word_1_85' title='bbox 330 972 364 1014; x_wconf 92' lang='lat' dir='ltr'><strong>si</strong></span> <span class='ocrx_word' id='word_1_86' title='bbox 387 971 495 1031; x_wconf 88' lang='lat' dir='ltr'><strong>quid</strong></span> <span class='ocrx_word' id='word_1_87' title='bbox 523 971 578 1015; x_wconf 90' lang='lat' dir='ltr'><strong>de</strong></span> <span class='ocrx_word' id='word_1_88' title='bbox 605 980 682 1015; x_wconf 88' lang='lat' dir='ltr'><strong>tuo</strong></span> <span class='ocrx_word' id='word_1_89' title='bbox 705 982 880 1030; x_wconf 81' lang='lat' dir='ltr'><strong>pectore</strong></span> <span class='ocrx_word' id='word_1_90' title='bbox 915 987 1158 1027; x_wconf 87' lang='lat' dir='ltr'><strong>meremur,</strong></span> <span class='ocrx_word' id='word_1_91' title='bbox 1185 972 1486 1015; x_wconf 83' lang='lat' dir='ltr'><strong>indifferenter</strong></span> <span class='ocrx_word' id='word_1_92' title='bbox 1518 971 1643 1014; x_wconf 86' lang='lat' dir='ltr'><strong>mitte</strong></span> <span class='ocrx_word' id='word_1_93' title='bbox 1670 979 1719 1014; x_wconf 91' lang='lat' dir='ltr'><strong>ut</strong></span> <span class='ocrx_word' id='word_1_94' title='bbox 1764 993 1765 1005; x_wconf 31' lang='grc' dir='ltr'>ἢ</span> 
     </span>
     <span class='ocr_line' id='line_1_12' title="bbox 331 1041 1765 1100; baseline -0.002 -15"><span class='ocrx_word' id='word_1_95' title='bbox 331 1041 539 1100; x_wconf 85' lang='lat' dir='ltr'><strong>legamus.</strong></span> <span class='ocrx_word' id='word_1_96' title='bbox 566 1045 674 1086; x_wconf 91' lang='lat' dir='ltr'><strong>Nam</strong></span> <span class='ocrx_word' id='word_1_97' title='bbox 693 1052 842 1100; x_wconf 89' lang='lat' dir='ltr'><strong>pectus</strong></span> <span class='ocrx_word' id='word_1_98' title='bbox 862 1052 984 1086; x_wconf 90' lang='lat' dir='ltr'><strong>tuum</strong></span> <span class='ocrx_word' id='word_1_99' title='bbox 1006 1042 1091 1086; x_wconf 85' lang='lat' dir='ltr'><strong>tale</strong></span> <span class='ocrx_word' id='word_1_100' title='bbox 1115 1043 1285 1087; x_wconf 89' lang='lat' dir='ltr'><strong>Domini</strong></span> <span class='ocrx_word' id='word_1_101' title='bbox 1309 1041 1532 1086; x_wconf 88' lang='lat' dir='ltr'><strong>oraculum</strong></span> <span class='ocrx_word' id='word_1_102' title='bbox 1558 1050 1645 1095; x_wconf 88' lang='lat' dir='ltr'><strong>est,</strong></span> <span class='ocrx_word' id='word_1_103' title='bbox 1670 1050 1720 1085; x_wconf 88' lang='lat' dir='ltr'><strong>ut</strong></span> <span class='ocrx_word' id='word_1_104' title='bbox 1764 1043 1765 1081; x_wconf 64' lang='lat' dir='ltr'>f</span> 
     </span>
     <span class='ocr_line' id='line_1_13' title="bbox 330 1107 1765 1171; baseline 0.002 -16"><span class='ocrx_word' id='word_1_105' title='bbox 330 1127 382 1155; x_wconf 85' lang='lat' dir='ltr'><strong>ex</strong></span> <span class='ocrx_word' id='word_1_106' title='bbox 403 1127 454 1155; x_wconf 89' lang='lat' dir='ltr'><strong>eo</strong></span> <span class='ocrx_word' id='word_1_107' title='bbox 476 1112 601 1155; x_wconf 88' lang='lat' dir='ltr'><strong>nobis</strong></span> <span class='ocrx_word' id='word_1_108' title='bbox 624 1121 712 1155; x_wconf 89' lang='lat' dir='ltr'><strong>tam</strong></span> <span class='ocrx_word' id='word_1_109' title='bbox 740 1113 920 1170; x_wconf 87' lang='lat' dir='ltr'><strong>placita,</strong></span> <span class='ocrx_word' id='word_1_110' title='bbox 946 1122 988 1156; x_wconf 88' lang='lat' dir='ltr'><strong>et</strong></span> <span class='ocrx_word' id='word_1_111' title='bbox 1008 1112 1212 1156; x_wconf 87' lang='lat' dir='ltr'><strong>adversus</strong></span> <span class='ocrx_word' id='word_1_112' title='bbox 1233 1112 1556 1171; x_wconf 88' lang='lat' dir='ltr'><strong>loquacissimas</strong></span> <span class='ocrx_word' id='word_1_113' title='bbox 1576 1126 1720 1171; x_wconf 84' lang='lat' dir='ltr'><strong>quaes-</strong></span> <span class='ocrx_word' id='word_1_114' title='bbox 1762 1107 1765 1158; x_wconf 65' lang='grc' dir='ltr'>Ῐ</span> 
     </span>
     <span class='ocr_line' id='line_1_14' title="bbox 328 1182 1764 1242; baseline 0 -16"><span class='ocrx_word' id='word_1_115' title='bbox 328 1183 466 1226; x_wconf 89' lang='lat' dir='ltr'><strong>tiones</strong></span> <span class='ocrx_word' id='word_1_116' title='bbox 495 1182 825 1241; x_wconf 81' lang='lat' dir='ltr'><strong>explicatissima</strong></span> <span class='ocrx_word' id='word_1_117' title='bbox 855 1184 948 1227; x_wconf 85' lang='lat' dir='ltr'><strong>dari</strong></span> <span class='ocrx_word' id='word_1_118' title='bbox 977 1198 1177 1242; x_wconf 89' lang='lat' dir='ltr'><strong>responsa</strong></span> <span class='ocrx_word' id='word_1_119' title='bbox 1206 1198 1535 1242; x_wconf 84' lang='lat' dir='ltr'><strong>praesumamus.</strong></span> <span class='ocrx_word' id='word_1_120' title='bbox 1571 1182 1721 1226; x_wconf 87' lang='lat' dir='ltr'><strong>Libros</strong></span> <span class='ocrx_word' id='word_1_121' title='bbox 1762 1222 1764 1234; x_wconf 68' lang='grc'><strong><em>,</em></strong></span> 
     </span>
     <span class='ocr_line' id='line_1_15' title="bbox 327 1253 1763 1312; baseline -0.001 -15"><span class='ocrx_word' id='word_1_122' title='bbox 327 1253 562 1297; x_wconf 82' lang='lat' dir='ltr'><strong>beatissimi</strong></span> <span class='ocrx_word' id='word_1_123' title='bbox 582 1269 705 1312; x_wconf 82' lang='lat' dir='ltr'><strong>papae</strong></span> <span class='ocrx_word' id='word_1_124' title='bbox 725 1254 942 1298; x_wconf 84' lang='lat' dir='ltr'><strong>Ambrosii</strong></span> <span class='ocrx_word' id='word_1_125' title='bbox 963 1253 1094 1298; x_wconf 89' lang='lat' dir='ltr'><strong>credo</strong></span> <span class='ocrx_word' id='word_1_126' title='bbox 1112 1255 1272 1298; x_wconf 89' lang='lat' dir='ltr'><strong>habere</strong></span> <span class='ocrx_word' id='word_1_127' title='bbox 1289 1253 1561 1298; x_wconf 88' lang='lat' dir='ltr'><strong>sanctitatem</strong></span> <span class='ocrx_word' id='word_1_128' title='bbox 1580 1262 1716 1307; x_wconf 83' lang='lat' dir='ltr'><strong>tuam,</strong></span> <span class='ocrx_word' id='word_1_129' title='bbox 1762 1262 1763 1271; x_wconf 64' lang='lat'>¹</span> 
     </span>
     <span class='ocr_line' id='line_1_16' title="bbox 327 1323 1720 1384; baseline 0 -16"><span class='ocrx_word' id='word_1_130' title='bbox 327 1339 400 1368; x_wconf 89' lang='lat' dir='ltr'><strong>eos</strong></span> <span class='ocrx_word' id='word_1_131' title='bbox 428 1333 572 1367; x_wconf 89' lang='lat' dir='ltr'><strong>autem</strong></span> <span class='ocrx_word' id='word_1_132' title='bbox 608 1323 797 1368; x_wconf 77' lang='lat' dir='ltr'><strong>multum</strong></span> <span class='ocrx_word' id='word_1_133' title='bbox 835 1324 1062 1380; x_wconf 84' lang='lat' dir='ltr'><strong>desidero,</strong></span> <span class='ocrx_word' id='word_1_134' title='bbox 1101 1340 1211 1384; x_wconf 89' lang='lat' dir='ltr'><strong>quos</strong></span> <span class='ocrx_word' id='word_1_135' title='bbox 1243 1324 1451 1369; x_wconf 88' lang='lat' dir='ltr'><strong>adversus</strong></span> <span class='ocrx_word' id='word_1_136' title='bbox 1484 1323 1720 1368; x_wconf 88' lang='lat' dir='ltr'><strong>nonnullos</strong></span> 
     </span>
     <span class='ocr_line' id='line_1_17' title="bbox 328 1394 1718 1455; baseline 0.003 -17"><span class='ocrx_word' id='word_1_137' title='bbox 328 1395 666 1453; x_wconf 86' lang='lat' dir='ltr'><strong>imperitissimos</strong></span> <span class='ocrx_word' id='word_1_138' title='bbox 681 1404 724 1438; x_wconf 88' lang='lat' dir='ltr'><strong>et</strong></span> <span class='ocrx_word' id='word_1_139' title='bbox 737 1395 1088 1453; x_wconf 86' lang='lat' dir='ltr'><strong>superbissimos,</strong></span> <span class='ocrx_word' id='word_1_140' title='bbox 1115 1394 1189 1455; x_wconf 82' lang='lat' dir='ltr'><strong>qui</strong></span> <span class='ocrx_word' id='word_1_141' title='bbox 1206 1396 1260 1439; x_wconf 91' lang='lat' dir='ltr'><strong>de</strong></span> <span class='ocrx_word' id='word_1_142' title='bbox 1284 1395 1473 1439; x_wconf 84' lang='lat' dir='ltr'><strong>Platonis</strong></span> <span class='ocrx_word' id='word_1_143' title='bbox 1493 1394 1611 1438; x_wconf 88' lang='lat' dir='ltr'><strong>libris</strong></span> <span class='ocrx_word' id='word_1_144' title='bbox 1630 1397 1718 1439; x_wconf 85' lang='lat' dir='ltr'><strong>Do·</strong></span> 
     </span>
     <span class='ocr_line' id='line_1_18' title="bbox 327 1464 1762 1526; baseline 0.002 -19"><span class='ocrx_word' id='word_1_145' title='bbox 327 1465 495 1508; x_wconf 87' lang='lat' dir='ltr'><strong>minum</strong></span> <span class='ocrx_word' id='word_1_146' title='bbox 518 1464 747 1524; x_wconf 87' lang='lat' dir='ltr'><strong>profecisse</strong></span> <span class='ocrx_word' id='word_1_147' title='bbox 768 1466 1064 1522; x_wconf 85' lang='lat' dir='ltr'><strong>contendunt,</strong></span> <span class='ocrx_word' id='word_1_148' title='bbox 1091 1466 1419 1526; x_wconf 85' lang='lat' dir='ltr'><strong>diligentissime</strong></span> <span class='ocrx_word' id='word_1_149' title='bbox 1441 1476 1484 1510; x_wconf 88' lang='lat' dir='ltr'><strong>et</strong></span> <span class='ocrx_word' id='word_1_150' title='bbox 1509 1466 1718 1526; x_wconf 86' lang='lat' dir='ltr'><strong>copiosis·</strong></span> <span class='ocrx_word' id='word_1_151' title='bbox 1760 1465 1762 1476; x_wconf 78' lang='grc'>’</span> 
     </span>
     <span class='ocr_line' id='line_1_19' title="bbox 327 1536 665 1594; baseline 0.006 -16"><span class='ocrx_word' id='word_1_152' title='bbox 327 1536 432 1579; x_wconf 91' lang='lat' dir='ltr'><strong>sime</strong></span> <span class='ocrx_word' id='word_1_153' title='bbox 454 1536 665 1594; x_wconf 87' lang='lat' dir='ltr'><strong>scripsit¹.</strong></span> 
     </span>
     <span class='ocr_line' id='line_1_20' title="bbox 386 1605 1761 1666; baseline 0.001 -17"><span class='ocrx_word' id='word_1_154' title='bbox 386 1608 461 1649; x_wconf 87' lang='lat' dir='ltr'><strong>IX.</strong></span> <span class='ocrx_word' id='word_1_155' title='bbox 499 1607 772 1651; x_wconf 85' lang='lat' dir='ltr'><strong>Beatissimus</strong></span> <span class='ocrx_word' id='word_1_156' title='bbox 795 1605 926 1651; x_wconf 86' lang='lat' dir='ltr'><strong>frater</strong></span> <span class='ocrx_word' id='word_1_157' title='bbox 952 1610 1133 1652; x_wconf 87' lang='lat' dir='ltr'><strong>Severus</strong></span> <span class='ocrx_word' id='word_1_158' title='bbox 1155 1608 1210 1652; x_wconf 88' lang='lat' dir='ltr'><strong>de</strong></span> <span class='ocrx_word' id='word_1_159' title='bbox 1232 1606 1580 1666; x_wconf 88' lang='lat' dir='ltr'><strong>condiscipulatu</strong></span> <span class='ocrx_word' id='word_1_160' title='bbox 1608 1621 1714 1651; x_wconf 91' lang='lat' dir='ltr'><strong>nos-</strong></span> <span class='ocrx_word' id='word_1_161' title='bbox 1760 1605 1761 1628; x_wconf 73' lang='lat'><em>³</em></span> 
     </span>
     <span class='ocr_line' id='line_1_21' title="bbox 325 1676 1759 1737; baseline 0.001 -18"><span class='ocrx_word' id='word_1_162' title='bbox 325 1685 392 1720; x_wconf 87' lang='lat' dir='ltr'><strong>tro</strong></span> <span class='ocrx_word' id='word_1_163' title='bbox 427 1676 689 1721; x_wconf 83' lang='lat' dir='ltr'><strong>Milevitanae</strong></span> <span class='ocrx_word' id='word_1_164' title='bbox 730 1678 903 1721; x_wconf 89' lang='lat' dir='ltr'><strong>antistes</strong></span> <span class='ocrx_word' id='word_1_165' title='bbox 944 1679 1135 1722; x_wconf 78' lang='lat' dir='ltr'><strong>ecclesiae</strong></span> <span class='ocrx_word' id='word_1_166' title='bbox 1153 1713 1163 1733; x_wconf 91' lang='lat'><strong>,</strong></span> <span class='ocrx_word' id='word_1_167' title='bbox 1206 1679 1317 1722; x_wconf 89' lang='lat' dir='ltr'><strong>bene</strong></span> <span class='ocrx_word' id='word_1_168' title='bbox 1355 1678 1472 1737; x_wconf 87' lang='lat' dir='ltr'><strong>apud</strong></span> <span class='ocrx_word' id='word_1_169' title='bbox 1513 1677 1713 1721; x_wconf 89' lang='lat' dir='ltr'><strong>eamdem</strong></span> <span class='ocrx_word' id='word_1_170' title='bbox 1758 1729 1759 1735; x_wconf 17' lang='lat'>¹</span> 
     </span>
     <span class='ocr_line' id='line_1_22' title="bbox 325 1738 1759 1806; baseline 0.001 -16"><span class='ocrx_word' id='word_1_171' title='bbox 325 1747 540 1791; x_wconf 89' lang='lat' dir='ltr'><strong>civitatem</strong></span> <span class='ocrx_word' id='word_1_172' title='bbox 562 1747 769 1791; x_wconf 83' lang='lat' dir='ltr'><strong>fratribus</strong></span> <span class='ocrx_word' id='word_1_173' title='bbox 787 1749 1004 1806; x_wconf 81' lang='lat' dir='ltr'><strong>cognitus,</strong></span> <span class='ocrx_word' id='word_1_174' title='bbox 1025 1750 1173 1794; x_wconf 87' lang='lat' dir='ltr'><strong>debito</strong></span> <span class='ocrx_word' id='word_1_175' title='bbox 1188 1750 1415 1794; x_wconf 88' lang='lat' dir='ltr'><strong>nobiscum</strong></span> <span class='ocrx_word' id='word_1_176' title='bbox 1433 1748 1580 1793; x_wconf 86' lang='lat' dir='ltr'><strong>officio</strong></span> <span class='ocrx_word' id='word_1_177' title='bbox 1594 1763 1715 1792; x_wconf 87' lang='lat' dir='ltr'><strong>sanc·</strong></span> <span class='ocrx_word' id='word_1_178' title='bbox 1758 1738 1759 1751; x_wconf 51' lang='lat'><em>³</em></span> 
     </span>
     <span class='ocr_line' id='line_1_23' title="bbox 327 1818 1714 1879; baseline 0.001 -19"><span class='ocrx_word' id='word_1_179' title='bbox 327 1818 493 1861; x_wconf 79' lang='lat' dir='ltr'><strong>[itatem</strong></span> <span class='ocrx_word' id='word_1_180' title='bbox 517 1828 701 1862; x_wconf 75' lang='lat' dir='ltr'><strong>vestram</strong></span> <span class='ocrx_word' id='word_1_181' title='bbox 725 1819 897 1862; x_wconf 85' lang='lat' dir='ltr'><strong>salutat.</strong></span> <span class='ocrx_word' id='word_1_182' title='bbox 924 1823 1094 1863; x_wconf 85' lang='lat' dir='ltr'><strong>Fratres</strong></span> <span class='ocrx_word' id='word_1_183' title='bbox 1116 1835 1294 1879; x_wconf 84' lang='lat' dir='ltr'><strong>quoque</strong></span> <span class='ocrx_word' id='word_1_184' title='bbox 1317 1834 1467 1864; x_wconf 87' lang='lat' dir='ltr'><strong>omnes</strong></span> <span class='ocrx_word' id='word_1_185' title='bbox 1486 1819 1714 1862; x_wconf 88' lang='lat' dir='ltr'><strong>nobiscum</strong></span> 
     </span>
    </p>
   </div>
   <div class='ocr_carea' id='block_1_3' title="bbox 326 1887 1790 1949">
    <p class='ocr_par' dir='ltr' id='par_1_3' title="bbox 326 1887 1790 1949">
     <span class='ocr_line' id='line_1_24' title="bbox 326 1887 1790 1949; baseline 0.002 -17"><span class='ocrx_word' id='word_1_186' title='bbox 326 1889 511 1932; x_wconf 87' lang='lat' dir='ltr'><strong>Domino</strong></span> <span class='ocrx_word' id='word_1_187' title='bbox 539 1890 790 1942; x_wconf 74' lang='lat' dir='ltr'><strong>servientes,</strong></span> <span class='ocrx_word' id='word_1_188' title='bbox 828 1898 914 1933; x_wconf 82' lang='lat' dir='ltr'><strong>tam</strong></span> <span class='ocrx_word' id='word_1_189' title='bbox 944 1890 988 1933; x_wconf 87' lang='lat' dir='ltr'><strong>id</strong></span> <span class='ocrx_word' id='word_1_190' title='bbox 1010 1889 1205 1945; x_wconf 84' lang='lat' dir='ltr'><strong>faciunt,</strong></span> <span class='ocrx_word' id='word_1_191' title='bbox 1231 1905 1363 1949; x_wconf 81' lang='lat' dir='ltr'><strong>quam</strong></span> <span class='ocrx_word' id='word_1_192' title='bbox 1396 1905 1472 1934; x_wconf 86' lang='lat' dir='ltr'><strong>vos</strong></span> <span class='ocrx_word' id='word_1_193' title='bbox 1495 1888 1714 1933; x_wconf 87' lang='lat' dir='ltr'><strong>desidera·</strong></span> <span class='ocrx_word' id='word_1_194' title='bbox 1756 1898 1758 1935; x_wconf 76' lang='grc' dir='ltr'><strong>ἲ</strong></span> <span class='ocrx_word' id='word_1_195' title='bbox 1788 1887 1790 1891; x_wconf 61' lang='grc'>’</span> 
     </span>
    </p>
   </div>
   <div class='ocr_carea' id='block_1_4' title="bbox 320 1960 1757 2373">
    <p class='ocr_par' dir='ltr' id='par_1_4' title="bbox 320 1960 1757 2373">
     <span class='ocr_line' id='line_1_25' title="bbox 325 1960 1712 2019; baseline 0.001 -18"><span class='ocrx_word' id='word_1_196' title='bbox 325 1969 421 2002; x_wconf 89' lang='lat' dir='ltr'><strong>rant</strong></span> <span class='ocrx_word' id='word_1_197' title='bbox 445 1979 453 2004; x_wconf 78' lang='lat'>2</span> <span class='ocrx_word' id='word_1_198' title='bbox 478 1969 563 2003; x_wconf 87' lang='lat' dir='ltr'><strong>tam</strong></span> <span class='ocrx_word' id='word_1_199' title='bbox 586 1975 662 2004; x_wconf 93' lang='lat' dir='ltr'><strong>vos</strong></span> <span class='ocrx_word' id='word_1_200' title='bbox 679 1960 948 2014; x_wconf 81' lang='lat' dir='ltr'><strong>desiderant,</strong></span> <span class='ocrx_word' id='word_1_201' title='bbox 976 1977 1106 2019; x_wconf 82' lang='lat' dir='ltr'><strong>quam</strong></span> <span class='ocrx_word' id='word_1_202' title='bbox 1130 1976 1206 2005; x_wconf 92' lang='lat' dir='ltr'><strong>vos</strong></span> <span class='ocrx_word' id='word_1_203' title='bbox 1227 1961 1413 2018; x_wconf 80' lang='lat' dir='ltr'><strong>diligunt</strong></span> <span class='ocrx_word' id='word_1_204' title='bbox 1435 1979 1443 2004; x_wconf 72' lang='grc' dir='ltr'>ε</span> <span class='ocrx_word' id='word_1_205' title='bbox 1472 1969 1514 2003; x_wconf 89' lang='lat' dir='ltr'><strong>ct</strong></span> <span class='ocrx_word' id='word_1_206' title='bbox 1536 1969 1624 2003; x_wconf 83' lang='lat' dir='ltr'><strong>tam</strong></span> <span class='ocrx_word' id='word_1_207' title='bbox 1646 1960 1712 2003; x_wconf 92' lang='lat' dir='ltr'><strong>di-</strong></span> 
     </span>
     <span class='ocr_line' id='line_1_26' title="bbox 323 2028 1713 2089; baseline 0.001 -18"><span class='ocrx_word' id='word_1_208' title='bbox 323 2028 492 2086; x_wconf 81' lang='lat' dir='ltr'><strong>ligunt,</strong></span> <span class='ocrx_word' id='word_1_209' title='bbox 528 2045 658 2088; x_wconf 80' lang='lat' dir='ltr'><strong>quam</strong></span> <span class='ocrx_word' id='word_1_210' title='bbox 686 2031 784 2073; x_wconf 87' lang='lat' dir='ltr'><strong>estis</strong></span> <span class='ocrx_word' id='word_1_211' title='bbox 816 2031 933 2074; x_wconf 87' lang='lat' dir='ltr'><strong>boni.</strong></span> <span class='ocrx_word' id='word_1_212' title='bbox 975 2032 1098 2074; x_wconf 90' lang='lat' dir='ltr'><strong>Panis</strong></span> <span class='ocrx_word' id='word_1_213' title='bbox 1129 2046 1259 2089; x_wconf 85' lang='lat' dir='ltr'><strong>quem</strong></span> <span class='ocrx_word' id='word_1_214' title='bbox 1290 2030 1506 2083; x_wconf 79' lang='lat' dir='ltr'><strong>misimus,</strong></span> <span class='ocrx_word' id='word_1_215' title='bbox 1538 2029 1713 2074; x_wconf 87' lang='lat' dir='ltr'><strong>uberior</strong></span> 
     </span>
     <span class='ocr_line' id='line_1_27' title="bbox 324 2099 1757 2160; baseline 0.001 -18"><span class='ocrx_word' id='word_1_216' title='bbox 324 2099 569 2144; x_wconf 88' lang='lat' dir='ltr'><strong>benedictio</strong></span> <span class='ocrx_word' id='word_1_217' title='bbox 592 2101 665 2144; x_wconf 88' lang='lat' dir='ltr'><strong>fiet</strong></span> <span class='ocrx_word' id='word_1_218' title='bbox 682 2136 691 2153; x_wconf 82' lang='lat'><strong>,</strong></span> <span class='ocrx_word' id='word_1_219' title='bbox 714 2100 947 2144; x_wconf 83' lang='lat' dir='ltr'><strong>dilectione</strong></span> <span class='ocrx_word' id='word_1_220' title='bbox 969 2102 1215 2160; x_wconf 84' lang='lat' dir='ltr'><strong>accipientis</strong></span> <span class='ocrx_word' id='word_1_221' title='bbox 1234 2110 1389 2146; x_wconf 78' lang='lat' dir='ltr'><strong>vestrae</strong></span> <span class='ocrx_word' id='word_1_222' title='bbox 1414 2100 1707 2159; x_wconf 82' lang='lat' dir='ltr'><strong>benignitatis.</strong></span> <span class='ocrx_word' id='word_1_223' title='bbox 1754 2106 1757 2135; x_wconf 67' lang='grc' dir='ltr'><em>ἰ</em></span> 
     </span>
     <span class='ocr_line' id='line_1_28' title="bbox 323 2170 1708 2230; baseline -0.001 -15"><span class='ocrx_word' id='word_1_224' title='bbox 323 2170 551 2215; x_wconf 78' lang='lat' dir='ltr'><strong>Custodiat,</strong></span> <span class='ocrx_word' id='word_1_225' title='bbox 579 2187 653 2215; x_wconf 90' lang='lat' dir='ltr'><strong>vos</strong></span> <span class='ocrx_word' id='word_1_226' title='bbox 679 2173 885 2216; x_wconf 87' lang='lat' dir='ltr'><strong>Dominus</strong></span> <span class='ocrx_word' id='word_1_227' title='bbox 908 2174 963 2216; x_wconf 86' lang='lat' dir='ltr'><strong>ab</strong></span> <span class='ocrx_word' id='word_1_228' title='bbox 992 2173 1067 2215; x_wconf 88' lang='lat' dir='ltr'><strong>ista</strong></span> <span class='ocrx_word' id='word_1_229' title='bbox 1093 2173 1369 2230; x_wconf 79' lang='lat' dir='ltr'><strong>generatione</strong></span> <span class='ocrx_word' id='word_1_230' title='bbox 1398 2173 1442 2215; x_wconf 85' lang='lat' dir='ltr'><strong>in</strong></span> <span class='ocrx_word' id='word_1_231' title='bbox 1471 2181 1708 2226; x_wconf 81' lang='lat' dir='ltr'><strong>aeternum,</strong></span> 
     </span>
     <span class='ocr_line' id='line_1_29' title="bbox 323 2242 1756 2301; baseline 0.001 -17"><span class='ocrx_word' id='word_1_232' title='bbox 323 2243 492 2285; x_wconf 87' lang='lat' dir='ltr'><strong>Domini</strong></span> <span class='ocrx_word' id='word_1_233' title='bbox 509 2242 771 2286; x_wconf 84' lang='lat' dir='ltr'><strong>dilectissimi</strong></span> <span class='ocrx_word' id='word_1_234' title='bbox 787 2253 829 2286; x_wconf 89' lang='lat' dir='ltr'><strong>et</strong></span> <span class='ocrx_word' id='word_1_235' title='bbox 846 2244 1141 2297; x_wconf 86' lang='lat' dir='ltr'><strong>sincerissimi,</strong></span> <span class='ocrx_word' id='word_1_236' title='bbox 1163 2259 1264 2288; x_wconf 88' lang='lat' dir='ltr'><strong>vere</strong></span> <span class='ocrx_word' id='word_1_237' title='bbox 1288 2244 1488 2301; x_wconf 82' lang='lat' dir='ltr'><strong>benigni,</strong></span> <span class='ocrx_word' id='word_1_238' title='bbox 1509 2243 1708 2287; x_wconf 84' lang='lat' dir='ltr'><strong>etabun-</strong></span> <span class='ocrx_word' id='word_1_239' title='bbox 1754 2274 1756 2292; x_wconf 34' lang='lat'><em>³</em></span> 
     </span>
     <span class='ocr_line' id='line_1_30' title="bbox 320 2301 1755 2373; baseline 0.001 -18"><span class='ocrx_word' id='word_1_240' title='bbox 320 2313 570 2356; x_wconf 86' lang='lat' dir='ltr'><strong>dantissirna</strong></span> <span class='ocrx_word' id='word_1_241' title='bbox 596 2314 765 2357; x_wconf 90' lang='lat' dir='ltr'><strong>Domini</strong></span> <span class='ocrx_word' id='word_1_242' title='bbox 791 2314 924 2371; x_wconf 81' lang='lat' dir='ltr'><strong>gratia</strong></span> <span class='ocrx_word' id='word_1_243' title='bbox 949 2315 1291 2373; x_wconf 83' lang='lat' dir='ltr'><strong>praestantissimi</strong></span> <span class='ocrx_word' id='word_1_244' title='bbox 1319 2313 1486 2359; x_wconf 84' lang='lat' dir='ltr'><strong>fratres.</strong></span> <span class='ocrx_word' id='word_1_245' title='bbox 1754 2301 1755 2311; x_wconf 13' lang='grc' dir='ltr'>ἵ</span> 
     </span>
    </p>
   </div>
   <div class='ocr_carea' id='block_1_5' title="bbox 371 2407 928 2441">
    <p class='ocr_par' dir='ltr' id='par_1_5' title="bbox 371 2407 928 2441">
     <span class='ocr_line' id='line_1_31' title="bbox 371 2407 928 2441; baseline 0.005 -5"><span class='ocrx_word' id='word_1_246' title='bbox 371 2413 380 2428; x_wconf 83' lang='lat'><em>¹</em></span> <span class='ocrx_word' id='word_1_247' title='bbox 403 2407 471 2437; x_wconf 89' lang='lat' dir='ltr'><strong>Non</strong></span> <span class='ocrx_word' id='word_1_248' title='bbox 491 2412 603 2440; x_wconf 79' lang='lat' dir='ltr'><strong>extant</strong></span> <span class='ocrx_word' id='word_1_249' title='bbox 620 2408 652 2440; x_wconf 89' lang='lat' dir='ltr'><strong>hi</strong></span> <span class='ocrx_word' id='word_1_250' title='bbox 671 2408 740 2440; x_wconf 87' lang='lat' dir='ltr'><strong>libri</strong></span> <span class='ocrx_word' id='word_1_251' title='bbox 760 2408 928 2441; x_wconf 75' lang='lat' dir='ltr'><strong>Ambrosii.</strong></span> 
     </span>
    </p>
   </div>
   <div class='ocr_carea' id='block_1_6' title="bbox 1740 0 1790 3187">
    <p class='ocr_par' dir='ltr' id='par_1_6' title="bbox 1740 0 1790 3187">
     <span class='ocr_line' id='line_1_32' title="bbox 1740 0 1790 3187; baseline 0 0"><span class='ocrx_word' id='word_1_252' title='bbox 1740 0 1790 3187; x_wconf 95' lang='lat' dir='ltr'><strong> </strong></span> 
     </span>
    </p>
   </div>
  </div>
 </body>
</html>
