1790 3187
335 228 414 267 124
771 243 803 266 s.
841 238 1071 268 Auot⁷s⁷r11v1
1104 241 1282 268 EPISCOPI

330 306 459 360 Quod
481 307 515 350 si
537 322 636 351 cum
660 306 906 362 crediderit,
932 323 1029 351 mox
1048 306 1102 351 de
1123 308 1204 350 hac
1230 307 1315 351 vita
1343 307 1592 362 decesserit,
1612 308 1705 367 jus-

330 378 508 422 titicatio
540 377 639 422 fidei
664 387 810 422 manet
835 393 933 422 cum
965 378 1040 423 illo
1056 414 1066 433 ‚
1103 393 1182 422 nec
1212 377 1557 437 praecedentibus
1583 377 1707 424 bonis
1733 393 1737 396 ·

330 449 547 506 operibus,
573 449 675 508 quia
698 464 785 491 non
820 449 971 493 merito
1000 449 1054 493 ad
1075 448 1192 492 illam
1221 448 1293 492 sed
1325 448 1458 506 gratia
1480 449 1706 508 pervenit,

332 535 411 562 nec
444 518 836 577 consequentibus,
864 519 964 578 quia
998 520 1041 562 in
1071 520 1152 563 hac
1185 520 1272 563 vita
1300 534 1388 563 esse
1413 534 1500 563 non
1537 519 1705 563 sinitur.

336 590 459 634 Unde
482 589 757 633 manifestum
778 598 862 644 est,
888 590 1007 648 quod
1032 590 1188 634 Paulus
1210 589 1427 649 apostolus
1450 589 1570 644 dicit,
1590 609 1610 632 «
1629 593 1711 634 Ar-

332 681 351 703 »
379 662 592 705 bitramur
614 661 726 703 enim
760 661 976 705 hominem
999 662 1221 721 justificari
1248 676 1321 720 per
1342 660 1471 704 fidem
1495 662 1586 705 sine
1606 677 1710 720 ope·-

333 750 352 773 »
380 732 495 775 ribus
513 734 541 786 ¹,
568 750 585 772 »
614 747 701 774 non
720 732 778 774 ita
800 731 1133 790 intelligendum
1157 746 1261 786 esse,
1286 741 1334 775 ut
1357 740 1530 790 accepta
1552 731 1653 784 fide,
1678 733 1710 776 si

328 802 500 857 vixerit,
522 802 714 847 dieamus
745 818 842 846 eum
866 804 1056 862 justum,
1082 803 1246 846 etiamsi
1275 802 1386 846 male
1412 802 1579 847 vixerit.
1609 802 1710 848 Ideo

329 866 528 933 exemplo
560 874 747 918 Abrahae
779 883 821 918 et
853 874 1072 933 apostolus
1106 874 1263 918 Paulus
1299 874 1460 928 utitur,
1491 873 1593 933 quia
1622 874 1713 918 sine

330 945 533 1004 operibus
555 945 676 1003 legis,
702 961 833 1005 quam
854 961 942 989 non
972 954 1220 1005 acceperat,
1252 961 1328 1005 per
1356 945 1487 988 fidem
1506 944 1714 1004 justifica-

334 1026 399 1060 tus
422 1025 506 1074 est,
534 1025 575 1060 et
594 1016 798 1072 Jacobus,
823 1017 923 1076 quia
938 1016 1068 1062 fidem
1093 1017 1225 1076 ipsius
1244 1016 1430 1060 Abrahae
1452 1031 1580 1075 opera
1601 1015 1711 1060 bona

330 1097 559 1132 consecuta
583 1103 672 1131 esse
689 1088 972 1142 demonstrat,
999 1089 1230 1132 ostendens
1255 1085 1625 1148 quemadmodum
1648 1087 1714 1131 in-

331 1157 614 1216 telligendum
639 1159 707 1212 sit,
734 1158 853 1217 quod
878 1159 1036 1202 Paulus
1055 1157 1273 1217 apostolus
1298 1157 1563 1217 praedicavit.

392 1230 452 1270 2⁰.
491 1231 598 1273 Nam
623 1229 697 1287 qui
726 1237 883 1287 putant
911 1229 1034 1272 istam
1066 1229 1215 1272 Jacobi
1249 1227 1429 1287 apostoli
1458 1228 1712 1272 sententiam

331 1299 588 1343 contrariam
612 1313 701 1342 esse
724 1298 786 1341 illi
821 1298 941 1342 Pauli
971 1298 1153 1357 apostoli
1176 1299 1417 1353 sententiae,
1442 1308 1622 1357 possunt
1649 1314 1734 1353 ar->

335 1370 481 1413 bitrari
516 1370 644 1413 etiam
672 1369 812 1428 ipsum
849 1369 1030 1413 Paulum
1062 1370 1142 1413 sibi
1175 1385 1262 1413 esse
1285 1371 1573 1426 contrarium,
1614 1371 1713 1429 quia
1771 1411 1774 1413 .

332 1439 435 1484 dicit
452 1438 535 1483 alio
553 1439 649 1483 loco
668 1459 676 1484 ε
697 1459 715 1481 (ι
737 1442 832 1484 Non
853 1441 967 1483 enim
991 1439 1206 1484 auditores
1228 1440 1333 1498 legis
1349 1442 1453 1501 justi
1475 1449 1576 1484 sunt
1596 1440 1710 1500 apud

336 1530 353 1552 ι)
383 1514 535 1565 Deum,
556 1511 630 1554 sed
644 1510 827 1555 factores
844 1511 1358 1570 legisjustificabuntur¹2.
1380 1531 1397 1551 »
1416 1514 1472 1555 Et
1489 1511 1710 1556 alioloco:
1752 1535 1756 1574 g

337 1601 354 1623 (ι
383 1582 465 1626 Sed
489 1581 594 1625 fides
617 1597 717 1641 quae
744 1597 817 1640 per
839 1581 1115 1625 dilectionem
1143 1584 1387 1641 operaturss.
1410 1601 1426 1622 »
1451 1584 1505 1625 Et
1524 1582 1679 1625 iterum
1701 1600 1710 1626 :

336 1671 355 1693 «
385 1652 426 1696 Si
444 1653 559 1695 enim
575 1652 814 1696 secundum
833 1667 1005 1695 carnem
1021 1652 1223 1705 vixeritis,
1240 1652 1499 1708 moriemini,
1517 1652 1548 1694 si
1570 1660 1712 1696 autem

336 1740 355 1763 »
382 1722 532 1781 spiritu
553 1721 663 1766 facta
685 1723 823 1765 carnis
842 1723 1216 1776 mortificaveritis,
1235 1723 1426 1766 vivetis4.
1459 1742 1475 1763 ι)
1501 1724 1609 1775 Quae
1631 1721 1714 1765 sint

333 1803 476 1838 autem
501 1792 613 1838 facta
628 1793 781 1847 carnis,
801 1809 899 1853 quae
912 1794 1115 1852 operibus
1132 1793 1394 1852 spiritalibus
1415 1793 1713 1837 mortificanda

331 1874 455 1919 sunt,
486 1865 570 1909 alio
605 1865 702 1909 loco
735 1864 1023 1919 demonstrat,
1056 1865 1224 1919 dicens,
1262 1885 1281 1907 «
1314 1864 1540 1910 Manifesta
1570 1874 1712 1908 autem
1750 1897 1753 1916 ς

338 1955 356 1977 »
382 1944 483 1979 sunt
506 1951 634 1994 opera
652 1936 807 1989 carnis,
826 1951 923 1995 quae
941 1945 1042 1979 sunt
1065 1934 1385 1988 fornicationes,
1410 1935 1710 1990 immunditiae,

337 2026 356 2048 »
380 2006 679 2065 impudicitiae,
712 2005 930 2050 idolorum
958 2006 1165 2060 servitus,
1200 2006 1427 2059 veneficia,
1454 2006 1710 2061 inimicitiae,
1749 1970 1752 2025 l

336 2096 355 2119 »
381 2077 702 2131 contentiones,
727 2076 1044 2131 aemulationes,
1071 2077 1360 2120 animositates
1376 2112 1386 2131 ,
1411 2076 1710 2132 dissensiones,

335 2165 354 2189 >›
382 2148 580 2201 haereses,
602 2146 792 2201 invidiae,
813 2146 1040 2191 ebrietates
1061 2166 1069 2191 ·.
1090 2148 1434 2201 comessationes,
1454 2148 1578 2191 ethis
1596 2147 1713 2191 simi—

338 2236 356 2258 »
387 2217 458 2272 lia,
488 2233 587 2277 quae
608 2217 798 2276 praedico
814 2217 937 2261 vobis
958 2218 1067 2261 sicut
1089 2217 1288 2276 praedixi,
1314 2218 1521 2277 quoniam
1544 2218 1620 2277 qui
1649 2226 1713 2261 ta·
1744 2250 1745 2253 ,

337 2305 357 2328 n
384 2287 439 2330 lia
462 2296 613 2345 agunt,
638 2303 819 2346 regnum
839 2287 915 2330 Dei
937 2303 1024 2331 non
1047 2286 1364 2346 possidebunt?
1386 2305 1405 2328 »
1422 2290 1477 2331 Et
1491 2286 1712 2332 adCorin-

334 2358 445 2401 thios
468 2359 546 2411 ait,
576 2376 596 2399 «
619 2358 761 2402 Nolite
784 2372 948 2412 errare,
974 2373 1118 2417 neque
1139 2358 1434 2412 fornicatores,
1460 2372 1602 2417 neque
1619 2356 1713 2402 ido·
1747 2391 1749 2407 .

336 2428 431 2472 »lis
465 2428 720 2484 servientes,
760 2444 902 2488 neque
939 2428 1145 2483 adulteri,
1182 2444 1325 2489 neque
1361 2428 1532 2483 molles,
1571 2444 1712 2488 neque

385 2537 396 2552 ¹
414 2534 503 2563 Rom.
523 2542 569 2573 ιιι,
596 2534 701 2565 28.--
715 2539 727 2555 ²
744 2533 789 2564 Id.
811 2544 848 2571 u,
871 2530 991 2565 13.—3
1010 2532 1077 2565 Gal.
1095 2543 1127 2572 v,
1143 2532 1175 2563 6.
1189 2532 1257 2559 ——4
1277 2534 1367 2565 Rom.
1386 2543 1454 2573 viu,
1478 2531 1526 2563 13.
1545 2548 1585 2553 —-
1600 2529 1614 2553 5
1639 2531 1704 2563 Gal.

336 2599 368 2629 v,
390 2599 430 2630 ¹9
452 2592 485 2620 et
502 2599 588 2630 seqq.

1782 3145 1790 3187 ιι..
1785 3097 1790 3139 ..⁴
1778 2114 1790 3091 -————————-——*—-
