1790 3187
195 168 245 192 ur:
279 165 465 191 Dlvlfiltsts
497 166 537 199 Q*
560 165 652 189 AEs'r.
696 164 744 188 «n
776 162 1034 189 siMPLiciAN.
1072 163 1154 188 Lm.
1193 164 1221 187 1.
1324 152 1404 188 173

16 250 49 274 ¹»
76 232 298 276 nuntietur
329 244 489 273 nomen
516 243 661 271 meum
684 228 727 271 in
748 228 944 272 universa
968 236 1077 271 terra
1096 228 1124 269 ¹.
1153 244 1172 267 »
1213 228 1305 270 Hoc
1328 242 1408 270 au-

30 313 113 347 tem
141 300 320 361 subjecit
337 298 567 359 Apostolus
585 297 916 353 documentum,
943 314 1031 358 quo
1056 297 1260 357 probaret
1285 297 1408 356 quod

17 375 153 433 'supra
172 373 335 416 dixerat
356 390 363 415 :
394 390 412 411 «
440 371 575 428 Igitur
596 385 685 414 non
705 368 889 414 volentis
912 385 1054 430 neque
1071 369 1282 414 currentis
1296 405 1307 424 ,
1332 368 1407 412 sed

34 463 52 485 »
81 442 314 487 miserentis
332 451 394 485 est
412 442 503 485 Dei.
532 459 552 482 »
580 443 802 500 Tanquam
827 442 942 484 enim
960 440 997 484 ei
1015 439 1255 493 diceretur,
1282 440 1408 483 Unde

18 511 108 571 Jhoc
130 513 282 558 doces?
319 531 338 554 «
374 512 487 556 Dicit
517 511 631 555 enim
668 512 916 570 Scriptura,
953 511 1118 571 inquit,
1158 510 1405 564 Pharaoni,

18 587 50 631 ἰ»
76 584 182 638 Quia
204 583 256 627 ad
280 583 361 627 hoc
390 591 431 626 te
453 582 658 637 excitavi,
688 592 738 626 ut
761 582 984 627 ostendam
1020 581 1065 625 in
1094 591 1136 626 te
1170 581 1409 640 potentiam

31 675 50 698 »
77 670 236 709 meam,
274 663 316 698 et
350 662 399 697 ut
441 654 723 697 annuntietur
759 668 919 697 nomen
946 668 1092 696 meum
1127 653 1173 696 in
1208 652 1410 696 universa

18 731 50 774 l»
77 734 200 770 terra.
226 742 245 766 »
268 725 428 784 Utique
446 725 548 768 hinc
568 725 800 768 ostendens
817 723 937 782 quod
956 738 1044 767 non
1061 723 1245 767 volentis
1267 737 1410 782 neque

30 796 234 842 currentis
254 830 264 850 ,
310 796 384 839 scd
433 794 672 838 miserentis
713 804 776 838 est
813 794 905 838 Dei.
949 793 1274 853 Concluditque
1315 793 1375 837 ita
1395 813 1408 850 3

31 871 180 925 «Ergo
202 866 325 926 cujus
353 865 448 909 vult
483 865 735 919 miseretur,
762 874 804 908 et
832 879 962 923 quem
987 864 1082 907 vult
1105 863 1318 908 obdurat²
1346 880 1354 907 :
1386 879 1406 903 »

26 953 121 982 cuni
139 936 332 995 superius
350 951 438 980 non
456 945 693 995 utrumque
713 934 875 978 dietum
903 936 969 978 sit.
996 936 1147 993 Neque
1166 933 1278 977 enim
1297 948 1409 992 quo-

28 1008 154 1052 modo
176 1006 341 1051 dictum
363 1016 425 1050 est
451 1025 459 1050 :
490 1024 510 1048 «
535 1008 632 1051 Non
662 1004 848 1049 volentis
882 1019 1026 1064 neque
1059 1004 1298 1058 currentis,
1335 1003 1410 1047 sed

28 1097 47 1120 »
73 1077 309 1122 miserentis
332 1085 395 1120 est
416 1076 491 1120 Dei
510 1097 520 1133 3
548 1094 567 1117 »
593 1076 651 1123 sic
674 1076 802 1119 etiam
826 1074 993 1119 dictum
1016 1084 1108 1129 est,
1134 1077 1233 1119 Non
1256 1073 1410 1118 nolen-

28 1148 75 1192 tis
93 1163 233 1208 neque
250 1146 591 1201 contemnentis,
615 1145 690 1190 sed
714 1145 970 1189 obdurantis
991 1153 1054 1188 est
1072 1144 1162 1189 Dei,
1189 1143 1314 1188 Unde
1332 1144 1411 1188 da-

26 1229 94 1263 tur
114 1218 325 1277 intelligi,
353 1218 474 1278 quod
499 1216 610 1261 infra
640 1226 877 1275 utrumque
899 1215 1042 1275 posuit
1064 1234 1073 1260 z
1103 1234 1121 1257 «
1144 1217 1260 1273 Ergo
1287 1216 1410 1274 cujus

29 1309 48 1332 »
72 1290 164 1335 vult
184 1290 433 1345 miseretur,
460 1299 503 1334 et
527 1304 659 1349 quem
682 1288 777 1333 vult
807 1286 996 1332 obdurat
1014 1322 1025 1341 ,
1054 1305 1074 1328 »
1101 1287 1160 1331 ita
1183 1286 1409 1330 sententiae

27 1361 230 1421 superiori
255 1376 376 1420 posse
398 1376 637 1419 congruere
652 1395 663 1414 ,
684 1369 734 1403 ut
756 1358 989 1403 obduratio
1011 1357 1088 1401 Dei
1113 1357 1167 1401 sit
1189 1356 1305 1401 nolle
1326 1357 1411 1400 mi-

25 1432 149 1476 sereri
168 1441 216 1475 ut
236 1447 324 1476 non
341 1432 396 1474 ab
414 1431 489 1475 illo
512 1431 726 1489 irrogetur
753 1428 919 1489 aliquid
940 1444 1028 1489 quo
1051 1428 1104 1472 sit
1125 1428 1257 1472 homo
1284 1426 1408 1472 dete-

47 1504 106 1547 ior
126 1538 137 1557 ,
162 1502 236 1547 sed
258 1512 430 1547 tantum
454 1518 542 1562 quo
559 1503 611 1546 sit
633 1500 785 1545 melior
808 1516 896 1545 non
914 1509 1131 1559 erogetur.
1156 1500 1281 1553 Quod
1308 1499 1341 1542 si
1361 1498 1411 1542 fit

0 1581 3 1588 ’
36 1572 142 1617 iulla
171 1571 448 1616 distinctione
472 1572 755 1626 meritorum,
780 1572 877 1630 quis
899 1586 988 1615 non
1018 1579 1218 1630 eiumpat
1247 1570 1291 1613 in
1314 1584 1408 1613 eam

53 1659 193 1699 ocem,
221 1660 353 1704 quam
376 1644 488 1688 sibi
478 1659 569 1703 ipse
593 1643 752 1703 objecit
776 1641 1035 1701 Apostolus?
1069 1661 1089 1683 «
1119 1641 1233 1685 Dicis
1264 1640 1410 1700 itaque

22 1699 48 1760 l»
73 1714 204 1768 mihi,
240 1713 356 1767 Quid
395 1713 537 1757 adhuc
580 1713 898 1789 conqueritur?
929 1715 1039 1757 Nam
1072 1710 1286 1755 voluntati
1318 1711 1410 1769 ejus

31 1802 49 1824 »
74 1785 169 1843 quis
185 1785 391 1828 resistitssp
410 1802 430 1825 »
451 1784 744 1843 Conqueritur
761 1783 876 1826 enim
893 1785 1005 1826 Deus
1019 1797 1133 1841 saepe
1153 1781 1207 1825 de
1225 1780 1355 1825 homi·
1347 1780 1411 1824 ui-

59 1870 106 1898 us
125 1889 135 1909 ,
163 1855 272 1898 sicut
306 1869 381 1913 per
412 1853 749 1897 innumerabiles
777 1861 955 1912 apparet
994 1853 1313 1911 Scripturarum
1344 1850 1410 1894 lo-

51 1940 115 1980 os,
140 1924 260 1985 quod
283 1924 423 1968 nolint
446 1924 619 1969 credere
642 1933 685 1968 et
713 1933 827 1968 recte
854 1924 1011 1968 vivere.
1042 1922 1166 1966 Unde
1197 1921 1346 1966 fideles
1368 1929 1411 1964 et

44 1995 228 2040 'acientes
255 1995 519 2040 voluntatem
550 1996 648 2051 Dei,
681 1995 925 2040 conversari
948 1995 1154 2039 dicuntur
1176 1995 1266 2037 sine
1301 2007 1411 2053 que-

25 2057 134 2130 irela,
160 2069 280 2127 quod
301 2067 355 2111 de
372 2067 454 2112 illis
473 2083 561 2111 non
579 2076 788 2127 queratur
813 2067 1075 2127 Scriptura-⁴.
1105 2065 1267 2121 Sedf«
1294 2063 1411 2117 Quid

25 2135 50 2218 ff»
81 2138 388 2198 conqueritur,
427 2139 513 2182 ait?
546 2141 653 2183 Nam
684 2137 900 2183 voluntati
945 2138 1037 2197 ejus
1079 2136 1174 2196 quis
1223 2135 1407 2189 resistit,

33 2226 51 2249 »
82 2208 256 2269 quando
278 2210 401 2269 cujus
424 2209 518 2254 vult
541 2210 794 2264 miseretur,
821 2218 863 2253 et
877 2223 1007 2268 quem
1026 2207 1120 2252 vult
1137 2207 1359 2251 obdurat?
1386 2223 1404 2246 υ

29 2280 83 2322 Et
98 2280 501 2323 tamenintueamur
520 2279 756 2339 superiora,
777 2289 820 2322 et
840 2278 1166 2333 indenostrarn,
1190 2285 1407 2336 quantum

31 2350 115 2409 ipse
131 2351 338 2396 Dominus
354 2350 530 2411 adjuvat
546 2386 558 2407 ,
576 2351 833 2395 sententiam
851 2349 1103 2409 dirigamus.

79 2458 87 2475 ¹
107 2454 198 2487 Rom.
220 2465 255 2496 v,
276 2453 328 2497 πή,
345 2457 379 2487 et
398 2454 493 2487 Exod.
509 2465 552 2496 ix,
577 2452 625 2487 16.
641 2470 680 2477 -
697 2458 711 2476 ²
731 2455 822 2485 Rom.
841 2463 887 2493 ix,
912 2451 961 2484 18.
976 2467 1016 2473 -
1032 2448 1045 2474 3
1060 2449 1140 2483 Ibid.
1165 2460 1215 2492 19.
1232 2445 1302 2477 -4
1321 2449 1399 2480 Luc.

34 2517 56 2548 1,
79 2508 112 2541 6.

27 2579 29 2641 !

27 2646 30 2711 1

28 2730 30 2805 !
