1790 3187
326 239 380 277 28
755 249 787 273 s.
823 243 1058 274 Auousnm
1091 247 1272 274 Erlscom

325 312 571 360 chritudine
593 320 672 365 est,
698 309 817 370 quod
838 313 952 354 Deus
968 320 1031 355 est
1049 330 1056 356 :
1075 311 1321 370 temporalis
1344 320 1488 356 autem
1510 312 1706 372 pulchri-

325 385 433 430 tudo
456 384 583 428 rebus
600 380 910 426 decedentibus
931 382 1349 442 succedentibusque
1366 383 1600 442 peragitur.
1623 387 1709 428 Ha-

326 457 399 499 bet
428 463 572 498 autem
599 454 798 496 decorem
827 467 953 495 suum
982 453 1027 496 in
1049 452 1227 512 singulis
1249 452 1497 513 quibusque
1516 453 1708 498 homini-

327 527 407 570 bus
424 524 591 584 singula
604 537 791 584 quaeque
803 531 904 567 aetas
919 523 973 566 ab
991 522 1175 567 infantia
1195 538 1333 583 usque
1349 522 1402 567 ad
1419 531 1705 569 senectutem.

329 597 449 642 Sicut
470 610 572 653 ergo
602 592 815 638 absurdus
844 601 930 648 est,
955 593 1031 652 qui
1060 593 1299 653 juvenilem
1333 601 1504 637 tantum
1537 603 1709 639 aetatem

325 666 456 711 vellet
476 681 565 710 esse
586 665 631 708 in
648 664 825 708 homine
846 663 1114 722 temporibus
1136 663 1334 718 subdito,
1357 664 1572 708 invideret
1595 665 1709 710 enim

325 736 490 781 caeteris
507 734 923 794 pulchritudinibus,
952 749 1050 793 quae
1072 734 1236 778 caeteris
1258 734 1457 778 aetatibus
1486 749 1582 778 suas
1598 735 1710 779 vices

326 816 456 866 atque
478 805 676 850 ordinem
699 813 880 863 gerunt3
906 805 964 848 sic
987 804 1201 848 absurdus
1222 813 1303 859 est,
1329 805 1404 863 qui
1426 805 1471 847 in
1494 805 1586 863 ipso
1609 805 1711 848 uni-

327 893 449 922 verso
481 891 636 936 genere
664 877 856 920 humano
891 891 1022 920 unam
1053 885 1225 920 aetatem
1261 875 1475 919 desiderat
1505 895 1513 919 :
1546 891 1647 920 nam
1670 885 1712 920 et

326 950 469 1007 ipsum
497 956 702 1006 tanquam
732 961 846 990 unus
869 947 1001 991 homo
1032 956 1179 991 aetates
1203 961 1299 989 suas
1332 946 1434 1004 agit.
1462 947 1548 991 Nec
1583 961 1713 1005 opor·
1760 987 1762 997 ἱ

326 1019 410 1063 tuit
425 1018 571 1061 venire
591 1017 797 1061 divinitus
814 1018 1087 1075 magistrum,
1109 1018 1230 1077 cujus
1246 1016 1488 1060 imitatione
1508 1017 1554 1059 in
1571 1031 1713 1060 mores

326 1089 511 1148 optimos
534 1089 811 1142 formaretur,
837 1088 918 1130 nisi
949 1097 1141 1147 tempore
1159 1086 1416 1148 juventutis.
1443 1085 1511 1130 Ad
1532 1086 1617 1131 hoc
1634 1102 1711 1131 va—

326 1160 386 1203 let
414 1159 534 1218 quod
555 1158 789 1217 Apostolus
812 1158 939 1214 dicit,
974 1159 1055 1203 sub
1091 1159 1184 1217 lege
1213 1168 1422 1218 tanquam
1451 1158 1532 1201 sub
1561 1156 1712 1216 paeda-

327 1243 436 1287 gogo
469 1227 671 1286 parvulos
708 1229 968 1282 custoditos,
992 1228 1132 1273 donec
1153 1229 1320 1273 veniret
1342 1229 1412 1272 cui
1429 1228 1682 1272 servabatur
1698 1262 1709 1282 ‚
1760 1224 1763 1282 Ξ

327 1300 403 1359 qui
425 1314 501 1357 per
530 1299 767 1356 Prophetas
790 1299 1022 1356 promissus
1051 1307 1142 1342 erat
1158 1301 1187 1341 ¹.
1215 1298 1346 1342 Aliud
1368 1299 1482 1341 enim
1509 1308 1572 1342 est
1594 1298 1713 1357 quod
1760 1295 1763 1331 s

327 1369 474 1414 divina
498 1367 766 1428 providentia
788 1369 909 1429 quasi
927 1369 1126 1427 privatim
1145 1383 1245 1412 cum
1268 1367 1447 1426 singulis
1470 1369 1572 1426 agit,
1595 1368 1714 1413 aliud
1760 1384 1763 1427 ff

327 1438 446 1500 quod
469 1440 615 1498 generi
643 1439 844 1484 universo
876 1449 1085 1499 tanquam
1114 1438 1289 1498 publice
1317 1437 1520 1483 consulit.
1542 1441 1652 1484 Nam
1670 1449 1713 1484 et
1752 1457 1763 1482 -ε

324 1511 592 1570 quicumque
610 1511 767 1568 singuli
782 1510 836 1554 ad
852 1519 1015 1555 certam
1028 1510 1282 1568 sapientiam
1297 1519 1606 1568 pervenerunt,
1621 1525 1709 1554 non
1761 1534 1763 1563 ᾗ

326 1581 406 1624 nisi
430 1582 579 1624 eadem
599 1581 779 1625 veritate
801 1596 978 1625 suarum
993 1579 1241 1638 singillatim
1258 1588 1437 1624 aetatum
1455 1580 1712 1639 opportuni-

328 1660 415 1695 tate
429 1651 628 1695 illustrati
639 1660 739 1695 sunt
759 1667 808 1696 :-a
824 1667 909 1712 qua
921 1652 1118 1706 veritate,
1130 1660 1180 1694 ut
1191 1649 1382 1710 populus
1395 1650 1563 1709 sapiens
1571 1651 1710 1706 fieret,
1762 1668 1763 1674 ¹

330 1722 463 1781 ipsius
477 1722 644 1780 generis
656 1722 836 1765 humani
856 1731 1102 1781 opportuna
1117 1731 1243 1765 aetate
1251 1722 1383 1766 homo
1393 1729 1616 1779 susceptus
1630 1730 1708 1766 est.
1761 1730 1763 1739 ⁴

387 1796 580 1845 QuAEsTio
594 1793 728 1835 XLV.
745 1820 798 1825 —
813 1795 871 1835 1⁰.
892 1795 989 1838 Non
1003 1807 1075 1837 eos
1098 1791 1372 1850 appellarunt
1386 1792 1715 1836 Mathematicos

329 1872 514 1917 veteres,
541 1863 616 1922 qui
646 1878 763 1906 nunc
786 1862 1089 1922 appellantur3
1116 1864 1190 1906 sed
1229 1861 1325 1906 illos
1356 1863 1433 1921 qui
1465 1871 1711 1921 temporum
1762 1886 1763 1902 2

330 1947 532 1976 numeros
550 1941 673 1976 motu
695 1932 862 1976 coeliae
885 1933 1073 1976 siderum
1091 1932 1453 1991 pervestigarunt,
1479 1932 1534 1975 de
1556 1932 1716 1991 quibus

329 2004 565 2048 rectissime
583 2002 740 2053 dicitur
761 2003 806 2046 in
831 2003 1062 2062 Scripturis
1090 2002 1272 2046 sanctis²
1300 2020 1308 2046 ι
1340 2004 1503 2046 Iterum
1534 2017 1614 2046 nee
1650 2003 1717 2047 his

331 2073 461 2117 debet
483 2073 699 2132 ignosci33
723 2073 755 2116 si
783 2073 896 2116 enim
929 2082 1099 2116 tantum
1129 2081 1367 2131 potuerunt
1390 2072 1495 2116 scire
1510 2107 1520 2127 ,
1545 2080 1594 2115 ut
1616 2085 1717 2131 pos·

330 2153 426 2188 sent
450 2143 660 2187 aestimare
685 2143 892 2186 saeculum
911 2178 922 2198 ‚
957 2142 1180 2203 quomodo
1209 2144 1339 2203 hujus
1364 2143 1596 2186 Dominum
1629 2157 1718 2187 non

332 2214 499 2258 facilius
519 2214 807 2258 invenerunt?
824 2217 946 2259 Mens
970 2215 1085 2257 enim
1107 2214 1297 2258 humana
1320 2212 1374 2256 de
1396 2213 1633 2258 visibilibus
1641 2214 1717 2272 ju-

330 2284 494 2337 dicans,
520 2293 661 2343 potest
683 2298 911 2342 agnoscere
925 2284 1127 2329 omnibus
1146 2282 1387 2328 visibilibus
1409 2299 1453 2327 se
1470 2284 1607 2343 ipsam
1626 2298 1716 2328 esse

331 2353 568 2398 meliorem.
603 2357 712 2407 Quae
741 2363 885 2399 tamen
917 2370 1018 2399 cum
1053 2355 1181 2399 etiam
1220 2369 1263 2398 se
1297 2364 1472 2413 propter
1497 2352 1714 2397 desectum

331 2424 666 2484 profectumque
684 2426 728 2469 in
747 2426 952 2485 sapientia
971 2424 1130 2470 fatetur
1148 2440 1236 2469 esse
1255 2424 1524 2479 mutabilem,
1546 2424 1712 2468 invenit

380 2521 389 2536 ¹
414 2515 479 2547 Gal.
502 2527 550 2553 ιιι,
579 2516 632 2547 23.
652 2533 689 2539 —-
704 2522 717 2538 ⁹
737 2518 808 2558 Sap.
839 2528 907 2554 rm,
927 2516 946 2548 8
972 2523 1002 2548 et
1028 2528 1058 2557 9.
1079 2534 1112 2538 e·
1132 2513 1143 2538 3
1163 2515 1241 2547 v‡‹10
1267 2514 1320 2546 lib.
1341 2514 1458 2546 vinde
1483 2513 1619 2546 Civitate
1636 2512 1705 2554 Dei,

331 2579 402 2611 cap.
424 2573 458 2604 6,
