1790 3187
318 221 402 260 230
754 231 788 258 s.
825 226 1054 257 Arcus'rim
1086 229 1267 256 Emscom

316 306 464 358 aperte
486 295 570 341 alio
588 295 685 340 loco
701 295 910 353 scriptum
929 303 992 338 est
1011 313 1020 339 ι
1045 313 1064 336 «
1086 296 1194 338 Vasa
1212 292 1333 352 figuli
1350 293 1505 352 probat
1523 293 1693 351 fornax,

317 387 338 410 »
365 378 408 412 et
424 368 618 411 homines
637 368 774 426 justos
800 366 981 410 tentatio
1005 365 1336 409 tribulationis&
1366 384 1386 406 »
1414 368 1498 409 Iste
1519 365 1628 423 ignis
1651 365 1698 410 in

312 440 394 484 hac
415 439 586 482 interim
607 437 691 481 vita
709 436 810 480 facit
824 438 944 496 quod
961 434 1193 495 Apostolus
1205 435 1327 490 dixit,
1350 435 1383 479 si
1400 435 1566 479 accidat
1582 435 1697 481 duo-

312 511 394 554 bus
418 509 646 564 fidelffius,
675 508 751 552 uni
777 508 938 552 scilicet
964 507 1169 565 cogitanti
1198 522 1297 566 quae
1327 507 1402 550 Dei
1423 516 1550 562 sunt,
1587 523 1698 566 quo-

313 581 447 625 modo
476 580 644 639 placeat
678 582 790 632 Deo,
829 578 909 622 hoc
946 587 1034 633 est,
1059 577 1292 621 aedificanti
1317 592 1446 636 super
1477 578 1698 624 Christum

311 650 654 695 fundamentum
687 664 840 693 aurum
862 683 873 704 ,
903 658 1131 707 argentum
1152 683 1163 702 ,
1187 647 1351 706 lapides
1369 648 1577 707 pretiosos
1600 682 1612 704 ,
1634 649 1698 694 al-

314 722 395 765 teri
419 730 565 764 autem
588 720 797 778 cogitanti
827 734 876 763 ea
899 735 998 778 quae
1025 718 1179 763 mundi
1207 727 1336 773 sunt,
1361 718 1584 778 quomodo
1605 719 1700 778 pla-

311 801 407 836 ceat
433 791 581 835 uxori²
596 825 607 845 ,
632 791 678 834 id
702 800 792 845 est,
818 789 1050 834 aedificanti
1070 804 1198 848 super
1223 788 1340 833 idem
1362 787 1701 834 fundamentum

315 862 454 922 ligna,
477 861 668 918 foenum,
689 861 893 921 stipulam
926 881 935 907 :
965 860 1081 905 illius
1099 861 1213 905 enim
1237 876 1348 920 opus
1370 876 1460 906 non
1479 861 1673 906 exuritur
1689 896 1700 918 ,

315 934 416 994 quia
445 949 535 977 non
554 949 603 977 ea
632 932 808 987 dilexit,
834 948 1021 993 quorum
1045 932 1270 976 amissione
1289 932 1534 990 crucietur3
1559 933 1704 976 exuri-

316 1015 389 1050 tur
412 1014 559 1049 autem
578 1020 685 1064 opus
707 1005 837 1064 hujus
851 1038 863 1059 ,
888 1003 1094 1064 quoniam
1112 1003 1200 1047 sine
1218 1002 1367 1047 dolore
1386 1019 1474 1048 non
1494 1013 1703 1063 pereunt,

320 1092 420 1136 quae
455 1090 555 1119 cum
593 1090 739 1118 amore
774 1090 963 1134 possessa
990 1083 1106 1118 sunt.
1147 1073 1230 1118 Sed
1259 1074 1466 1133 quoniam
1499 1073 1706 1118 alterutra
1766 1100 1767 1103 =

318 1146 569 1191 conditione
610 1145 860 1204 proposita,
902 1145 961 1188 eis
998 1145 1142 1203 potius
1176 1159 1321 1188 carere
1351 1144 1500 1187 mallet
1525 1179 1536 1198 ,
1574 1159 1706 1203 quam

319 1217 520 1271 Christo,
562 1231 643 1259 nec
679 1216 833 1259 timore
868 1214 1092 1259 amittendi
1122 1215 1223 1258 talia
1257 1213 1414 1258 deserit
1447 1215 1667 1259 Christum
1692 1248 1704 1269 ,

320 1287 516 1348 quamvis
559 1285 705 1330 doleat
747 1286 852 1330 dum
899 1286 1082 1341 amittit,
1127 1284 1270 1329 salvus
1311 1294 1373 1328 est
1407 1285 1608 1344 quidem,
1649 1285 1709 1330 sic

322 1369 468 1404 tamen
505 1359 628 1418 quasi
661 1374 737 1418 per
773 1359 917 1415 ignem
946 1377 954 1403 :
987 1359 1088 1418 quia
1124 1358 1211 1401 urit
1249 1372 1349 1400 eum
1378 1373 1523 1400 rerum
1560 1356 1708 1412 dolor,

324 1447 431 1491 quas
455 1429 685 1484 dilexerat,
707 1430 979 1483 amissarum,
1004 1428 1078 1472 sed
1101 1445 1189 1472 non
1212 1429 1423 1472 subvertit
1445 1444 1588 1487 neque
1604 1443 1707 1472 con-

324 1502 457 1546 sumit
498 1501 776 1546 fundamenti
818 1501 1053 1546 stabilitate
1087 1509 1218 1560 atque
1250 1500 1578 1559 incorruptione
1609 1515 1710 1544 mu-

324 1574 480 1616 nitum.

385 1646 474 1687 130.
504 1642 605 1686 Tale
622 1641 787 1701 aliquid
808 1643 934 1685 etiam
952 1643 1176 1700 posthanc
1192 1641 1324 1685 vitam
1344 1640 1436 1684 fieri
1454 1639 1713 1684 incredibile

325 1730 413 1758 non
434 1723 522 1768 est,
553 1723 595 1757 et
618 1723 763 1757 utrum
786 1713 843 1756 ita
866 1714 942 1766 sit,
963 1713 1100 1773 quaeri
1125 1721 1264 1771 potest
1292 1730 1301 1756 t
1336 1720 1379 1754 et
1402 1721 1476 1754 aut
1497 1711 1710 1766 inveniri,

326 1794 401 1829 aut
422 1784 577 1839 latere,
605 1783 839 1828 nonnullos
863 1782 1010 1827 fideles
1033 1799 1108 1842 per
1130 1784 1275 1841 ignem
1297 1782 1528 1842 quemdam
1553 1797 1714 1841 purga-

327 1857 515 1910 torium,
552 1865 717 1915 quanto
753 1855 885 1911 magis
919 1854 1114 1897 minusve
1150 1854 1261 1897 bona
1291 1854 1514 1912 pereuntia
1548 1851 1714 1895 dilexe-

328 1939 430 1973 runt
451 1964 462 1981 ,
485 1938 605 1971 tanto
631 1927 791 1970 tardius
814 1926 1028 1985 citiusque
1043 1926 1192 1969 salvari
1214 1945 1222 1970 :
1247 1941 1334 1969 non
1357 1935 1498 1968 tamen
1519 1923 1638 1977 tales,
1660 1922 1715 1967 de

328 1998 533 2059 qualibus
563 1998 726 2041 dictum
757 2006 843 2050 est,
875 1997 995 2055 quod
1028 2016 1046 2036 «
1081 2011 1263 2053 regnum
1300 1996 1374 2038 l)ei
1404 2011 1491 2038 non
1522 1993 1715 2053 posside-

333 2088 353 2112 »
389 2070 551 2122 bunffl,
586 2086 604 2108 »
633 2067 712 2110 nisi
742 2067 1049 2110 convenienter
1089 2066 1405 2125 poenitentibus
1440 2065 1590 2108 eadem
1627 2064 1714 2108 cri-

330 2141 446 2184 mina
482 2139 772 2182 remittantur.
805 2137 1124 2182 Convenienter
1152 2145 1296 2179 autem
1328 2136 1444 2190 dixi,
1477 2145 1526 2179 ut
1554 2135 1718 2179 steriles

331 2213 374 2256 in
394 2209 678 2267 eleemosynis
702 2225 788 2253 non
807 2209 912 2261 sint,
940 2209 1099 2267 quibus
1123 2218 1290 2251 tantum
1318 2208 1472 2250 tribuit
1497 2207 1717 2265 Scriptura

333 2283 502 2335 divina,
529 2292 577 2325 ut
601 2297 748 2325 earum
778 2278 1082 2323 tantummodo
1106 2278 1294 2322 fructum
1324 2294 1368 2321 se
1398 2278 1716 2337 imputaturum

332 2354 596 2414 praenuntiet
618 2352 823 2395 Dominus
838 2350 1018 2405 dextris,
1037 2360 1079 2393 ct
1097 2366 1246 2393 earum
1270 2349 1575 2393 tantummodo
1593 2348 1718 2392 steri-

334 2424 497 2468 litatem
528 2423 728 2480 sinistris,
751 2422 927 2481 quando
947 2422 1009 2465 his
1033 2420 1227 2465 dicturus
1249 2430 1338 2464 est:
1369 2439 1387 2462 «
1409 2419 1563 2463 Venite
1590 2419 1719 2462 bene-

341 2516 358 2537 »
383 2495 488 2538 dicti
509 2494 642 2538 Patris
667 2494 771 2547 mei,
798 2493 1006 2552 percipite
1028 2507 1207 2550 regnum
1231 2511 1240 2536 ε
1266 2510 1285 2532 »
1311 2491 1394 2535 illis
1417 2501 1587 2546 autem,
1614 2509 1633 2531 «
1655 2492 1718 2534 Ite

389 2588 393 2601 ¹
419 2580 512 2612 Eccli,
537 2591 636 2614 uvir,
657 2580 689 2611 6.
708 2597 745 2601 —-—
766 2588 774 2600 ²
800 2590 808 2609 ι
836 2582 905 2610 Coi.
931 2590 984 2617 vn,
1005 2579 1056 2610 32,
1084 2596 1114 2601 -
1133 2576 1145 2599 3
1163 2578 1208 2608 ld.
1231 2588 1275 2615 vr,
1301 2588 1352 2608 rc.

1785 298 1790 319 5

1786 365 1790 394 Ξ
