1790 3187
363 209 444 248 268
804 218 836 246 s.
874 219 1102 246 aucus‘nm
1133 219 1312 246 Emscori

363 300 460 329 reus
479 284 772 343 Phlegethon,
799 293 841 327 et
863 284 1058 343 quinque
1080 292 1201 327 antra
1225 282 1363 341 gentis
1386 283 1683 338 tenebrarum,
1704 280 1753 328 et*

363 355 500 414 stylus
516 354 869 415 Septentrionalis
890 356 1117 399 continens
1136 353 1320 410 coelum,
1340 361 1383 396 et
1404 352 1486 396 alia
1519 357 1746 413 poetarum

363 437 494 487 atque
515 427 819 471 haereticorum
846 425 963 469 mille
989 434 1204 485 portenta.
1234 424 1421 467 Dicimus
1443 433 1590 468 tamen
1611 434 1654 468 et
1677 425 1747 469 in-

362 507 428 542 ter
453 497 787 557 disputandum,
812 505 917 556 puta
941 511 1029 540 esse
1051 504 1136 540 tres
1164 510 1292 553 super
1315 494 1502 538 invicem
1531 495 1744 551 mundos,

362 567 501 627 qualis
519 568 590 611 hic
612 582 724 610 unus
748 577 837 611 est:
861 576 927 622 et,
951 575 1055 626 puta
1077 566 1288 625 quadrata
1306 565 1444 623 figura
1468 574 1624 609 terram
1647 581 1750 610 con-

363 639 517 696 tineri3
552 648 594 682 et
626 637 794 682 similia.
834 640 938 682 Haec
970 638 1083 681 enim
1118 637 1291 691 omnia,
1328 644 1379 680 ut
1404 651 1447 680 se
1477 637 1748 694 cogitationis

365 719 594 768 tempestas
618 709 846 764 habuerit,
870 709 1073 767 fingimus
1101 717 1143 752 et
1166 717 1385 767 putamus.
1413 710 1521 752 Nam
1543 706 1598 751 de
1619 708 1748 753 rebus

358 780 476 840 quod
502 779 553 823 ad
574 779 750 823 tertium
770 794 906 837 genus
923 779 1078 822 attinet
1097 779 1335 836 imaginum
1358 778 1549 822 numeris
1564 779 1750 823 maxime

359 860 489 911 atque
522 849 864 893 dimensionibus
899 850 1044 908 agitur
1078 868 1086 893 ε
1111 848 1230 907 quod
1254 849 1407 907 partim
1433 857 1495 893 est
1529 850 1574 892 in
1604 863 1751 893 rerum

359 930 511 964 natura
527 956 536 973 ,
562 921 681 964 velut
703 935 803 964 cum
825 920 956 963 totius
976 919 1130 962 mundi
1148 919 1286 977 figura
1304 918 1524 962 invenitur
1539 953 1549 973 ,
1574 927 1617 962 et
1639 919 1750 964 hanc

358 992 652 1035 inventionem
678 991 723 1035 in
751 992 895 1034 animo
915 990 1143 1048 cogitantis
1178 991 1320 1048 imago
1343 989 1568 1048 sequitur:
1594 990 1750 1048 partim

359 1062 402 1104 in
422 1060 660 1120 disciplinis
689 1071 894 1119 tanquam
920 1062 962 1103 in
992 1060 1138 1117 figuris
1168 1060 1438 1117 geometricis
1472 1070 1514 1103 et
1543 1059 1752 1117 rhythmi-

359 1132 417 1176 cis
439 1131 632 1186 musicis,
653 1140 696 1175 et
717 1131 884 1174 infinita
903 1131 1111 1174 varietate
1133 1145 1418 1174 numerorum
1441 1149 1449 1174 :
1471 1146 1570 1192 quae
1593 1145 1753 1190 quam-

360 1203 421 1248 vis
442 1218 567 1257 vera,
605 1203 715 1246 sicut
739 1217 819 1262 ego
849 1211 1031 1246 autumo
1048 1237 1058 1256 ,
1089 1200 1543 1261 comprehendantur,
1569 1189 1766 1278 gignuntj

359 1282 506 1318 tamen
527 1272 652 1317 falsas
673 1273 1006 1332 imaginationes
1027 1307 1038 1327 ,
1059 1272 1220 1332 quibus
1241 1272 1331 1330 ipsa
1349 1271 1457 1316 ratio
1473 1272 1544 1317 vix
1561 1271 1717 1316 resistit
1742 1280 1766 1339 ‘f

362 1344 533 1389 tametsi
554 1360 634 1388 nec
651 1344 790 1403 ipsam
812 1342 1082 1403 disciplinam
1105 1342 1343 1387 disserendi
1366 1358 1510 1387 carere
1531 1343 1616 1388 hoc
1640 1341 1767 1420 malo,

362 1413 488 1459 facile
510 1424 595 1469 est,
621 1429 721 1459 cum
744 1414 790 1458 in
812 1413 1097 1459 divisionibus
1112 1423 1155 1459 et
1172 1413 1527 1459 conclusionibus
1545 1412 1765 1488 quosdam}

363 1485 485 1545 quasi
509 1484 699 1529 calculos
721 1485 1024 1542 imaginamur.
1759 1505 1763 1575 ι

421 1557 476 1600 V.
512 1558 563 1599 In
588 1556 668 1600 hac
697 1564 788 1599 tota
818 1556 1059 1614 imaginum
1084 1555 1227 1612 sylva,
1253 1554 1384 1599 credo
1409 1554 1491 1599 tibi
1512 1570 1602 1600 non
1621 1554 1757 1600 videri

364 1627 553 1685 primum
590 1624 700 1669 illud
736 1641 871 1685 genus
902 1625 957 1669 ad
994 1625 1183 1669 animam
1207 1660 1218 1679 ‚
1261 1626 1511 1686 priusquam
1551 1578 1763 1671 inhaereatl
1788 1675 1790 1687 ι

365 1697 561 1741 sensibus
576 1731 586 1750 ,
609 1697 848 1755 pertinere3
864 1711 1007 1755 neque
1024 1696 1126 1740 hinc
1147 1695 1311 1740 diutius
1333 1696 1648 1756 disputandum
1670 1715 1680 1741 :
1705 1696 1755 1741 de
1782 1693 1790 1744 l

367 1767 542 1810 duobus
576 1765 752 1826 reliquis
779 1766 878 1826 jure
913 1766 1055 1810 adhuc
1087 1765 1223 1826 quaeri
1247 1775 1415 1825 posset,
1449 1766 1529 1810 nisi
1551 1765 1754 1811 manifes-
1781 1758 1790 1812 l

369 1848 462 1884 tum
499 1847 629 1892 esset,
671 1838 858 1882 animam
895 1838 1039 1881 minus
1068 1853 1157 1882 esse
1193 1839 1429 1882 obnoxiam
1468 1836 1728 1882 falsitatibus
1743 1846 1760 1911 ²}
1779 1854 1790 1880 ii

368 1908 567 1953 nondum
604 1923 770 1968 passam
805 1908 1073 1952 sensibilium
1101 1923 1395 1966 sensuumque
1417 1909 1655 1952 vanitatem
1681 1927 1690 1952 z
1717 1913 1758 1968 all
1788 1928 1790 1930 ·

368 1979 468 2023 istas
489 1979 694 2036 imagines
718 1979 814 2038 quis
833 1977 1099 2022 dubitaverit
1121 1979 1208 2022 istis
1227 1978 1497 2022 sensibilibus
1515 1978 1654 2022 multo
1671 1993 1752 2022 esse

370 2049 588 2096 falsiores?
609 2052 717 2095 Nam
742 2049 816 2093 illa
838 2066 936 2108 quae
960 2059 1163 2108 putamus
1187 2059 1230 2093 et
1254 2049 1496 2104 credimus,
1523 2050 1610 2093 sive
1630 2050 1750 2107 fingi·
1788 2069 1790 2090 ÷

373 2137 493 2177 mus,
518 2131 561 2165 et
583 2137 632 2164 ex
655 2121 774 2164 omni
805 2130 927 2180 parte
950 2121 1127 2164 omnino
1155 2119 1258 2164 falsa
1281 2129 1405 2175 sunt,
1432 2130 1473 2164 et
1497 2130 1612 2165 certe
1632 2119 1750 2179 longe

372 2203 421 2236 ut
443 2192 581 2236 cernis
604 2192 769 2236 veriora
793 2203 920 2246 sunt,
939 2207 1036 2251 quse
1053 2191 1251 2234 videmus
1271 2201 1401 2251 atque
1419 2192 1640 2235 sentimus.
1662 2193 1749 2236 Jarr

374 2265 417 2307 in
448 2263 521 2307 illo
557 2263 682 2307 tertio
711 2278 867 2321 genere
895 2261 1124 2322 quodlibet
1146 2263 1334 2322 spatium
1363 2262 1586 2320 corporale
1615 2246 1754 2307 anim&

374 2334 638 2391 figuravero,
675 2348 925 2393 quanquam
964 2332 1009 2375 id
1042 2333 1281 2377 rationibus
1318 2331 1644 2391 disciplinarum
1678 2333 1752 2389 mi·¹

375 2405 491 2447 nime
515 2404 762 2448 fallentibus
784 2404 988 2462 cogitatio
1010 2405 1220 2463 peperisse
1234 2405 1453 2458 videatur,
1473 2404 1572 2462 ipsis
1588 2419 1751 2465 rursurr*

376 2476 616 2519 rationibus
654 2475 959 2534 arguentibus,
993 2473 1150 2518 falsum
1181 2490 1270 2518 esse
1302 2476 1529 2519 convinco.
1554 2477 1651 2527 Quo
1681 2475 1749 2518 fit*

376 2554 426 2589 ut
442 2545 565 2591 nullo
586 2554 714 2605 pacto
732 2545 919 2591 animam
943 2543 1116 2589 credam
1139 2545 1337 2590 nondum
1366 2560 1546 2604 corpore
1569 2544 1749 2591 sentiem
