1790 3187
286 224 337 249 DE
371 222 556 250 utvssnsts
590 222 746 260 QUAEs'r.
783 225 931 252 oc'roc..
968 226 1130 252 Tlussos.
1298 267 1307 274 ..
1346 217 1399 253 :355

79 294 274 344 Quass‘rro
296 291 498 334 XLVIII.
518 317 571 323 —
591 290 876 336 Credibilium
901 293 978 337 tria
999 301 1100 337 sunt
1115 307 1288 351 genera.
1306 294 1401 339 Alia

21 372 120 406 sunt
141 377 239 422 quae
266 376 433 421 semper
456 362 711 416 creduntur,
740 371 782 406 et
811 378 1038 424 nunquam
1063 363 1368 422 intelliguntur
1390 385 1398 411 :

21 433 127 477 sicut
148 441 211 476 est
232 432 370 477 omnis
393 431 568 476 historia
582 466 592 486 ‚
613 432 865 493 temporalia
887 443 930 478 et
959 435 1151 478 humana
1170 443 1286 492 gesta
1308 451 1402 494 per·

20 517 208 548 currens.
236 503 328 548 Alia
347 518 446 562 quae
466 518 588 557 mox⁷
614 512 663 545 ut
686 502 947 558 creduntur,
975 503 1280 562 intelliguntur
1313 526 1321 552 z
1344 507 1400 551 si-

20 584 94 621 cut
111 584 212 619 sunt
230 589 378 619 omnes
400 575 585 619 rationes
609 574 835 630 humanae,
863 575 929 619 vel
954 577 1008 620 de
1025 578 1233 630 numer&
1258 578 1328 622 vel
1349 577 1405 623 de

20 645 285 707 quibuslibet
313 645 564 705 disciplinis.
593 646 786 690 Tertium
804 681 814 701 ,
841 662 939 707 quae
973 647 1114 707 primo
1144 647 1402 705 creduntur,

21 726 63 762 et
84 726 230 776 postea
253 716 558 775 intelliguntur
585 735 592 759 ε
619 716 764 776 qualia
787 726 889 761 sunt
906 733 954 762 ea
976 734 1076 778 quae
1094 718 1148 763 de
1170 718 1326 765 divinis
1343 736 1408 765 re-

22 789 102 834 bus
134 805 221 834 non
256 798 435 848 possunt
467 787 669 846 intelligi,
702 789 782 832 nisi
812 790 867 833 ab
899 790 962 833 his
998 791 1075 850 qui
1109 791 1277 836 mundo
1305 803 1408 837 sunt

21 860 173 918 corde3
193 861 312 921 quod
336 862 384 905 fit
406 860 630 919 praeceptis
657 861 854 916 servatis,
880 877 977 921 qnae
1001 860 1056 906 de
1086 862 1200 907 bene
1220 863 1408 910 vivendo

22 933 309 990 accipiuntur.

80 1006 276 1057 QUAEsTm
303 1005 462 1048 XLIX.
491 1029 549 1037 —
573 1003 683 1057 Quia
714 1014 817 1049 sunt
854 1005 985 1050 etiam
1028 1021 1148 1052 sacra
1182 1008 1407 1067 spiritalia,

22 1089 207 1135 quorum
224 1075 430 1133 imagines
452 1075 668 1119 carnalem
691 1075 905 1135 populum
921 1076 1142 1122 celebrare
1160 1080 1408 1138 oportebat,

25 1154 71 1190 ut
91 1145 385 1205 praefiguratio
405 1146 506 1190 novi
523 1146 674 1205 populi
697 1146 904 1192 servitute
927 1149 1082 1193 veteris
1103 1149 1268 1194 fierem.
1291 1155 1411 1203 Quo·-

25 1233 119 1263 rum
153 1218 341 1264 duorum
363 1217 627 1278 populorum
661 1218 955 1263 differentiam
986 1220 1113 1264 etiam
1138 1221 1184 1264 in
1212 1236 1414 1281 unoquo-

22 1304 107 1349 que
128 1298 324 1334 nostrum
344 1288 447 1333 licet
470 1288 708 1343 advertere,
731 1304 829 1333 curn
849 1290 1035 1350 quisque
1055 1290 1110 1334 ab
1123 1299 1248 1336 utero
1261 1292 1412 1336 matris

23 1370 212 1406 veterem
234 1360 458 1405 hominem
492 1375 665 1405 necesse
693 1370 757 1404 est
781 1370 903 1419 agat,
937 1360 1077 1405 donec
1099 1362 1245 1406 veniat
1265 1362 1320 1406 ad
1340 1363 1415 1423 ju·-

22 1433 207 1477 venilem
221 1442 391 1477 aetatem
409 1453 418 1488 3
436 1432 511 1475 ubi
524 1433 611 1491 jam
629 1447 717 1476 non
733 1440 797 1475 est
810 1447 983 1476 necesse
1001 1433 1231 1478 carnaliter
1245 1449 1411 1494 sapere,

23 1505 97 1549 sed
115 1513 257 1563 potest
278 1504 333 1548 ad
353 1502 559 1561 spiritalia
584 1502 812 1547 voluntate
844 1505 1065 1559 converti,
1088 1514 1132 1549 et
1154 1505 1415 1551 intrinsecus

25 1576 282 1635 regenerari.
309 1574 438 1629 Quod
459 1590 560 1632 ergo
584 1575 628 1618 in
650 1590 740 1619 uno
762 1575 941 1620 homine
964 1585 1080 1621 recte
1106 1576 1291 1622 educato
1307 1614 1317 1631 ,
1341 1595 1414 1623 or-

23 1649 124 1692 dine
153 1657 318 1692 naturae
350 1645 644 1707 diciplinaque
676 1648 906 1706 contingit,
942 1648 1026 1693 hoc
1061 1651 1344 1710 proportione
1370 1651 1415 1695 in

0 1743 1 1780 ἢ
23 1719 225 1763 universo
244 1733 401 1777 genere
424 1718 619 1762 humano
641 1718 731 1761 fieri
753 1734 828 1777 per
851 1717 1042 1764 divinam
1067 1722 1412 1779 providentiam,

0 1786 257 1849 *peragique
289 1787 633 1848 pulcherrimum
662 1797 740 1832 est.
802 1840 807 1842 λ

0 1826 1 1914 l
81 1862 280 1913 Qrffisuo
298 1862 347 1903 L.
373 1885 431 1892 —
454 1861 588 1913 Deus,
614 1874 745 1918 quern
769 1861 933 1918 genuit,
959 1861 1169 1920 quoniam
1191 1862 1415 1907 meliorem

0 1916 2 2024 ἱ
23 1946 68 1974 se
91 1945 219 1988 gener
223 1946 294 1974 are
313 1945 400 1974 non
417 1930 572 1988 potui.‚t
599 1929 737 1985 (nihil
751 1930 866 1974 enim
888 1933 977 1975 Deo
994 1931 1192 1987 melius,
1177 1952 1194 1991 )
1212 1947 1417 1992 generare

0 2027 2 2044 ι
26 2001 179 2046 debuit
199 1999 431 2061 aequalem.
459 2000 500 2044 Si
523 2000 638 2043 enim
661 1999 822 2056 voluit,
848 2010 891 2046 et
913 2017 1002 2046 non
1024 2004 1192 2062 potuit,
1219 2005 1418 2050 infirmus

0 2075 3 2116 Ι
27 2083 114 2130 est·
138 2074 171 2118 si
192 2073 351 2133 potuit,
371 2081 415 2116 et
431 2088 520 2116 non
537 2070 693 2127 voluit,
716 2072 888 2118 invidus
906 2082 983 2119 est.
1008 2077 1072 2119 Ex
1084 2091 1174 2136 quo
1187 2077 1418 2123 conficitur

0 2148 3 2216 Ἰ
27 2144 283 2206 aequalem„
260 2144 456 2188 <renuisse
479 2143 656 2188 Filium.

85 2218 149 2269 Οι
157 2234 283 2260 AEsno
302 2218 373 2259 LI.
393 2242 453 2249 —
472 2217 514 2259 10
530 2216 644 2260 Cum
667 2217 922 2261 exteriorem
944 2225 986 2262 et
1011 2218 1261 2263 interiorem
1279 2220 1422 2265 horni-

28 2301 127 2331 nem
144 2286 289 2331 divina
315 2287 530 2346 Scriptura
556 2296 889 2343 commemoret,
915 2297 958 2332 et
979 2290 1024 2332 in
1050 2298 1221 2334 tantum
1244 2307 1315 2336 eos
1339 2293 1424 2337 dis-

29 2367 189 2412 cernat,
216 2368 266 2401 ut
282 2358 337 2401 ab
356 2357 565 2417 Apostolo
594 2357 761 2402 dictum
789 2359 860 2413 sit,
886 2378 905 2401 «
931 2362 987 2403 Et
1011 2360 1044 2403 si
1076 2362 1260 2406 exterior
1287 2363 1420 2408 horno

34 2438 224 2472 »noster
260 2429 569 2487 corrumpitur,
602 2430 677 2472 scd
708 2430 886 2474 interior
920 2440 1153 2475 renovatur
1182 2434 1235 2475 de
1270 2433 1340 2477 die
1373 2437 1419 2477 in

35 2517 54 2541 »
80 2499 212 2544 diem‘2
235 2519 243 2545 :
273 2519 292 2541 »
315 2501 451 2561 qnaeri
469 2510 626 2560 potest,
649 2510 795 2545 utrum
817 2517 929 2546 unus
953 2502 1109 2546 horum
1131 2503 1271 2548 faetus
1294 2505 1347 2548 sit
1365 2507 1418 2549 ad

81 2592 89 2609 ¹
112 2586 189 2618 Vide
206 2585 262 2618 lib.
283 2597 303 2618 x
322 2587 362 2620 dc
380 2587 474 2619 Civit.
493 2587 563 2626 Dei,
582 2597 652 2629 cap.
678 2587 695 2619 5
721 2593 754 2620 ct
770 2587 802 2620 6.
818 2605 857 2610 -—
873 2594 885 2610 ²
909 2596 927 2621 2
944 2590 1016 2622 Cor.
1038 2599 1082 2630 iv,
1107 2589 1155 2620 16.

193 2651 322 2681 CXLV.
1237 2646 1260 2682 3

1 2574 5 2635 l

2 2638 5 2708 Ι

2 2721 5 2806 l

3 2811 6 2870 l

4 2885 6 2930 ι
