1790 3187
304 198 355 223 DE
388 197 764 232 ntvEnsts‘QUAEsT.
801 198 949 225 oeroo.
985 199 1148 225 Tamus.
1339 186 1418 224 125

45 283 65 306 n
90 261 373 308 masculorum
408 261 726 316 concubitores,
752 277 895 322 neque
917 261 1053 317 fures,
1097 277 1237 321 neque
1273 262 1417 314 avari,

50 355 63 375 ι»
90 348 229 394 neque
250 332 426 386 ebriosi,
454 348 594 392 neque
618 331 838 387 maledici,
861 349 1002 393 neque
1031 348 1204 392 rapaces
1237 347 1421 391 regnum

50 426 62 446 n
92 406 163 451 Dei
187 403 509 464 possidebunt¹.
550 406 606 447 Et
636 404 729 447 haec
764 404 940 463 quidem
978 404 1138 457 fuistis,
1177 402 1251 447 sed
1286 402 1422 447 abluti

47 498 63 517 ι»
88 476 205 530 estis,
225 474 298 519 sed
322 475 575 519 sanctificati
594 475 708 529 estis,
725 475 798 519 sed
810 476 1034 535 justificati
1057 475 1156 519 estis
1177 475 1222 518 in
1245 474 1422 518 nomine

45 566 63 590 »
84 546 255 591 Domini
271 545 404 589 nostri
419 548 519 589 Jesu
533 546 708 602 Christi,
725 555 768 589 et
784 545 829 588 in
843 546 994 605 spiritu
1011 546 1087 591 Dei
1104 546 1251 590 nostri.
1275 563 1293 586 »
1312 544 1422 598 Qui-

41 619 121 663 bus
154 617 371 662 sententiis
405 615 747 660 manifestissime
778 618 932 672 docet,
969 633 1056 661 non
1097 633 1168 661 eos
1204 617 1423 676 praeterito

41 689 156 733 bono
183 703 311 747 opere
334 686 387 731 ad
418 687 515 731 fidei
534 677 887 747 justificationem
908 689 1172 747 pervenisse,
1198 702 1278 731 nec
1297 686 1425 730 meri-

43 760 92 805 tis
109 774 258 804 eorum
276 759 398 802 istam
424 760 600 817 gratiam
622 759 783 813 datam,
798 759 974 820 quando
988 759 1107 813 dicit,
1128 778 1143 798 «
1164 759 1424 818 Ethaecqui-

44 850 63 872 »
88 832 185 875 dem
204 829 355 874 fuistis.
386 849 404 870 η
434 830 517 874 Sed
537 845 636 873 cum
661 829 780 884 dicit,
811 849 829 871 «
854 831 938 883 Qui
958 830 1056 873 talia
1071 839 1222 888 agunt,
1242 843 1424 887 regnum

46 921 65 943 »
90 903 166 946 Dei
184 917 270 946 non
293 901 572 961 possidebunt
608 920 616 945 :
648 920 666 942 n
687 901 785 944 satis
810 900 1019 954 ostendit,
1040 901 1129 959 jam
1154 916 1205 944 ex
1228 915 1317 960 quo
1332 915 1425 944 cre-

40 971 256 1025 diderunt,
282 972 394 1017 bene
417 972 583 1032 operari
603 972 775 1016 debere.
801 973 931 1024 Quod
953 981 996 1015 et
1021 972 1211 1015 Jacobus
1228 971 1359 1027 dicit,
1383 979 1428 1014 et

41 1043 186 1087 multis
207 1043 385 1088 omnino
403 1043 507 1087 iocis
529 1042 643 1087 idem
659 1042 878 1102 apostolus
895 1042 1055 1086 Paulus
1071 1043 1169 1086 satis
1191 1051 1427 1102 aperteque

43 1115 260 1176 praedicat,
287 1125 401 1159 recte
419 1115 654 1160 vivendum
685 1115 888 1160 omnibus
919 1115 994 1174 qui
1017 1115 1060 1158 in
1084 1115 1257 1159 Christo
1284 1115 1427 1158 credi-

42 1185 225 1241 derunt,
256 1201 310 1230 ne
333 1186 386 1230 ad
412 1202 563 1246 poenas
596 1187 863 1245 perveniant.
891 1184 1022 1238 Quod
1046 1195 1089 1229 et
1110 1186 1200 1245 ipse
1217 1185 1429 1229 Dominus

41 1266 295 1311 commorat,
317 1257 485 1311 dicens,
516 1277 535 1299 «
560 1260 656 1302 Non
680 1257 819 1301 omnis
841 1257 916 1315 qui
936 1256 1041 1300 dicit
1056 1256 1189 1311 mihi,
1218 1256 1398 1300 Domine
1414 1291 1425 1312 ,

45 1347 65 1370 »
91 1329 290 1383 Domine,
313 1328 551 1372 intrabitin
575 1343 754 1386 regnum
780 1327 1014 1384 coelorum,
1038 1328 1113 1371 sed
1133 1329 1209 1386 qui
1232 1325 1334 1371 facit
1355 1343 1430 1370 vo-

44 1417 64 1440 »
89 1398 303 1443 luntatem
338 1400 472 1443 Patris
497 1400 597 1454 mei,
623 1400 696 1459 qui
728 1399 772 1442 in
795 1399 915 1443 coelis
935 1408 1022 1452 est,
1059 1397 1148 1456 ipse
1178 1398 1362 1441 intrabit
1384 1398 1428 1440 in

45 1488 64 1512 »
90 1486 273 1529 regnum
296 1470 534 1515 coelorum2
554 1490 563 1515 z
593 1489 611 1512 »
638 1473 695 1514 Et
717 1469 818 1513 alibi
842 1490 850 1514 ;
880 1490 898 1512 «
924 1472 981 1514 Ut
1011 1468 1118 1530 quid
1141 1468 1281 1513 dicitis
1303 1470 1426 1523 mihi,

45 1560 65 1583 »
88 1543 271 1587 Domine
286 1578 296 1597 ,
319 1543 527 1596 Domine,
557 1553 600 1586 et
622 1558 710 1587 non
733 1540 870 1586 facitis
899 1557 998 1601 quae
1022 1541 1119 1586 dico
1142 1541 1292 1586 vobis?
1312 1560 1332 1582 >›
1355 1543 1427 1596 Et,

47 1633 63 1654 «
90 1614 236 1658 Omnis
261 1615 335 1674 qui
363 1614 484 1658 audit
507 1615 639 1658 verba
668 1630 763 1658 mea
787 1615 897 1669 haec,
937 1624 980 1658 et
1002 1613 1105 1658 facit
1122 1629 1197 1668 ea,
1231 1613 1431 1658 similabo

47 1702 66 1726 »
89 1700 188 1729 eum
220 1685 313 1730 viro
339 1683 560 1744 prudenti,
587 1685 663 1745 qui
686 1684 915 1729 aedificavit
943 1683 1123 1728 domum
1147 1700 1268 1728 suam
1301 1699 1432 1743 supra

49 1773 66 1796 »
92 1765 273 1815 petram,
299 1765 382 1800 ete.
404 1759 459 1800 Et
483 1756 558 1816 qui
585 1757 706 1800 audit
734 1756 866 1800 verba
890 1771 983 1799 mea
1004 1756 1124 1808 haec,
1147 1764 1189 1799 et
1207 1771 1295 1800 non
1327 1754 1433 1799 facit

46 1845 66 1867 »
92 1843 164 1880 ea,
200 1827 396 1871 similabo
432 1842 532 1871 eum
565 1827 656 1871 viro
690 1826 850 1882 stulto,
887 1827 961 1887 qui
996 1826 1227 1871 aedificavit
1251 1826 1432 1871 domum

49 1916 68 1938 »
94 1913 215 1942 suam
250 1913 379 1957 super
402 1914 574 1942 arenam
589 1901 620 1953 ³³,
653 1918 671 1939 »
694 1908 776 1942 etc.
813 1900 1089 1957 Quapropter
1116 1913 1205 1941 non
1228 1907 1329 1941 sunt
1352 1897 1433 1941 sibi

44 1969 268 2012 contrariae
298 1969 487 2013 duorum
510 1969 817 2028 Apostolorum
849 1969 1097 2023 sententiae,
1135 1967 1256 2012 Pauli
1285 1978 1328 2012 et
1359 1971 1433 2012 Ja-

46 2039 162 2092 cobi,
187 2055 287 2084 eum
313 2040 416 2084 dicit·
446 2056 557 2084 unus
581 2040 804 2100 justificari
835 2041 1057 2084 hominem
1087 2055 1161 2099 per
1183 2038 1314 2083 fidem
1342 2040 1433 2083 sine

27 2111 263 2170 operibus,
288 2121 330 2155 et
353 2111 461 2155 alius
483 2111 587 2156 dicit
610 2112 782 2156 inanem
813 2128 902 2156 csse
931 2111 1060 2155 fidem
1082 2112 1172 2155 sine
1195 2112 1398 2171 operibus
1423 2131 1429 2153 :

51 2181 148 2240 quia
160 2180 233 2225 ille
247 2181 352 2226 dicit
370 2182 424 2226 de
441 2183 644 2241 operibus
661 2199 757 2242 quae
776 2182 905 2226 fidem
929 2181 1198 2242 praecedunt,
1221 2182 1298 2225 iste
1313 2181 1367 2224 de
1385 2182 1433 2224 iis

52 2268 148 2312 quae
176 2253 306 2296 fidem
344 2264 588 2313 sequuntur
624 2274 632 2298 z
661 2255 772 2298 sicut
810 2256 937 2299 etiam
972 2255 1062 2313 ipse
1095 2253 1256 2297 Paulus
1279 2252 1428 2296 multis

49 2322 150 2368 loeis
171 2322 374 2368 ostendit.

107 2398 302 2448 Qrffisno
324 2398 545 2440 LXXVII.
571 2424 624 2430 -—
648 2397 799 2441 Omnis
822 2397 1114 2456 perturbatio,
1142 2397 1279 2455 passio
1306 2416 1314 2440 ;
1340 2411 1434 2439 om-

101 2501 106 2516 ¹
134 2510 144 2528 ι
178 2502 246 2531 sor.
277 2512 321 2540 vi,
345 2513 366 2543 ς)
395 2505 426 2532 ct
443 2511 530 2543 seqq.
550 2517 589 2523 -—
607 2507 619 2522 2
639 2500 753 2532 Matth.
776 2512 828 2537 vn,
851 2510 904 2540 21,
925 2505 958 2532 et
978 2502 1051 2532 Luc.
1072 2511 1114 2540 vi,
1145 2500 1197 2540 ,46-
1219 2517 1259 2522 —-
1278 2499 1290 2521 3
1322 2499 1436 2531 Matth„

55 2564 108 2592 vn,
134 2555 168 2596 24'
189 2559 221 2587 ct
240 2567 316 2600 seqq

33 2587 38 2726 ³

35 2735 42 3005 ἱ,

38 3022 45 3187 i
