1790 3187
184 213 236 239 οε
269 211 457 238 mviznsrs
490 210 647 245 QUJEsT.
686 207 741 236 An
773 211 1034 238 SIMPLlclAN.
1071 211 1153 237 ιιι),
1191 212 1237 236 11.
1335 201 1413 238 211

37 279 138 332 rint,
150 293 236 322 non
252 277 437 321 docendi
451 276 582 333 magis
597 290 727 334 quam
745 275 989 334 decipiendi
1002 278 1087 327 fine
1102 276 1416 335 praenuntiant.

37 352 93 394 Et
124 348 235 392 forte
258 348 342 391 hoc
372 345 575 405 estquod
598 361 698 390 cum
728 345 800 390 illa
827 347 969 406 imago
1002 346 1210 392 Samuelis
1246 347 1419 391 Saiilem

38 418 286 480 praediceret
323 418 582 486 moriturum
614 420 659 473 ¹,
691 418 800 462 dixit
832 419 962 462 ctiam
997 434 1142 463 secum
1182 417 1382 462 futurum
1409 437 1418 462 :

37 488 155 552 quod
190 489 342 549 utique
372 487 528 532 falsum
554 497 632 532 est.
664 491 825 546 Magno
857 490 1020 549 quippe
1057 489 1287 533 intervallo
1326 498 1424 548 post

37 570 218 606 mortem
235 560 421 619 separari
441 561 576 604 bonos
599 577 621 604 a
647 560 771 603 malis
788 560 832 603 in
854 561 1090 620 Evangelio
1112 561 1422 620 legimus,cum

38 631 244 677 Dominus
274 632 387 675 inter
407 632 642 690 superbum
667 630 791 674 illum
815 632 994 675 divitem
1017 636 1049 687 ²,
1075 648 1171 676 cum
1189 634 1278 691 jam
1303 631 1422 690 apud

37 700 196 746 inferos
219 711 433 746 tormenta
459 711 679 761 pateretur
695 736 706 756 ,
729 710 772 745 et
806 701 930 745 illum
955 702 1030 761 qui
1061 702 1115 746 ad
1135 703 1225 762 ejus
1243 703 1424 762 januam

38 771 255 817 ulcerosus
271 774 442 832 jacebat
463 808 473 828 ,
505 774 595 833 jam
626 772 670 815 in
704 774 853 832 requie
873 775 1182 827 constitutum,
1212 787 1422 831 magnum

37 843 164 888 chaos
185 844 459 902 interjectum
486 858 575 886 esse
598 852 793 886 testatur.
821 846 910 887 Aut
940 842 973 886 si
996 851 1223 901 propterea
1250 841 1422 886 Samuel

39 913 151 959 Saiili
176 913 328 969 dixit,«
352 917 525 958 Mecum
545 914 642 967 eris,
673 932 693 954 »
716 923 766 957 ut
783 929 872 957 non
895 914 949 957 ad
973 913 1270 973 aequalitatem
1288 911 1426 956 fclici-

37 984 132 1028 tatis
151 1019 161 1038 ,
189 985 264 1028 sed
296 984 350 1028 ad
377 1000 523 1044 parem
547 985 844 1029 conditionem
877 985 1028 1029 mortis
1052 985 1280 1039 rcferatur,
1306 983 1427 1044 quod

37 1063 218 1113 uterque
247 1055 378 1098 homo
399 1054 533 1099 fucrit
552 1090 562 1110 ,
588 1065 631 1099 et
658 1064 843 1114 uterque
867 1056 977 1100 mori
1008 1057 1222 1116 potuerit,
1245 1057 1426 1116 jamque

39 1134 231 1169 mortuus
252 1135 437 1169 mortem
467 1126 566 1171 vivo
589 1126 939 1185 prsenuntiabat3
967 1127 1184 1187 perspicit,
1211 1137 1427 1187 quantum

38 1196 188 1256 opinor
209 1231 220 1251 ,
243 1196 474 1255 prudentia
498 1206 570 1240 tua
588 1231 599 1251 ,
624 1196 865 1241 secundum
885 1208 1124 1257 utrumque
1153 1197 1426 1242 intellectum

38 1267 195 1311 habere
212 1268 372 1311 exitum
396 1267 514 1311 illam
543 1267 774 1312 lectionem
796 1269 872 1328 qui
894 1285 982 1313 non
1011 1270 1065 1313 sit
1086 1278 1237 1313 contra
1254 1270 1384 1313 fidem
1412 1288 1421 1314 ε

37 1337 115 1382 nisi
137 1338 247 1382 torte
264 1338 547 1397 profundiore
570 1348 612 1382 et
629 1339 898 1398 perplexiore
914 1340 1212 1400 inquisitione,
1233 1356 1332 1398 quae
1358 1339 1428 1384 vel

38 1408 190 1453 virium
210 1424 404 1453 mearum
423 1409 492 1453 vel
511 1410 715 1468 temporis
733 1409 903 1454 excedit
929 1412 1162 1469 angustias,
1178 1411 1430 1455 inveniatur

37 1478 90 1525 ad
108 1479 340 1540 liquidum,
364 1481 433 1524 vel
456 1497 578 1540 posse
601 1481 667 1525 vel
694 1497 781 1525 nou
806 1497 927 1540 posse
956 1482 1144 1525 animam
1167 1482 1424 1535 humanam,

39 1566 134 1596 cum
153 1567 203 1595 ex
221 1552 301 1596 hac
316 1553 404 1596 vita
420 1553 712 1611 emigraverit,
732 1553 908 1612 magicis
921 1553 1186 1597 carminibus
1204 1564 1427 1597 evocatam

39 1621 232 1666 vivorum
247 1638 453 1682 apparere
471 1623 792 1682 conspectibus,
804 1623 932 1667 etiam
947 1624 1154 1683 corporis,
1166 1624 1428 1668 lineamenta

39 1702 271 1751 gestantem
291 1729 301 1749 ,
331 1704 380 1738 ut
410 1710 498 1738 non
521 1694 659 1738 solum
689 1695 826 1738 videri
856 1694 1018 1750 valeat,
1055 1695 1130 1739 sed
1155 1705 1197 1739 et
1235 1696 1422 1753 agnosci.

38 1765 92 1808 Et
113 1765 144 1807 si
164 1773 319 1822 potest,
342 1774 489 1808 utrum
506 1765 747 1824 etiamjusti
765 1765 922 1820 anima,
936 1782 1025 1809 non
1041 1766 1220 1825 quidem
1244 1775 1427 1824 cogatur

39 1834 212 1893 magicis
232 1835 375 1890 sacris,
392 1834 467 1879 sed
489 1835 694 1894 dignetur
711 1835 879 1879 ostendi
899 1836 1210 1880 occultioribus
1235 1836 1425 1896 imperiis

39 1919 218 1950 summ‘e
239 1905 344 1963 legis
364 1906 690 1964 obtemperans:
709 1915 759 1949 ut
775 1906 808 1948 si
827 1906 917 1949 fieri
934 1922 1022 1950 non
1046 1922 1168 1966 posse
1191 1906 1420 1961 claruerit,

40 1991 125 2020 non
156 1985 340 2036 uterque
362 1991 510 2020 sensus
532 1975 577 2019 in
600 1976 727 2035 hujus
754 1976 988 2035 Scripturae
1013 1978 1269 2046 tractatione
1290 1987 1422 2038 atque

40 2047 300 2104 expositione
319 2046 588 2099 admittatur,
610 2045 683 2089 sed
706 2045 783 2089 illo
805 2046 993 2101 excluso,
1015 2048 1265 2107 imaginaria
1288 2048 1422 2092 simu-

41 2115 142 2161 latio
164 2118 372 2162 Samuelis
401 2117 618 2162 diabolico
646 2117 732 2160 ritu
754 2116 867 2161 faeta
896 2117 1178 2178 intelligatur.
1203 2119 1286 2164 Sed
1307 2135 1420 2178 quo-

42 2187 170 2243 niam,
191 2188 401 2232 siveillud
419 2189 508 2232 ficri
530 2188 678 2247 possit,
693 2188 781 2231 sive
798 2203 886 2231 non
907 2189 1054 2247 possit,
1080 2199 1225 2233 tamen
1247 2189 1419 2233 fallacia

45 2260 208 2304 Satanae
229 2270 360 2320 atque
396 2260 634 2318 imaginum
661 2257 1004 2303 simulandarum
1042 2259 1197 2304 callida
1225 2261 1420 2319 operatio

42 2328 302 2389 decipiendis
332 2331 532 2374 humanis
568 2329 761 2373 sensibus
794 2328 1072 2373 multiformis
1100 2329 1316 2388 invigilat,
1343 2346 1421 2390 pe-

44 2399 246 2445 detentim
265 2402 460 2462 quidem,
486 2416 541 2444 ne
560 2401 914 2459 inquisitionibus
936 2400 1282 2458 diligentioribus
1307 2417 1419 2461 prae-

45 2471 275 2516 scribamus
295 2506 306 2526 ‚
337 2471 411 2516 sed
452 2480 595 2515 tamen
634 2471 780 2530 potius
807 2471 1097 2516 existimemus
1136 2470 1223 2516 tale
1254 2471 1421 2532 aliquid

95 2560 106 2578 ¹
130 2565 141 2587 ι
161 2557 240 2598 Reg.
260 2566 376 2594 xxvnr,
402 2565 452 2598 ¹9·
466 2571 506 2578 ——
519 2561 532 2577 ²
552 2556 629 2587 Luc.
649 2565 716 2594 xvi,
738 2554 791 2586 26:

1147 2606 1206 2645 lt.
