1790 3187
0 2439 1 2446 ι

0 2578 1 2597 l

0 2599 1 2611 ι

0 2818 2 2827 ι

0 2833 3 2868 l

1 2882 3 2935 ἑ

0 2972 3 2984 ι

0 3011 3 3021 Ι

2 3081 5 3107 Ι

302 201 353 228 1)ss
387 199 574 229 nivssnffls
606 201 763 237 Q1AEST.
801 200 950 230 oe‘roc.
987 205 1149 230 TRlBUs.
1365 197 1413 232 81

37 268 159 311 berat
170 281 193 310 a
206 265 300 325 lege
320 267 486 326 peccati
508 275 551 311 et
563 267 727 311 mortis¹
737 301 747 321 ‚
762 265 864 311 facit
877 277 927 312 ut
940 283 1030 313 non
1043 269 1416 329 concupiscamus,

37 346 80 381 et
99 335 478 397 impleamusjussa
499 336 623 395 legis,
650 352 736 381 non
755 338 843 396 jam
861 339 969 382 servi
990 337 1091 396 legis
1108 354 1186 398 per
1206 340 1420 394 timorem,

36 407 109 451 sed
142 407 267 452 amici
290 423 366 467 per
388 408 663 462 charitatem,
690 417 731 452 et
759 409 868 452 servi
893 409 1073 469 justitiae
1105 409 1223 455 unde
1251 411 1322 454 illa
1354 410 1420 455 lex

38 478 307 537 promulgata
325 487 402 523 est.
429 479 615 523 Justitiae
637 488 780 524 autem
798 495 885 524 non
899 480 1126 536 serviliter,
1147 482 1221 526 sed
1239 481 1424 526 liberali-

37 557 100 592 ter
120 548 394 593 serviendum
411 558 489 604 est,
515 549 559 593 id
576 558 654 604 est,
681 550 890 595 charitate
912 552 1074 610 potius,
1099 567 1228 611 quarn
1251 553 1419 598 timore.

39 619 227 679 {deoque
242 619 455 663 verissime
473 618 640 664 dictum
657 628 736 674 est,
753 639 771 662 «
785 623 943 679 Legem
957 637 1060 680 ergo
1072 637 1331 667 evacuamus
1351 639 1426 682 per

37 706 58 731 »
83 689 213 733 fldem
226 691 244 733 P
255 689 379 734 Absit
390 691 406 714 ²
423 708 464 735 2»
477 690 552 734 sed
569 689 710 749 legem
726 691 970 735 statuimus.
989 694 1083 736 Hoc
1095 692 1210 736 enim
1226 694 1358 738 efficit
1376 695 1424 737 fi-

35 759 126 815 des,
151 763 270 820 quod
302 759 369 805 lex
390 760 531 821 jubet.
566 761 782 806 Statuitur
816 776 916 820 ergo
943 761 1011 806 lex
1043 778 1119 822 per
1140 764 1272 808 fidem
1301 781 1428 825 :quae

36 830 142 875 fides
158 831 190 875 si
214 847 302 877 non
323 831 392 887 sit,
412 831 539 891 jubet
558 839 731 875 tantum
754 830 838 886 lex,
865 841 907 876 et
930 848 1018 877 non
1040 833 1270 892 implentes
1288 835 1425 894 jussa,

37 915 126 945 reos
156 909 296 956 tenet,
323 910 372 945 ut
395 916 466 946 eos
488 911 708 959 gementes
735 909 778 945 et
801 917 888 946 non
907 901 1098 947 valentes
1121 903 1301 963 implere
1330 921 1429 964 quae

29 971 146 1029 jussa
167 980 284 1027 sunt,
312 970 366 1016 ad
380 971 559 1029 gratiam
583 971 823 1015 liberatoris
841 970 1078 1032 aliquando
1094 984 1335 1019 convertat.

95 1043 154 1085 2⁰.
182 1043 293 1087 Cum
316 1057 418 1101 ergo
436 1043 516 1086 tria
530 1042 730 1103 quaedam
747 1042 793 1086 in
811 1042 884 1086 illa
905 1042 1187 1088 similitudine
1204 1046 1429 1091 videamus

35 1111 259 1156 mulierem
275 1147 286 1168 ‚
324 1113 465 1157 virum
495 1122 538 1157 et
569 1112 735 1172 legem3
760 1121 803 1157 et
825 1128 997 1157 rursum
1020 1114 1064 1157 in
1080 1115 1162 1159 hac
1183 1131 1228 1159 re
1250 1127 1426 1176 propter

35 1197 165 1242 quam
190 1182 430 1228 similitudo
460 1182 656 1228 adhibita
679 1191 766 1239 est,
794 1183 895 1238 tria,
934 1184 1146 1239 animam,
1171 1196 1398 1244 peccatum
1416 1223 1427 1243 ,

34 1261 76 1298 et
100 1253 239 1314 legem
262 1255 428 1314 peccati
451 1274 460 1299 :
485 1255 570 1300 hoc
603 1254 742 1299 solum
777 1254 846 1298 hic
878 1253 1096 1299 diversum
1122 1266 1200 1312 est,
1232 1257 1352 1317 quod
1382 1259 1426 1302 in

34 1323 107 1368 illa
130 1325 411 1370 similitudine
439 1327 502 1370 vir
522 1326 733 1380 moritur,
759 1333 807 1369 ut
836 1324 976 1368 nubat
998 1324 1154 1369 mulier
1181 1327 1251 1370 cui
1284 1328 1424 1384 volet,

34 1403 78 1438 et
101 1411 123 1438 a
146 1394 242 1455 lege
259 1396 337 1441 viri
361 1396 578 1441 solvatur:
600 1396 671 1439 hic
686 1404 831 1439 autem
847 1396 937 1454 ipsa
958 1394 1100 1439 anima
1123 1397 1308 1441 moritur
1330 1413 1428 1458 pec-

34 1474 146 1521 cato,
174 1475 223 1510 ut
241 1467 379 1511 nubat
400 1467 596 1525 Christo3
622 1482 722 1511 curn
752 1474 897 1510 autem
917 1466 1101 1510 moritur
1117 1478 1315 1526 peccato,
1336 1485 1426 1514 mo-

35 1536 142 1580 ritur
161 1536 290 1581 etiam
314 1537 396 1596 legi
416 1538 596 1597 peccati.
627 1556 646 1578 «
669 1540 845 1596 Itaque,
870 1536 945 1591 ait,
972 1536 1125 1581 fratres
1149 1539 1255 1593 mei,
1285 1549 1327 1584 et
1349 1556 1425 1585 vos

37 1626 58 1649 »
80 1608 240 1653 mortui
257 1608 356 1654 estis
372 1609 455 1668 legi
477 1624 554 1669 per
576 1624 732 1668 corpus
749 1609 946 1664 Christi³‚
964 1617 1015 1652 ut
1036 1609 1126 1653 sitis
1148 1609 1325 1656 alterius
1348 1614 1424 1672 qui

37 1696 58 1720 »
83 1693 133 1723 ex
154 1680 336 1724 mortuis
360 1681 606 1735 resurrexit,
634 1689 681 1723 ut
706 1678 1018 1724 fructificemus
1039 1682 1144 1724 Deo.
1171 1683 1282 1726 Cum
1308 1684 1423 1728 enim

37 1767 57 1791 ι)
83 1765 268 1794 essemus
284 1751 329 1795 in
349 1765 492 1805 carne,
524 1769 541 1791 n
562 1750 722 1810 inquit,
748 1749 791 1793 id
815 1759 898 1805 est,
926 1749 1172 1795 carnalibus
1203 1751 1425 1799 deside-riis

34 1820 230 1866 obstricti
242 1830 505 1876 teneremur,
522 1820 769 1881 «passiones
787 1829 1066 1879 peccatorum
1081 1837 1180 1881 quae
1191 1838 1269 1882 per
1281 1824 1424 1884 legem

37 1908 57 1932 ι)
83 1900 199 1946 sunt,
231 1892 522 1950 operabantur
545 1892 591 1934 in
614 1890 817 1934 membris
839 1890 1015 1945 nostris,
1047 1901 1097 1935 ut
1118 1890 1311 1937 fructum
1334 1895 1424 1939 fer-

36 1979 58 2001 »
83 1970 179 2005 rent
201 1961 344 2005 morti.
370 1980 390 2002 »
417 1964 553 2006 Aucta
574 1961 941 2020 concupiscentia,
963 1976 1095 2021 quam
1110 1961 1177 2006 lex
1200 1964 1418 2023 prohibet,

37 2032 111 2075 ubi
133 2048 222 2077 non
244 2041 334 2077 erat
351 2031 477 2088 fides,
511 2041 552 2076 et
575 2032 629 2076 ad
653 2031 880 2076 cumulum
909 2041 1187 2091 peccatorum
1216 2038 1422 2094 praevari—

37 2103 213 2148 cationis
235 2104 398 2148 crimen
421 2112 482 2147 est
507 2104 720 2164 adjectum
745 2122 753 2147 :
781 2103 881 2162 quia
913 2102 990 2146 ubi
1019 2118 1109 2148 non
1142 2113 1205 2149 est
1225 2104 1314 2162 lex,
1341 2124 1421 2155 nec

37 2174 368 2233 praevaricatio⁴.
396 2177 481 2219 Has
504 2174 610 2218 dicit
634 2173 851 2234 passiones
868 2209 878 2228 ,
905 2190 1005 2234 quae
1024 2190 1102 2235 per
1124 2175 1265 2235 legem
1291 2189 1418 2236 sunt,

37 2254 230 2304 operatas
250 2245 296 2289 in
325 2244 529 2289 membris
555 2245 736 2300 nostris,
768 2254 816 2288 ut
849 2244 1042 2289 fructum
1074 2246 1241 2291 ferrent
1274 2252 1417 2295 morti.

40 2316 128 2361 Sub
162 2316 250 2361 istis
294 2316 584 2376 passionibus,
630 2326 836 2376 tanquam
881 2316 963 2360 suh
1000 2317 1093 2360 viro
1135 2316 1389 2365 dominante
1408 2357 1420 2377 ‚

0 2407 1 2426 ι
39 2386 190 2446 agebat
219 2387 376 2452 anima·
402 2396 634 2447 antequam
666 2386 835 2430 veniret
875 2386 1010 2445 gratia
1044 2401 1120 2446 per
1157 2387 1306 2433 fidem.
1349 2393 1423 2437 His

40 2471 138 2516 ergo
159 2457 429 2517 passionibus
451 2458 651 2512 moritur,
677 2458 751 2518 qui
773 2458 862 2517 jam
893 2456 1023 2501 servit
1050 2465 1198 2501 mente
1219 2457 1300 2517 legi
1321 2463 1421 2522 Dei;

89 2549 95 2565 ¹
117 2545 207 2576 Rom.
228 2553 295 2583 vni,
315 2552 347 2575 ¹2.
363 2559 404 2566 -
419 2544 496 2576 1Ιά,
517 2555 563 2584 ιιι,
585 2542 637 2575 31.
655 2540 724 2566 —3
744 2542 791 2574 Id.
812 2552 870 2583 νυ,
888 2540 905 2583 4
924 2545 958 2574 et
976 2540 1008 2573 5.
1025 2557 1067 2565 --
1082 2539 1173 2575 41d.
1196 2554 1243 2585 iv,
1267 2546 1318 2578 15.

229 2607 358 2637 cxlx.
1186 2599 1210 2635 6
