1790 3187
0 2582 6 2787 ἰ
38 2706 40 2709 ,

3 2789 8 2974 ι

7 3085 12 3187 l

316 225 368 252 DE
400 223 588 252 mvnsls
621 223 778 260 QUAEST.
816 224 966 252 oc‘roo.
1003 224 1167 251 ninus.
1381 215 1433 252 27

51 290 291 336 veritatem.
316 290 456 339 Quare
474 286 826 345 cognoscendum
845 297 908 331 est
928 296 971 332 et
992 286 1099 346 quid
1119 287 1173 331 sit
1195 291 1324 333 Petro
1341 288 1436 334 dic-

54 370 170 413 tum,
192 376 213 400 «
238 359 378 402 Macta
397 365 440 400 et
460 355 700 401 manduea¹
726 375 734 401 2
763 375 783 398 »
809 366 852 401 et
870 357 976 417 quid
994 357 1036 400 in
1060 357 1312 416 Evangelio,
1337 378 1359 401 «
1383 362 1440 404 Et

57 449 77 472 »
103 429 191 476 vita
209 437 300 472 erat
321 426 397 476 lux
413 428 682 472 hominum2.
707 446 726 468 »
1416 430 1422 433 “

109 502 311 554 Quffisno
344 500 436 542 XL.
470 524 527 530 -—
555 499 621 542 Ex
655 496 833 542 diversis
868 497 966 542 visis
999 497 1192 541 diversus
1222 498 1440 558 appetitus

52 571 292 616 animarum
321 577 407 624 est,
439 583 492 613 ex
526 568 696 613 diverso
730 568 927 628 appetitu
959 567 1152 612 diversus
1174 568 1441 627 adipiscendi

51 655 292 694 successuS‚
317 647 360 684 et
382 638 551 683 diverso
568 653 765 683 successu
789 638 957 683 diversa
981 638 1278 696 consuetudo,
1302 655 1352 683 ex
1374 639 1442 683 di-

51 725 169 756 versa
197 707 513 754 consuetudine
547 708 714 752 diversa
745 716 808 752 est
839 707 1055 753 voluntas.
1090 710 1262 753 Diversa
1296 718 1442 754 autem

50 780 137 826 visa
159 781 266 826 ordo
288 795 431 824 rerum
460 778 564 824 facit
584 798 592 824 z
618 779 816 824 occultus
839 779 1019 839 quidem
1037 814 1047 834 ‚
1084 780 1161 825 sed
1182 781 1264 824 sub
1297 781 1444 825 divina

51 850 320 910 providentia
348 859 491 895 certus
512 859 672 894 tamen.
708 853 806 896 Non
828 850 976 910 itaque
1008 850 1067 894 ob
1090 850 1173 895 hoc
1195 850 1445 909 putandum

50 930 114 966 est
147 921 333 965 diversas
369 935 458 964 esse
487 929 664 964 naturas
704 921 971 976 animarum,
1000 920 1103 980 quia
1132 919 1314 964 diversae
1342 928 1447 965 sunt

49 992 297 1038 voluntates
323 1011 331 1037 :
359 1007 459 1037 eum
478 992 607 1036 etiam
631 992 759 1036 unius
781 992 938 1036 animae
955 990 1158 1036 voluntas
1180 1007 1259 1050 pro
1272 1000 1444 1051 tempo-

50 1078 146 1107 rum
180 1061 425 1107 diversitate
456 1062 662 1107 varietur.
693 1064 734 1108 Si
758 1062 935 1122 quidem
973 1062 1056 1106 alio
1088 1071 1286 1122 tempore
1325 1063 1446 1107 dives

50 1149 138 1179 esse
165 1134 307 1193 cupit,
344 1133 428 1179 alio
457 1143 651 1194 tempore
680 1134 942 1194 contemptis
967 1133 1127 1186 divitiis
1160 1134 1329 1193 sapiens
1358 1149 1448 1178 esse

51 1203 264 1248 desiderat
286 1223 294 1249 ε
321 1213 363 1249 et
386 1205 431 1248 in
452 1205 545 1263 ipso
578 1203 886 1263 temporalium
915 1205 1112 1264 appetitu
1135 1203 1220 1248 alio
1248 1213 1444 1262 tempore

56 1275 133 1318 uni
155 1275 320 1319 homini
363 1275 622 1333 negotiatio,
663 1284 705 1318 et
741 1275 824 1318 alio
867 1283 1063 1333 ternpore
1101 1274 1249 1317 militia
1285 1274 1440 1332 placet.

113 1347 310 1398 QUAEsno
352 1347 469 1389 XLI.
494 1372 549 1377 ——
572 1345 684 1398 Quia
724 1360 813 1389 non
849 1355 987 1388 essent
1024 1343 1196 1397 omnia,
1235 1344 1270 1386 si
1307 1352 1447 1388 essent

54 1416 239 1475 aequalia
266 1434 276 1460 ;
303 1430 392 1460 non
418 1415 532 1458 enim
560 1424 701 1459 essent
723 1414 862 1459 multa
891 1428 1035 1457 rerum
1068 1426 1246 1471 genera,
1285 1414 1446 1473 quibus

55 1485 284 1530 conficitur
313 1485 591 1540 universitas,
625 1485 784 1543 primas
819 1494 862 1529 et
889 1483 1127 1539 secundas,
1165 1493 1208 1529 et
1244 1483 1450 1543 deinceps

56 1571 194 1616 usque
216 1555 271 1600 ad
294 1555 470 1600 ultimas
495 1555 714 1599 ordinatas
744 1556 909 1599 habens
932 1564 1150 1600 creaturas
1178 1574 1187 1600 :
1216 1564 1261 1600 et
1278 1556 1361 1600 hoc
1385 1564 1451 1599 est

56 1626 176 1687 quod
198 1625 374 1682 dicitur,
395 1625 557 1670 omnia.

113 1700 312 1751 Qcffisno
327 1700 468 1741 XLII.
496 1723 549 1728 -—
569 1695 801 1749 Quomodo
822 1695 1008 1741 verbum
1031 1695 1237 1751 hominis,
1263 1695 1385 1755 quod
1409 1705 1452 1740 et

56 1767 89 1812 si
112 1767 239 1812 multi
261 1767 469 1823 audiunt,
496 1777 640 1812 totum
664 1767 852 1812 audiunt
874 1767 1049 1824 singuli.

115 1840 313 1891 Qnffisno
334 1839 496 1881 XLIII,
516 1838 700 1890 ——Quia
726 1837 799 1881 ille
829 1837 976 1890 venit,
1018 1846 1067 1880 ut
1102 1835 1349 1895 exemplum
1385 1837 1453 1882 vi·-

56 1907 185 1954 vendi
217 1908 534 1952 demonstraret
566 1907 818 1952 hominibus
838 1927 848 1964 3
872 1907 972 1961 iste,
1008 1916 1058 1951 ut
1086 1905 1251 1951 donum
1283 1908 1450 1966 ipsum,

56 1993 145 2039 quo
191 1978 302 2022 bene
340 1977 526 2023 vivendo
578 1978 852 2037 pervenitur,
897 1977 1159 2036 significaret
1175 2012 1186 2032 ,
1230 1978 1447 2037 apparuit.

59 2051 302 2108 Utrumque
326 2058 472 2093 autern
498 2048 725 2094 visibiliter
752 2048 920 2094 factum
951 2059 1015 2093 est
1044 2058 1221 2108 propter
1239 2048 1449 2104 carnales,

58 2120 112 2164 ab
136 2120 185 2164 iis
205 2136 304 2180 quae
326 2120 462 2165 oculis
486 2121 703 2179 corporeis
737 2128 1004 2174 cernuntur,
1032 2120 1086 2164 ad
1110 2135 1159 2164 ea
1183 2136 1282 2181 quae
1306 2129 1454 2165 mente

58 2190 380 2248 intelliguntur,
418 2199 787 2235 sacramentorum
810 2226 820 2246 ,
855 2190 1061 2249 gradibus
1112 2190 1449 2236 transferendos.

58 2263 167 2308 Nam
189 2271 231 2305 et
246 2262 375 2306 verba
395 2272 551 2307 sonant
568 2272 610 2307 et
635 2272 886 2320 transeunt,
907 2278 987 2306 nec
1013 2272 1155 2307 tamen
1172 2279 1217 2307 ea
1241 2278 1342 2322 quae
1363 2278 1454 2306 ver-

61 2331 125 2376 bis
157 2333 477 2391 significantur,
511 2349 610 2377 eum
644 2334 810 2393 aliquid
841 2334 1039 2378 divinum
1076 2342 1208 2392 atque
1238 2342 1452 2377 aeternum

61 2402 280 2463 loquendo
311 2404 559 2463 exponitur,
598 2403 794 2448 similiter
815 2411 1058 2448 transeunt.

119 2476 316 2528 QUAEsTm
331 2477 489 2519 XLIV.
505 2502 563 2508 —
580 2475 690 2529 Quia
714 2491 843 2521 omne
866 2474 1099 2534 pulchrum
1119 2490 1141 2519 a
1164 2490 1332 2519 summa
1350 2474 1451 2534 pul-

114 2561 212 2592 ιΑεῑῖ.
232 2570 266 2600 x,
292 2560 342 2592 13.
362 2576 401 2582 -—
418 2566 429 2582 ²
449 2562 584 2599 Joan.1,
608 2560 658 2600 14.
