1790 3187
357 166 435 204 160
781 180 814 204 s.
853 176 1080 204 Arcus'mm
1115 178 1292 204 EPISCOPI

350 243 520 300 corpori
542 243 701 288 Christi
719 251 761 286 et
782 251 930 287 sancto
953 243 1028 287 Dei
1050 242 1215 301 templo
1240 243 1518 302 deputentur.
1549 262 1569 285 «
1599 246 1724 289 Tem-

353 331 374 354 »
399 312 522 372 plum
552 314 668 358 enim
700 313 776 358 Dei
811 323 1006 358 sanctum
1034 323 1123 369 est,
1153 313 1295 373 inquit
1320 313 1576 372 Apostolus,
1610 316 1727 374 quod
1766 319 1769 369 ἶ

353 401 373 424 »
399 383 498 428 estis
515 399 590 428 vos
606 386 636 428 ¹.
666 402 685 424 »
707 386 763 428 Et
784 383 872 443 ipse
890 384 1119 439 Dominus,
1149 403 1168 426 «
1191 384 1278 429 Nisi
1297 384 1391 443 quis
1406 394 1580 429 renatus
1597 385 1745 431 fuerit*

353 472 373 495 »
399 470 451 498 ex
469 467 580 515 aqua
598 463 641 499 et
665 454 824 513 Spiritu
847 464 995 500 sancto
1012 490 1022 510 ,
1046 470 1135 499 non
1161 454 1340 498 intrabit
1359 455 1405 498 in
1426 470 1608 514 regnum
1635 471 1727 500 coe-

353 543 372 565 »
399 524 582 569 lorum‘2.
612 543 631 565 »
659 524 793 568 Fiunt
814 539 914 582 ergo
936 525 1231 570 inchoationes
1252 525 1453 588 quaedam
1471 525 1595 580 fidei,
1622 541 1723 570 con·
1762 578 1764 585 .

348 596 622 655 ceptionibus
644 594 802 640 similes
822 615 830 641 :
856 612 945 641 non
963 604 1108 640 tamen
1131 595 1269 640 solum
1289 596 1481 655 concipi,
1505 596 1579 640 sed
1601 597 1728 642 etiam

350 667 464 711 nasci
497 682 606 726 opus
633 675 719 722 est,
743 676 793 711 ut
818 667 872 711 ad
901 667 1033 711 vitam
1062 667 1338 727 perveniatur
1361 676 1583 711 aeternam.
1615 667 1730 712 Nihil
1761 659 1763 683 '³

350 746 495 782 tamen
518 739 676 783 horum
700 738 791 782 sine
809 738 944 797 gratia
961 738 1264 783 misericordiae
1283 739 1357 782 Dei
1378 757 1386 782 :
1412 738 1512 797 quia
1535 746 1577 782 et
1602 753 1730 796 opera
1759 758 1762 800 ξ

348 807 382 852 si
408 824 494 868 qua
526 817 628 853 sunt
654 809 795 863 bona,
830 818 1179 869 consequuntur,
1212 817 1262 852 ut
1292 806 1454 852 dictum
1492 817 1581 863 est,
1614 807 1729 853 illam
1758 816 1760 866 g

349 879 554 937 gratiam,
583 894 672 924 non
699 879 970 939 praecedunt.

409 951 469 993 30.
505 952 646 1003 Quam
666 965 757 994 rem
772 948 1030 1010 persuadere
1052 949 1283 1009 Apostolus
1300 948 1472 1004 volens,
1497 949 1599 1009 quia
1622 948 1731 994 sicut

351 1018 436 1064 alio
454 1019 550 1064 loco
568 1020 697 1074 dicit,
721 1021 865 1064 Gratia
888 1021 1002 1063 enim
1026 1021 1102 1064 Dei
1124 1019 1228 1064 salvi
1254 1019 1358 1064 facti
1384 1033 1554 1072 sumus,
1581 1028 1624 1063 et
1645 1035 1731 1064 non
1752 1041 1757 1067 i

346 1106 395 1134 ex
422 1091 547 1136 nobis
564 1126 575 1145 ,
599 1091 674 1135 sed
698 1092 773 1136 Dei
800 1092 966 1135 donum
987 1100 1079 1149 est3
1105 1107 1194 1136 non
1216 1107 1265 1135 ex
1288 1091 1518 1151 operibus,
1549 1106 1604 1135 ne
1621 1090 1732 1135 forte
1754 1078 1756 1090 ⁴

345 1163 443 1221 quis
470 1161 726 1206 extollatur3
748 1181 757 1206 :
779 1163 833 1206 de
853 1162 919 1206 his
936 1163 1132 1207 nondum
1150 1163 1238 1207 nati
1254 1172 1398 1218 erant,
1422 1162 1732 1206 documentum
1752 1190 1755 1217 ,³

344 1231 479 1276 dedit.
509 1235 648 1278 Nemo
673 1232 786 1276 enim
815 1241 958 1292 posset
987 1233 1152 1288 dicere,
1181 1233 1300 1293 quod
1325 1233 1528 1292 operibus
1557 1235 1754 1294 prome-J

346 1313 493 1348 ruerat
520 1307 660 1348 Deum
692 1304 828 1348 Jacob
862 1304 1058 1349 nondum
1083 1313 1232 1359 natus,
1263 1313 1312 1348 ut
1333 1303 1541 1348 divinitus
1568 1304 1753 1360 dicere-g

346 1385 416 1419 tur
439 1394 448 1420 :
475 1394 494 1417 «
515 1377 572 1420 Et
588 1377 726 1435 major
743 1376 898 1421 serviet
915 1377 1115 1420 minori&
1141 1395 1160 1418 »
1184 1379 1314 1433 Ergo,
1341 1395 1360 1418 «
1380 1378 1477 1422 Non
1493 1374 1635 1421 solum
1652 1377 1683 1430 ⁵,
1707 1393 1726 1417 »
1749 1374 1751 1428 j

344 1446 513 1506 inquit,
551 1449 668 1492 Isaac
696 1447 928 1507 promissus
963 1456 1048 1501 est,
1085 1462 1184 1491 cum
1222 1446 1387 1491 dictum
1424 1456 1508 1500 est,
1549 1445 1613 1490 Ad
1647 1447 1750 1499 hoc.

347 1527 518 1576 tempus
546 1517 739 1571 veniam,
771 1527 814 1560 et
844 1518 925 1561 erit
960 1519 1073 1562 Sarae
1095 1516 1234 1561 filius6
1274 1537 1281 1561 :
1321 1517 1396 1577 qui
1422 1518 1573 1577 utique
1601 1515 1750 1562 nullis}

346 1589 550 1647 operibus
586 1597 883 1647 promeruerat
912 1591 1071 1640 Deum,
1105 1597 1154 1631 ut
1183 1587 1425 1632 nasciturus
1458 1587 1747 1647 promittere-}

348 1668 439 1713 tur,
472 1668 523 1703 ut
553 1658 598 1702 in
632 1662 749 1703 Isaac
773 1667 1003 1703 vocaretur
1024 1673 1169 1702 semen
1199 1659 1435 1713 Abrahae7,
1467 1658 1512 1702 id
1545 1667 1630 1712 est,
1668 1650 1747 1701 illi³

345 1730 613 1787 pertinerent
635 1729 687 1773 ad
706 1737 865 1773 sortem
888 1737 1135 1772 sanctorum
1160 1743 1259 1788 quae
1278 1728 1322 1771 in
1347 1728 1520 1773 Christo
1542 1737 1628 1782 est,
1655 1715 1746 1794 quii

344 1814 388 1843 se
419 1799 710 1858 intelligerent
735 1798 846 1843 filios
878 1796 1196 1858 promissionis,
1230 1814 1319 1843 non
1348 1799 1645 1858 superbientes
1675 1797 1745 1859 dei

347 1870 509 1914 meritis
526 1870 629 1925 suis,
654 1870 729 1914 secl
753 1869 900 1928 gratiae
922 1869 1160 1914 vocationis
1177 1868 1435 1928 deputantes
1451 1869 1571 1930 quod
1589 1862 1744 1918 cohae-,t'

347 1941 469 1985 redes
488 1950 628 1985 essent
650 1940 830 1998 Christi,
856 1955 953 1984 cum
979 1940 1092 1984 enirn
1118 1941 1376 1997 promissum
1403 1950 1466 1985 est
1486 1950 1535 1984 ut
1558 1949 1741 1996 essent,

347 2010 455 2054 nihil
478 2011 631 2070 utique
652 2019 899 2054 meruerant
922 2013 996 2068 qni
1025 2009 1220 2053 nondum
1242 2019 1364 2054 erant
1392 2029 1401 2055 2
1431 2028 1450 2052 «
1473 2011 1548 2054 sed
1570 2020 1613 2054 et
1641 2014 1740 2074 Ite-f

349 2099 367 2121 »
396 2081 525 2125 becca
559 2096 610 2124 cx
642 2089 730 2125 uno
752 2079 989 2124 concubitu
1017 2080 1181 2122 habens
1212 2083 1328 2124 Isaac
1361 2080 1492 2139 patris
1527 2081 1675 2125 nostri.
1703 2085 1739 2135 »j

344 2150 680 2210 vigilantissime
713 2150 791 2206 ait,
822 2169 840 2192 «
872 2165 921 2194 ex
953 2165 1039 2193 uno
1069 2150 1306 2195 concubitu
1334 2169 1342 2194 ε
1372 2169 1391 2190 »
1420 2151 1580 2209 gemini
1614 2151 1738 2209 enim.

343 2223 542 2282 concepti
575 2232 698 2267 erant
718 2258 729 2278 ,
760 2238 814 2266 ne
847 2221 915 2266 vel
949 2222 1136 2280 paternis
1171 2221 1332 2266 meritis
1357 2222 1656 2277 tribueretur,
1692 2211 1737 2266 si,²

343 2294 573 2353 quisquam
606 2291 719 2337 sorte
752 2292 940 2346 diceret,
978 2290 1082 2335 Ideo
1110 2292 1204 2335 talis
1227 2301 1352 2336 natus
1375 2301 1437 2336 est
1462 2293 1602 2348 filius,
1627 2286 1736 2352 quia}
1783 2322 1785 2328 ν

344 2373 464 2423 pater
487 2364 545 2408 ita
577 2373 669 2409 erat
686 2364 867 2409 affectus
887 2361 962 2407 illo
988 2362 1033 2406 in
1058 2371 1253 2422 tempore
1269 2399 1279 2418 ,
1307 2379 1395 2424 quo
1421 2379 1518 2407 curn
1544 2364 1650 2408 sevit
1683 2364 1734 2408 in(

392 2475 399 2489 ¹
430 2468 501 2499 Cor.
525 2477 571 2505 ιιι,
597 2477 698 2508 17.——
717 2473 728 2489 2
755 2468 845 2498 Joan.
873 2476 917 2505 ιιι,
949 2464 977 2497 5.
996 2463 1065 2488 -3
1088 2465 1200 2507 Epiros.
1222 2478 1257 2504 ιι,
1287 2468 1318 2498 8.
1336 2484 1375 2489 »—
1391 2465 1405 2490 st
1431 2470 1496 2500 Gen
1527 2478 1600 2509 ἣν,
1619 2455 1733 2504 '252--5i

341 2522 355 2547 5
386 2526 475 2556 Itoni.
495 2533 539 2564 ix,
564 2533 611 2555 ιο.
627 2538 667 2545 -·
683 2520 697 2544 G
716 2524 793 2555 Gen.
817 2531 905 2561 xvm,
931 2521 1128 2554 1o.—-71d,
1157 2532 1221 2562 xxv,
1248 2530 1297 2553 12.
