1790 3187
358 200 426 238 ⁷66
793 209 826 236 s.
863 209 1091 238 mensum
1124 211 1302 238 EPlscom

368 290 442 336 spe
464 283 508 319 et
528 274 742 318 desiderio
754 273 944 331 tegitur:
970 274 1041 319 hic
1065 284 1212 320 autem
1238 283 1401 320 remota
1431 276 1548 320 omni
1581 275 1747 335 eupidi-

367 354 456 391 tate
475 344 657 399 carnali,
680 343 881 388 convivas
902 344 1013 390 Novi
1032 346 1319 403 Testamenti,
1343 347 1432 404 spei
1456 346 1757 405 permanentis⁴

369 416 691 460 firmamentum
717 448 727 469 ,
760 422 968 473 tanquam
1003 415 1135 473 ipsius
1169 415 1328 459 montis
1355 415 1548 461 soliditas
1572 450 1584 472 ‚
1623 414 1747 461 nullo

368 484 490 530 foeno
507 485 763 543 interposito
783 483 1053 529 continebat.

432 558 493 599 70.
529 557 586 600 Et
609 555 815 614 quoniam
840 555 1070 599 rectissime
1091 554 1195 600 dicit
1216 555 1463 615 Apostolus,
1487 574 1507 598 «
1529 556 1651 600 Prius
1673 571 1752 600 au-

374 643 394 667 »
422 634 507 670 tem
537 640 668 684 quam
698 624 864 669 veniret
894 623 1000 669 fides
1018 659 1029 680 ,
1054 626 1136 669 sub
1160 625 1256 684 lege
1285 626 1662 670 custodiebamur¹
1691 644 1701 670 2
1728 644 1748 668 »

370 695 452 739 hoc
468 694 706 751 significare
723 692 894 738 videtur
912 703 954 738 et
973 695 1182 739 Dominus
1199 729 1210 750 ,
1235 710 1333 739 cum
1353 695 1457 739 dicit
1478 694 1532 739 de
1555 696 1620 738 his
1641 709 1750 754 quos

368 766 564 825 quinque
592 764 776 823 panibus
800 775 999 823 pasturus
1031 775 1143 821 erat,
1175 785 1195 807 «
1221 769 1318 811 Non
1346 781 1455 825 opus
1480 765 1645 809 habent
1667 765 1750 821 ire,

373 853 393 877 η
418 835 494 879 sed
516 835 616 879 date
644 834 726 879 illis
753 851 826 879 vos
855 836 1160 881 manducare2.
1193 854 1213 878 »
1242 837 1333 881 Sub
1359 837 1425 880 his
1449 845 1594 880 autem
1614 835 1772 880 verbis-

371 904 609 963 figuraliter
628 914 837 964 tanquam
855 905 1129 950 custodiendi
1151 905 1425 960 detinentur,
1453 921 1553 950 eum
1576 906 1660 949 hoc
1680 904 1756 949 ad-

372 975 641 1019 monuissent
653 974 876 1033 Discipuli,
895 984 944 1019 ut
955 975 1192 1019 dimitteret
1209 991 1296 1020 eos.
1320 977 1457 1034 Hujus
1473 990 1573 1019 vero
1591 975 1730 1019 turbae
1743 1008 1770 1030 ‚.

371 1060 471 1104 quae
503 1044 558 1089 ad
588 1054 753 1103 septem
783 1060 914 1104 panes
948 1046 1157 1104 pertinet,
1192 1046 1308 1089 ultro
1336 1061 1380 1089 se
1408 1045 1600 1089 misereri
1620 1043 1754 1100 dixit,

371 1114 493 1173 quod
504 1116 594 1174 jam
612 1116 760 1159 tertius
783 1115 874 1159 dies
891 1124 1022 1170 esset,
1048 1131 1099 1159 ex
1116 1131 1204 1175 quo
1219 1116 1257 1159 ei
1270 1117 1407 1175 jejuni
1426 1116 1687 1159 haesissentss.
1707 1117 1758 1158 In

377 1193 467 1228 toto
489 1185 604 1227 enim
624 1185 784 1229 saeculo
802 1187 969 1243 generis
984 1187 1163 1230 humani
1181 1187 1355 1230 tertium
1376 1194 1545 1245 tempus
1562 1194 1626 1229 est
1642 1219 1653 1240 ,
1673 1199 1760 1243 quo

374 1254 475 1297 fidei
496 1254 742 1298 christianae
767 1256 901 1313 gratia
925 1254 1022 1298 data
1046 1264 1124 1300 est.
1152 1257 1345 1299 Primum
1370 1267 1431 1299 est
1460 1265 1560 1299 ante
1592 1256 1758 1313 legem,

376 1326 617 1370 secundum
653 1326 732 1369 sub
768 1325 863 1384 lege
881 1360 891 1380 ,
933 1326 1110 1369 tertium
1147 1327 1230 1370 sub
1269 1327 1419 1384 gratia.
1461 1329 1517 1370 Et
1558 1326 1765 1386 quoniam}

376 1406 581 1455 quartum
614 1397 757 1440 adhuc
781 1405 940 1455 restat,
964 1412 1052 1456 quo
1074 1398 1127 1441 ad
1150 1397 1442 1457 plenissimam
1465 1412 1615 1456 pacem
1637 1400 1770 1460 ‘Iera-5

376 1466 509 1511 salem
531 1465 717 1510 coelestis
742 1468 916 1511 venturi
937 1482 1109 1525 sumus,
1136 1483 1225 1527 quo
1252 1467 1389 1511 tendit
1422 1468 1616 1526 quisquis
1649 1475 1764 1511 recte

377 1537 515 1581 credit
536 1538 580 1581 in
601 1537 844 1595 Christum,
870 1547 1097 1597 propterea
1124 1553 1168 1582 se
1199 1537 1304 1582 dicit
1326 1539 1500 1582 turbam
1523 1538 1643 1582 illam
1661 1537 1769 1584 reli-l

378 1623 475 1653 cere
497 1608 706 1651 Dominus
722 1642 732 1662 ,
756 1623 810 1650 ne
833 1607 1038 1652 deficiant
1060 1609 1106 1652 in
1128 1608 1210 1654 via.
1237 1612 1322 1652 Ista
1345 1609 1458 1652 enim
1483 1609 1762 1668 dispensatio,

380 1694 468 1737 qua
496 1678 620 1721 nobis
648 1678 857 1722 Dominus
890 1678 1185 1738 temporaliter
1208 1688 1251 1723 et
1272 1678 1498 1724 visibiliter
1519 1679 1566 1721 in
1589 1679 1762 1724 homine

384 1763 590 1807 apparere
622 1747 825 1805 dignatus
854 1756 943 1803 est,
983 1757 1026 1792 et
1057 1748 1178 1792 dedit
1214 1749 1336 1793 nobis
1369 1750 1525 1808 pignus
1559 1749 1761 1808 Spiritum

385 1829 584 1864 sanctum
605 1852 615 1872 ,
667 1818 790 1877 cujus
840 1818 1090 1879 operatione
1141 1819 1381 1878 septenaria
1430 1828 1728 1877 vegetaremur
1749 1852 1760 1874 ,

384 1888 633 1948 Apostolica
656 1888 924 1932 ¹auctoritate
965 1890 1088 1948 quasi
1123 1905 1360 1948 paucorum
1400 1889 1581 1949 piscium
1617 1903 1765 1949 saporeff

384 1962 618 2019 conjuncto
643 1978 651 2004 :
677 1960 770 2003 haec
792 1975 894 2018 ergo
921 1959 1181 2019 dispensatio
1207 1961 1314 2019 quid
1337 1959 1456 2004 aliud
1482 1960 1593 2019 agit,
1617 1960 1699 2004 nisi
1719 1968 1764 2004 ut

385 2032 440 2076 ad
463 2030 651 2090 palmam
673 2045 871 2089 supernae
890 2030 1126 2075 vocationis
1143 2031 1232 2074 sine
1250 2030 1426 2075 defectu
1441 2031 1599 2075 virium
1616 2033 1763 2090 perve-,f

387 2103 480 2146 nire
496 2102 753 2159 possimus⁴P
772 2119 791 2142 ι(
811 2104 890 2144 Per
912 2100 1043 2144 fidem
1063 2101 1179 2144 enim
1200 2100 1491 2156 ambulamus,
1517 2110 1560 2146 et
1581 2117 1670 2145 non
1692 2115 1757 2160 pei

390 2190 410 2214 »
435 2172 670 2231 speciem5.
700 2189 719 2212 »
750 2173 807 2214 Et
833 2172 922 2229 ipse
946 2171 1164 2230 apostolus
1190 2171 1347 2215 Paulus
1369 2172 1566 2216 nondum
1592 2186 1636 2216 se
1662 2171 1757 2216 dicit

387 2242 762 2304 comprehendisse
796 2257 977 2300 regnum
1012 2243 1113 2298 Dei,
1151 2262 1170 2284 «
1204 2243 1279 2287 sed
1312 2258 1361 2288 ea
1393 2259 1493 2303 quae
1520 2252 1635 2288 retro
1666 2251 1761 2287 sunt

391 2333 411 2356 »
438 2314 599 2359 oblitus
616 2349 627 2369 ,
652 2314 698 2357 in
714 2329 762 2358 ea
779 2329 878 2373 quae
895 2322 996 2357 ante
1010 2322 1110 2358 sunt
1125 2322 1322 2358 extentus
1335 2349 1345 2369 ,
1371 2314 1611 2359 secundum
1628 2313 1755 2361 intem

392 2403 411 2426 η
439 2387 598 2430 tionem
621 2399 780 2444 sequor
794 2418 805 2439 ,
826 2383 990 2444 inquit,
1014 2383 1068 2428 ad
1089 2382 1274 2442 palmam
1297 2398 1494 2443 supernae
1509 2382 1759 2430 vocationis..

439 2494 445 2510 ¹
480 2488 547 2521 Gal.
571 2499 619 2528 m,
641 2486 693 2519 ‘23-
711 2503 751 2509 —-
767 2492 779 2509 ²
800 2485 919 2518 Matth.
940 2496 1005 2526 xiv,
1030 2485 1078 2516 16.
1105 2503 1119 2506 0
1155 2484 1229 2517 ³111.
1251 2496 1302 2523 xv,
1324 2485 1375 2518 32.
1397 2500 1433 2508 --
1453 2485 1467 2513 ⁴
1486 2493 1503 2517 2
1523 2487 1596 2518 Cor.
1617 2495 1647 2527 v,
1675 2484 1705 2517 5.
1724 2499 1751 2508 -·

391 2542 404 2564 ³⁵¹
434 2544 512 2575 limi.
546 2554 574 2581 Τ.
