1790 3187
576 210 774 239 :merom
808 211 930 238 xxw.
1361 198 1446 237 319

58 274 292 329 beneficio,
320 272 441 333 quod
464 273 542 318 tibi
579 273 867 319 deferendum
905 272 1107 317 indicavi.
1134 275 1447 316 Verumtamen

57 345 159 406 quia
183 354 225 388 et
240 343 336 388 loca
361 353 431 387 tua
451 344 555 387 mibi
585 345 824 401 significare
853 343 1056 403 dignatus
1077 359 1137 397 eS,
1162 352 1209 386 ut
1230 344 1320 401 ipse
1351 358 1446 387 mo-

57 415 205 470 nuisti,
231 415 285 458 ad
309 415 600 459 venerabilem
623 416 787 459 socium
812 431 984 459 coronae
1007 425 1095 459 tuae
1112 450 1122 468 ,
1156 423 1322 474 patrem
1347 429 1446 458 nos·

58 493 174 530 trum
199 484 423 529 Aurelium
447 486 504 528 ita
529 486 792 544 scripsimus,
820 495 869 529 ut
886 486 918 529 si
942 502 1060 530 nunc
1085 484 1447 544 Hipponae-regio

57 555 249 615 degeres,
276 556 350 600 iilo
374 557 454 600 tibi
485 556 652 601 litteras
674 565 856 611 nostras,
879 566 922 601 et
941 557 1242 616 transcriptam
1265 557 1448 600 Cartha-

56 628 156 688 gine
189 628 484 673 membranam
513 629 686 672 mittere
718 628 987 687 dignaretur.
1032 629 1161 682 Quod
1188 637 1231 672 et
1276 636 1446 672 sanctos

56 699 185 753 viros,
203 715 312 760 quos
334 699 519 744 indices¹
539 701 759 744 charitatis
782 700 990 759 ipsorum,
1017 710 1094 744 tuo
1118 715 1318 743 sermone
1339 713 1445 756 cog-

57 770 271 824 novimus,
296 771 512 815 Comitem
536 780 578 814 et
612 772 827 815 Evodium
852 772 1117 830 rogavimus,
1138 780 1184 814 ut
1212 772 1304 815 haec
1344 770 1446 814 scri-

55 839 251 900 bereipsi
274 851 493 896 curarent,
514 858 570 886 ne
591 842 659 886 vel
679 844 845 901 parenti
867 843 1098 887 Domnioni
1118 841 1284 885 diutius
1307 841 1444 885 codex

53 925 156 955 suus
188 911 374 967 deforet,
408 923 450 958 et
480 913 558 957 tibi
596 913 869 957 transmissus
898 914 989 957 sine
1019 913 1271 956 necessitate
1300 910 1447 955 redhi-

53 980 185 1025 bendi
209 992 419 1026 maneret.
444 1001 464 1023 »

116 1054 190 1096 1v.
228 1071 247 1094 «
285 1052 537 1111 Specialiter
568 1061 711 1096 autem
750 1053 833 1097 hoc
863 1068 886 1096 a
909 1061 952 1096 te
973 1061 1100 1112 peto,
1133 1052 1342 1111 quoniam
1377 1065 1446 1095 me

53 1122 352 1167 immerentem
377 1133 419 1167 et
441 1124 742 1183 inopinantem
767 1139 923 1182 magno
946 1124 1010 1166 tui
1034 1139 1180 1166 amore
1200 1122 1442 1181 complesti,

52 1203 102 1237 ut
122 1209 199 1252 pro
219 1195 300 1239 hac
328 1196 503 1239 historia
533 1205 795 1254 temporum,
834 1195 992 1239 referas
1018 1195 1122 1238 milii
1152 1210 1325 1238 omnem
1359 1203 1447 1237 tuae

53 1264 293 1308 sanctitatis
317 1266 535 1309 historiam
561 1285 569 1310 z
591 1276 639 1309 ut
661 1265 735 1324 qui
759 1281 910 1324 genus,
936 1265 1055 1308 unde
1074 1265 1131 1309 sis
1153 1264 1301 1318 domo,
1324 1273 1446 1307 tanto

52 1344 232 1379 vocatus
260 1351 282 1379 a
306 1337 517 1389 Domino,
543 1336 702 1396 quibus
731 1336 915 1380 exordiis
952 1346 1200 1395 segregatus
1229 1337 1285 1378 ab
1319 1344 1445 1378 utero

7 1455 10 1458 ⁴
52 1405 200 1448 matris
224 1414 326 1459 tuae,
359 1407 413 1450 ad
438 1416 618 1449 matrem
644 1406 834 1450 filiorum
862 1406 935 1450 Dei
963 1406 1082 1465 prole
1104 1406 1343 1459 laetantem,
1363 1405 1445 1447 ab·

50 1475 191 1535 jurata
215 1476 356 1520 carnis
385 1487 428 1520 et
462 1478 681 1535 sanguinis
713 1478 860 1536 stirpe,
895 1477 1113 1521 transieris
1147 1486 1191 1520 et
1227 1477 1272 1519 in
1309 1491 1445 1534 genus

50 1546 195 1604 regale
216 1556 259 1590 et
281 1547 546 1591 sacerdotale
563 1549 619 1591 sis
637 1548 869 1591 translatus
887 1583 898 1601 ,
923 1548 1146 1590 edisseras.
1172 1546 1300 1599 Quod
1324 1546 1441 1589 enim

50 1618 365 1678 indicasti,jam
390 1618 444 1663 de
473 1619 728 1663 humilitatis
752 1629 910 1663 nostrae
933 1618 1110 1662 nomine
1133 1617 1250 1677 apud
1274 1616 1444 1662 Medio-

53 1686 201 1731 lanum
222 1698 263 1732 te
297 1689 520 1744 didicisse,
546 1706 646 1734 cum
676 1691 765 1734 iilic
786 1690 1014 1733 initiareris
1031 1725 1041 1743 ,
1068 1690 1208 1733 fateor
1231 1689 1442 1732 curiosius

51 1773 122 1803 me
139 1759 250 1802 velle
272 1761 537 1814 condiscere,
560 1771 609 1804 ut
627 1762 745 1804 omni
766 1772 886 1819 parte
907 1771 948 1803 te
967 1761 1180 1813 noverim,
1198 1775 1286 1819 quo
1311 1760 1444 1817 magis

3 1858 5 1862 ι
50 1830 261 1890 gratuler,
287 1831 320 1874 si
343 1848 364 1874 a
388 1832 661 1891 suspiciendo
685 1833 788 1875 mibi
813 1840 933 1891 patre
949 1842 1096 1875 nostro
1113 1829 1444 1883 Ambrosi0,vel

4 1916 9 1945 9
53 1900 106 1945 ad
130 1902 258 1944 sidem
278 1902 484 1946 invitatus
506 1918 566 1956 es,
593 1903 661 1946 vel
689 1903 741 1946 ad
766 1903 1052 1946 sacerdotium
1078 1911 1369 1955 consecratus,
1395 1909 1445 1944 ut

7 1992 9 2010 ς
52 1970 253 2014 eumdem
276 1973 402 2015 ambo
431 1971 656 2016 videamur
676 1973 838 2016 habere
860 1983 1097 2016 auctorem.
1124 1975 1232 2017 Nam
1259 1988 1340 2030 ego
1364 1971 1443 2014 etsi

50 2057 76 2086 a
91 2041 304 2100 Delphino
322 2043 578 2102 Burdegalae
598 2044 854 2102 baptizatus,
873 2060 893 2086 a
912 2043 1093 2101 Lampio
1115 2043 1230 2101 apud
1258 2041 1443 2086 Barcilo-

51 2113 206 2156 nemin
229 2114 446 2173 Hispania,
471 2115 642 2173 pervim
661 2115 941 2159 inflammatae
956 2115 1101 2158 subito
1124 2114 1278 2172 plebis,
1298 2130 1441 2157 sacra-

51 2191 119 2228 tus
141 2184 218 2228 sim
245 2204 254 2229 :
277 2195 420 2229 tamen
445 2186 659 2230 Ambrosii
682 2202 852 2245 semper
874 2196 917 2229 ct
948 2185 1182 2229 dilectione
1215 2185 1269 2228 ad
1308 2185 1440 2228 fidem

48 2253 288 2299 innutritus
321 2272 440 2310 sum,
461 2266 504 2300 et
536 2272 654 2301 nunc
681 2257 726 2301 in
755 2256 983 2300 sacerdotii
1005 2257 1158 2299 ordine
1183 2255 1434 2299 confoveor.

52 2325 246 2386 Denique
259 2342 338 2370 suo
358 2342 426 2370 me
443 2327 558 2371 clero
575 2328 791 2371 vindicare
805 2326 958 2382 voluit,
980 2337 1030 2371 ut
1045 2326 1124 2370 etsi
1139 2326 1317 2370 diversis
1334 2325 1438 2370 locis

55 2393 225 2455 degam,
250 2398 380 2454 ipsius
403 2398 629 2457 presbyter
650 2414 840 2443 censear.
870 2418 889 2440 »

113 2468 166 2512 V.
207 2489 227 2512 ιι
266 2467 352 2514 Sed
371 2468 427 2513 de
448 2484 517 2513 me
538 2484 594 2513 ne
612 2469 721 2529 quid
740 2470 939 2529 ignores,
965 2469 1071 2513 scias
1092 2468 1438 2529 antiquissimum

104 2557 112 2574 ¹
134 2552 243 2595 Legite
257 2552 375 2586 indice.
