1790 3187
270 230 351 264 5⁴20
694 237 725 260 s.
765 234 806 259 Αι
822 233 992 260 οι·5ἰ.·ιΝ[
1030 234 1204 258 priscum

273 303 427 345 Pascha
453 309 496 343 et
524 304 808 342 Pente-costes.
834 298 939 342 Nam
966 304 1013 340 ut
1043 294 1327 355 quadraginta
1359 295 1419 337 illi
1441 294 1531 338 dies
1550 304 1649 338 ante

269 371 430 415 Pascha
457 369 759 421 observentur,
786 365 988 410 Ecclesiae
1022 366 1291 410 consuetudo
1321 364 1569 421 roboravit,
1593 364 1650 408 sic

266 442 395 486 etiam
424 450 472 484 ut
506 448 604 483 octo
627 438 716 481 dies
737 437 1069 496 Neophytorum
1104 436 1427 493 distinguantur
1461 451 1484 479 a
1519 443 1644 479 caete-

268 514 338 567 ris,
364 513 408 556 id
430 520 508 565 est,
533 519 581 554 ut
604 518 781 554 octavus
804 508 944 567 primo
964 508 1181 552 concinat.
1215 509 1271 551 Ut
1303 515 1446 550 autem
1481 505 1651 549 alleluia

267 599 342 644 per
358 582 454 626 illos
472 582 584 626 solos
608 580 696 623 dies
714 580 1030 639 quinquaginta
1048 578 1092 621 in
1114 577 1304 622 Ecclesia
1322 584 1537 630 cantetur,
1564 591 1654 620 non

266 666 581 712 usquequaque
612 651 866 694 observatur
891 669 899 694 :
930 665 1029 693 nam
1057 657 1100 692 et
1129 647 1220 691 aliis
1243 647 1394 691 dicbus
1417 646 1532 689 varie
1553 660 1656 690 can-

268 732 386 768 tatur
417 722 520 766 alibi
545 731 676 781 atque
704 720 834 771 alibi,
870 720 971 778 ipsis
1006 728 1151 762 autern
1183 717 1336 761 diebus
1376 716 1556 775 ubique.
1600 717 1657 760 Ut

266 804 411 839 autem
427 802 587 838 stantes
605 791 749 835 inillis
764 791 918 835 diebus
935 799 977 834 et
996 790 1198 834 omnibus
1213 788 1449 833 Dominicis
1467 801 1654 841 oremus,

269 874 417 909 utrum
441 864 604 922 ubique
625 871 819 907 servetur
834 862 987 920 ignoro
1005 879 1013 905 :
1035 868 1179 903 tamen
1197 858 1304 919 quid
1324 859 1368 901 in
1387 873 1438 903 eo
1454 865 1660 917 sequatur

267 934 476 989 Ecclesia,
502 934 589 977 dixi
611 943 661 977 ut
682 933 822 992 potui,
844 941 887 976 et
909 932 1096 975 arbitror
1119 946 1208 975 esse
1225 928 1521 974 manifestum.

328 1007 538 1050 XXXIII.
577 1007 636 1047 De
657 1002 851 1048 lavandis
874 1017 976 1046 vero
997 1001 1206 1061 pedibus,
1227 1015 1326 1045 cum
1350 1000 1559 1044 Dominus
1578 998 1660 1042 hoc

273 1085 448 1136 propter
471 1073 657 1117 formam
675 1073 932 1117 humilitatis
946 1108 955 1126 ,
977 1081 1157 1130 propter
1175 1086 1306 1130 quam
1325 1070 1568 1115 docendam
1585 1084 1661 1114 ve·

273 1155 411 1199 nerat,
441 1142 827 1197 commendaverit,
853 1142 963 1187 sicut
986 1142 1076 1201 ipse
1100 1149 1418 1200 consequenter
1444 1140 1658 1199 exposuit,

271 1216 500 1277 quaesitum
521 1223 584 1259 est
605 1229 798 1274 quonam
818 1223 1013 1272 tempore
1028 1212 1299 1272 potissimum
1315 1226 1381 1256 res
1399 1220 1517 1256 tanta
1532 1210 1662 1254 etiam

273 1286 389 1331 facto
411 1285 658 1339 doceretur,
685 1293 728 1329 et
753 1283 864 1328 illud
889 1293 1060 1343 tempus
1083 1283 1287 1338 occurrit,
1312 1299 1402 1343 quo
1423 1283 1514 1342 ipsa
1544 1296 1665 1326 com-

273 1356 494 1401 mendatio
528 1355 766 1413 religiosius
787 1354 1034 1398 inhaereret.
1075 1353 1158 1398 Sed
1192 1369 1245 1397 ne
1277 1353 1331 1397 ad
1359 1354 1501 1412 ipsum
1523 1368 1664 1396 sacra-

274 1437 471 1472 mentum
495 1425 697 1485 baptismi
720 1425 939 1469 videretur
961 1425 1194 1484 pertinere,
1229 1423 1356 1468 multi
1384 1425 1467 1469 hoc
1488 1424 1533 1467 in
1556 1439 1662 1468 con-

273 1497 505 1544 suetudine
529 1497 718 1556 recipere
736 1495 988 1540 noluerunt.
1024 1495 1236 1541 Nonnulli
1252 1496 1379 1539 etiam
1407 1497 1461 1539 de
1478 1510 1664 1540 consue-

273 1568 473 1613 tudinem
498 1566 668 1611 auferre
697 1581 786 1610 non
816 1567 1142 1611 dubitaverunt.
1176 1566 1320 1626 Aliqui
1342 1575 1487 1609 autem
1511 1574 1561 1609 ut
1582 1566 1664 1609 hoc

274 1648 316 1682 et
339 1638 568 1681 sacratiore
592 1645 787 1694 tempore
810 1634 1183 1689 commendarent,
1205 1645 1246 1679 ct
1265 1652 1288 1679 a
1308 1636 1508 1695 baptismi
1523 1652 1665 1680 sacra-

274 1717 422 1752 mento
445 1707 776 1763 distinguerent,
804 1705 871 1749 vel
893 1706 1007 1749 diem
1025 1707 1203 1748 tertium
1222 1714 1490 1760 octavarum,
1508 1707 1608 1766 quia
1624 1715 1665 1750 et

274 1779 487 1823 ternarius
511 1792 718 1820 numerus
740 1776 784 1819 in
810 1775 956 1819 multis
977 1776 1251 1820 sacramentis
1272 1777 1455 1820 maxime
1479 1776 1663 1830 excellit,

277 1850 343 1893 vel
370 1849 499 1891 etiam
524 1848 664 1906 ipsum
688 1855 892 1890 octavum
914 1856 963 1890 ut
989 1848 1069 1890 boc
1095 1845 1285 1890 facerent
1306 1846 1544 1905 elegerunt.

336 1920 542 1963 XXXIV.
580 1917 716 1961 Miror
743 1931 845 1960 sane
867 1916 973 1975 quid
1006 1917 1064 1960 ita
1089 1917 1302 1974 volueris,
1329 1926 1377 1961 ut
1406 1919 1461 1961 de
1486 1918 1535 1960 iis
1567 1931 1667 1976 quse

276 1990 391 2034 varie
409 2005 485 2047 per
501 1987 668 2031 diversa
690 1986 784 2031 loca
807 1988 1113 2042 observantur,
1140 1988 1217 2032 tibi
1244 1988 1388 2046 aliqua
1416 1989 1665 2043 scriberem,

278 2075 380 2105 cum
402 2068 445 2103 et
480 2073 569 2102 non
592 2057 647 2101 sit
683 2057 998 2112 necessarium,
1035 2067 1076 2101 et
1110 2072 1194 2101 una
1233 2058 1279 2100 in
1301 2058 1366 2101 his
1385 2058 1668 2102 saluberrima

279 2130 428 2189 regula
464 2128 691 2173 retinenda
715 2128 784 2182 sit,
817 2137 867 2172 ut
888 2143 987 2187 quae
1009 2143 1097 2172 non
1120 2137 1222 2172 sunt
1243 2138 1394 2173 contra
1418 2128 1565 2183 fidem,
1593 2144 1669 2173 ne-

279 2216 366 2262 que
388 2209 539 2245 contra
563 2199 702 2244 bonos
724 2214 883 2253 mores,
904 2208 946 2244 et
966 2199 1131 2243 habent
1150 2199 1313 2260 aliquid
1331 2199 1385 2244 ad
1408 2201 1670 2245 exhortatio-

279 2286 382 2315 nem
404 2271 505 2316 vitae
530 2270 733 2326 melioris,
755 2270 1023 2330 ubicumque
1046 2271 1214 2315 institui
1230 2271 1443 2326 videmus,
1463 2272 1531 2316 vel
1550 2272 1670 2316 insti-

281 2350 375 2386 tuta
397 2342 716 2399 cognoscimus,
738 2356 826 2386 non
843 2339 982 2385 solum
1005 2356 1094 2385 non
1116 2342 1429 2401 improbemus,
1449 2341 1523 2386 sed
1541 2342 1669 2386 etiam

280 2410 502 2455 laudando
529 2420 572 2454 et
599 2411 811 2456 imitando
844 2420 1075 2466 sectemur,
1106 2412 1140 2455 si
1174 2411 1420 2471 aliquorum
1444 2412 1669 2456 infirmitas

283 2496 373 2526 non
393 2481 453 2525 ita
469 2481 668 2540 impedit,
694 2490 743 2526 ut
765 2481 948 2541 amplius
977 2481 1289 2526 detrimentum
1312 2483 1380 2526 sit.
1415 2483 1456 2527 Si
1478 2483 1593 2526 enim
1617 2497 1669 2527 eo

284 2551 415 2597 modo
441 2551 667 2612 impediat,
698 2561 747 2598 ut
779 2553 939 2612 majora
969 2553 1261 2598 studiosorum
1299 2554 1418 2599 lucra
1455 2552 1665 2613 speranda
