1790 3187
327 193 380 233 40
763 205 794 231 5.
831 205 1057 233 Ancus'ruw
1094 208 1270 235 EPlscori

327 274 716 330 purgationemque
743 285 893 314 eorum
927 272 1000 331 qui
1030 271 1270 315 secundum
1302 274 1439 316 Deum
1471 287 1705 317 renaseun-

329 352 424 398 tur,
456 343 502 386 in
524 342 682 386 infimis
714 349 880 385 naturae
908 341 1112 400 gradibus
1147 341 1371 387 ordinatus
1395 353 1471 387 est.
1505 343 1725 402 Legimus-

326 413 440 457 enim
467 412 697 472 deceptum
729 413 899 470 regem¹
923 410 1031 456 falso
1060 412 1261 457 vaticinio
1284 413 1706 473 pseudo-propheta-

327 485 450 528 rum²
471 503 479 528 2
498 493 539 527 et
559 484 617 527 ita
634 483 818 541 legimus
833 517 844 536 ‚
865 490 914 526 ut
929 498 1072 542 neque
1089 483 1178 528 sine
1200 483 1346 529 divino
1358 485 1524 544 judicio
1541 484 1706 530 factum

327 556 620 610 inveniamus,
656 553 861 613 quoniam
890 553 1046 612 dignus
1069 564 1160 599 erat
1188 554 1260 598 ille
1286 556 1346 600 sic
1368 555 1538 615 decipi,
1568 571 1708 615 neque

327 642 402 687 per
432 641 532 670 eum
561 624 786 684 angelum,
817 638 948 684 quem
979 623 1244 684 deceptionis
1272 626 1465 670 osticium
1495 627 1708 686 suscipere
1749 629 1752 645 ‘

327 713 417 742 non
435 696 635 754 doceret,
657 694 731 740 sed
749 709 825 755 per
847 694 1050 754 angelum
1068 696 1221 740 erroris
1238 731 1248 751 ,
1275 697 1351 757 qui
1367 696 1447 740 sibi
1466 697 1581 741 ultro
1602 696 1708 741 tales

326 777 468 829 partes
505 767 669 827 imponi
704 782 804 811 cum
832 765 981 810 laetitia
1012 765 1261 826 postulavit.
1296 767 1568 820 Quibusdam
1593 768 1708 813 enim
1752 775 1753 778 ’

329 840 652 899 Scripturarum
674 838 779 884 locis
800 838 988 898 apertius
1011 838 1176 899 aliquid
1198 839 1451 899 exponitur,
1475 839 1596 900 quod
1616 838 1711 884 dili-

327 926 429 970 gens
457 920 499 954 et
522 910 618 970 pius
649 910 785 954 lector
815 910 943 953 etiam
971 910 1016 953 in
1042 909 1132 953 aliis
1154 907 1279 966 locis,
1311 911 1355 953 in
1378 910 1539 970 quibus
1568 910 1710 954 minus

327 982 517 1042 aperitur
535 1016 545 1037 ,
570 980 798 1040 intelligat.
826 983 938 1024 Deus
960 981 1075 1024 enim
1093 990 1238 1025 noster
1259 980 1318 1025 sic
1339 980 1393 1024 ad
1413 980 1596 1024 salutem
1619 982 1711 1024 ani-
1762 1022 1763 1026 ,

326 1069 496 1098 marum
529 1052 696 1097 divinos
724 1051 858 1097 libros
893 1053 1053 1112 Spiritu
1081 1062 1229 1097 sancto
1261 1052 1511 1097 moderatus
1543 1061 1632 1107 est,
1663 1061 1712 1096 ut
1762 1046 1763 1050 ¹

327 1140 416 1168 non
443 1124 583 1168 solum
609 1122 847 1168 manifestis
878 1139 1077 1182 pascere,
1106 1125 1180 1167 sed
1218 1124 1345 1167 etiarn
1379 1123 1571 1167 obscuris
1595 1138 1713 1167 exer·
1756 1155 1759 1167 i

326 1210 422 1238 cere
443 1210 523 1238 nos
545 1193 689 1239 vellet.
718 1197 781 1237 Ex
802 1194 882 1237 hac
905 1195 1034 1251 igitur
1056 1193 1266 1238 ineffabili
1288 1204 1419 1254 atque
1441 1193 1616 1238 sublimi
1648 1210 1714 1237 re·

326 1280 420 1309 rum
446 1264 843 1319 administratione,
867 1280 965 1323 quae
987 1265 1036 1308 fit
1059 1280 1135 1324 per
1157 1265 1348 1308 divinam
1371 1266 1710 1324 providentiam,
1758 1292 1760 1302 ι

326 1336 448 1395 quasi
472 1335 728 1394 transcripta
751 1345 813 1379 est
836 1334 1043 1379 naturalis
1065 1335 1133 1378 lex
1159 1336 1203 1380 in
1226 1336 1415 1380 animam
1440 1335 1710 1391 rationalem,
1759 1337 1762 1381 i

326 1417 375 1451 ut
398 1408 443 1451 in
463 1408 553 1466 ipsa
576 1407 675 1451 vitae
698 1407 827 1466 hujus
860 1407 1187 1451 conversatione
1222 1407 1505 1467 moribusque
1534 1409 1713 1451 terrenis
1760 1441 1762 1459 =

325 1478 523 1522 homines
541 1475 692 1520 talium
711 1476 1066 1521 distributionum
1087 1478 1295 1536 imagines
1313 1488 1499 1523 servent.
1523 1478 1634 1522 Hinc
1652 1488 1713 1522 est

326 1549 446 1609 quod
465 1549 601 1608 judex
631 1547 884 1593 damnatum
912 1558 1134 1605 percutere
1166 1549 1396 1608 indignum
1425 1565 1501 1593 sua
1531 1565 1710 1609 persona

328 1628 371 1663 et
388 1617 782 1679 nefariumjudicat
805 1637 813 1663 :
839 1620 928 1678 ejus
951 1628 1094 1663 tamen
1113 1621 1235 1679 jussu
1260 1620 1343 1664 hoc
1367 1619 1469 1664 facit
1494 1618 1709 1674 carnifex,

327 1690 401 1750 qui
436 1706 514 1749 pro
551 1705 627 1734 sua
657 1689 894 1748 cupiditate
928 1690 986 1733 sic
1019 1689 1244 1734 ordinatus
1278 1701 1340 1735 est
1378 1693 1423 1735 in
1457 1691 1628 1747 officio,
1665 1702 1712 1736 ut
1764 1705 1765 1713 ¹

328 1761 541 1821 percutiat
557 1760 703 1819 legum
723 1760 1019 1804 moderatione
1038 1759 1290 1806 damnatum
1304 1798 1314 1816 ,
1337 1764 1410 1822 qui
1429 1772 1571 1822 posset
1584 1763 1711 1807 etiam

326 1834 604 1876 innocentem
631 1847 707 1876 sua
729 1831 986 1875 crudelitate
1011 1841 1249 1890 percutere.
1275 1835 1384 1878 Nam
1409 1848 1551 1893 neque
1574 1849 1649 1892 per
1671 1849 1714 1877 se

328 1903 468 1961 ipsum
492 1902 576 1946 hoc
594 1900 728 1961 judex
748 1900 875 1956 facit,
909 1917 1050 1960 neque
1079 1917 1152 1961 per
1174 1904 1413 1963 principem
1435 1903 1502 1948 vel
1527 1906 1713 1949 advoca·
1765 1897 1767 1931 l

330 1983 442 2026 tum,
467 1980 542 2015 aut
564 1972 754 2030 aliquem
770 1971 817 2014 in
836 1972 980 2016 officio
998 1988 1075 2016 suo
1089 2008 1099 2027 ,
1120 1973 1190 2017 cui
1214 1973 1300 2017 tale
1321 1974 1604 2017 ministerium
1625 1989 1713 2018 non
1766 1979 1767 1984 ’

328 2041 637 2086 convenienter
660 2041 913 2101 imponitur.
942 2042 1052 2087 Hinc
1073 2052 1135 2087 est
1157 2045 1284 2087 etiam
1301 2079 1311 2099 ‚
1338 2044 1457 2103 quod
1485 2045 1713 2089 irrationa-
1768 2062 1769 2078 ³

330 2113 442 2157 libus
474 2113 767 2158 animantibus
793 2114 958 2157 utimur
988 2113 1042 2157 ad
1067 2130 1137 2158 eas
1163 2130 1249 2170 res,
1279 2130 1385 2174 quas
1412 2130 1488 2174 per
1520 2116 1714 2160 homines

328 2184 395 2241 agi
419 2182 632 2227 nefarium
655 2192 732 2227 est.
759 2185 866 2228 Nam
893 2184 1043 2244 utique
1070 2183 1225 2242 dignus
1247 2194 1311 2229 est
1336 2185 1407 2228 fur
1434 2201 1578 2230 morsu
1600 2185 1715 2230 lace-
1769 2172 1771 2214 ἦ

330 2254 410 2297 rari
445 2272 454 2298 :
481 2254 526 2297 id
558 2262 705 2297 tamen
734 2255 866 2298 homo
893 2269 982 2298 non
1007 2270 1082 2314 per
1103 2270 1146 2298 se
1167 2255 1308 2313 ipsum
1333 2256 1438 2313 agit,
1465 2265 1540 2300 aut
1563 2272 1638 2315 per
1661 2257 1714 2300 fi-
1770 2261 1771 2305 I

330 2324 461 2379 lium,
487 2333 562 2368 aut
576 2339 653 2383 per
672 2324 972 2379 domesticum,
996 2326 1213 2369 autetiam
1234 2341 1310 2385 per
1331 2325 1543 2370 famulum
1561 2341 1711 2385 suum,
1770 2314 1772 2365 l

329 2393 405 2439 sed
434 2409 511 2453 per
544 2410 724 2451 canem,
761 2411 894 2455 quam
923 2396 1104 2440 bestiam
1135 2396 1233 2441 talia
1262 2397 1403 2442 facere
1437 2412 1514 2456 pro
1548 2407 1741 2441 naturae·
1788 2396 1790 2423 ³

330 2480 417 2508 suae
437 2464 643 2524 gradibus
664 2466 803 2511 decet.
825 2467 937 2511 Cum
959 2467 1091 2526 igitur
1113 2468 1323 2527 quosdam
1350 2469 1436 2527 pati
1457 2467 1622 2527 aliquid
1640 2467 1714 2512 cle-

380 2557 386 2572 ¹
408 2549 547 2583 Scilicet
564 2550 684 2583 Achab.
706 2568 742 2576 -
759 2558 771 2574 ²
802 2552 820 2582 3
842 2553 918 2594 Reg.
939 2561 1020 2592 xxii,
1038 2552 1070 2582 6.
