1790 3187
337 273 420 311 332
776 280 809 307 s.
847 281 1076 308 auous‘rim
1108 281 1288 308 Emscopi

393 351 489 396 Otia
505 357 734 399 tentantes,
755 355 798 389 et
820 345 1002 389 candida
1024 348 1120 405 jura
1156 346 1368 389 bonorum

393 422 600 466 Duximus
621 418 756 463 Italiae
779 417 940 472 medio,
966 426 1221 476 montesque
1239 431 1314 475 per
1332 415 1462 461 altos:

391 496 489 538 Non
509 506 578 535 me
595 489 704 533 dura
727 488 826 547 gelu
843 488 1126 547 prohiberent
1145 485 1303 544 frigora
1327 501 1453 540 cano,

391 566 479 609 Nec
491 563 581 606 fera
600 569 829 618 tempestas
841 560 1087 618 Zephyrum
1104 557 1390 618 fremitusque
1403 557 1564 614 Borini,

387 634 504 686 Quin
526 641 601 676 tua
625 630 810 675 sollicito
833 645 1072 688 premerem
1094 629 1271 686 vestigia
1292 643 1434 687 passu.

389 706 482 748 Hoc
507 717 616 762 opus
638 711 686 745 ut
699 700 854 761 jubeas
876 709 1063 744 tantum.

330 828 400 871 Me
424 826 628 869 miserum
645 860 657 880 ‚
686 828 720 869 si
748 839 828 883 ego
852 839 941 868 non
963 824 1124 883 jubeo,
1145 824 1178 867 si
1201 838 1290 867 non
1324 837 1432 880 cogo
1463 830 1592 881 atque
1627 822 1712 866 im-

330 912 449 956 pero,
474 897 506 940 si
530 912 618 940 non
639 912 761 954 rogo,
787 911 835 939 ac
856 894 1068 954 supplico.
1094 894 1178 939 Sed
1199 894 1232 937 si
1257 909 1380 938 aures
1407 903 1493 938 tuae
1510 893 1713 938 adversus

330 983 443 1012 meas
468 983 595 1012 voces
617 967 775 1012 clausae
793 976 916 1021 sunt,
937 967 1000 1010 ori
1022 975 1099 1010 tuo
1126 975 1317 1024 pateant,
1346 974 1521 1024 pateant
1534 965 1713 1008 carmini
1761 994 1763 1004 ι

331 1048 405 1082 tuo
427 1060 439 1095 3
467 1040 620 1082 exaudi
641 1048 683 1082 te
698 1039 838 1097 ipsum
859 1037 1433 1091 durissime‚immanissime,
1448 1036 1708 1081 surdissime.
1761 1037 1763 1085 ξ

330 1111 426 1161 Quo
454 1109 561 1150 mihi
589 1109 781 1166 linguam
807 1122 980 1150 auream
1009 1116 1051 1149 et
1084 1122 1157 1150 cor
1181 1107 1369 1150 ferreum
1393 1108 1411 1149 Ξ)
1441 1107 1599 1166 quibus
1634 1122 1714 1165 ego
1760 1094 1763 1138 s

328 1194 416 1222 non
445 1178 735 1232 carminibus,
764 1177 837 1221 sed
860 1176 1243 1220 lamentationibus
1265 1177 1477 1220 sufficiam
1511 1175 1715 1235 plangere
1760 1181 1763 1216 ἐ

328 1249 517 1292 carmina
543 1258 616 1292 tua
637 1268 645 1292 :
666 1249 711 1291 in
727 1247 886 1307 quibus
909 1247 1051 1301 video,
1076 1262 1208 1306 quam
1227 1247 1431 1300 animam,
1451 1247 1571 1306 quod
1594 1249 1714 1305 inge-

328 1319 450 1362 nium
483 1334 572 1362 non
601 1319 708 1362 mihi
742 1318 872 1362 liceat
906 1319 1258 1377 apprchendere,
1294 1327 1337 1362 et
1372 1317 1596 1361 immolare
1628 1320 1715 1362 Deo
1759 1354 1761 1375 2

329 1399 475 1433 nostro
495 1392 511 1431 ‘3
535 1393 746 1449 Expectas
776 1399 823 1433 ut
843 1404 921 1446 ego
944 1390 1140 1449 jubeam,
1167 1389 1219 1431 sis
1251 1389 1389 1432 bonus
1406 1423 1416 1443 ,
1441 1388 1493 1432 sis
1518 1389 1710 1448 quietus,
1759 1434 1761 1439 ⁴

327 1462 382 1504 sis
406 1460 571 1515 beatus,
596 1462 716 1521 quasi
742 1460 982 1520 quidquam
1013 1460 1120 1503 mihi
1137 1459 1305 1503 dierum
1332 1459 1492 1517 gratius
1520 1458 1712 1503 illusces·
1758 1463 1761 1506 ἕ

326 1541 410 1585 cat,
438 1547 570 1590 quam
593 1541 641 1575 ut
670 1531 847 1589 ingenio
879 1540 956 1574 tuo
983 1530 1100 1574 fruar
1135 1531 1180 1574 in
1204 1531 1409 1585 Domino,
1437 1540 1511 1574 aut
1535 1545 1634 1574 vere
1665 1539 1713 1574 tu

326 1602 489 1645 nescias
512 1617 644 1661 quam
673 1612 716 1645 te
738 1602 922 1644 esuriam
955 1610 997 1645 et
1027 1601 1195 1655 sitiam,
1225 1610 1410 1645 autnon
1439 1602 1522 1644 hoc
1545 1602 1636 1660 ipso
1669 1601 1712 1645 id

326 1673 517 1715 carmine
540 1671 724 1716 fatearis.
746 1675 918 1716 Revoca
936 1672 1129 1715 animum
1148 1672 1327 1731 quoista
1345 1671 1570 1730 scripsisti,
1596 1687 1713 1715 nunc

327 1742 431 1784 mihi
460 1743 529 1786 dic
556 1762 564 1787 :
595 1762 614 1784 «
648 1745 740 1786 Hoc
768 1758 875 1802 opus
906 1752 954 1786 ut
973 1743 1126 1802 jubeas
1156 1751 1341 1785 tantum.
1368 1761 1387 1783 »
1415 1745 1526 1786 Ecce
1544 1743 1711 1802 jussum

329 1827 471 1855 meum
486 1848 495 1866 ‚
521 1813 576 1857 da
610 1814 717 1856 mihi
741 1824 782 1857 te
799 1848 810 1868 ‚
841 1814 876 1857 si
898 1814 981 1857 hoc
1003 1828 1112 1872 opus
1134 1822 1198 1856 est
1215 1821 1385 1856 tantum
1409 1831 1418 1857 ι
1439 1811 1493 1856 da
1527 1813 1712 1857 Domino

327 1898 422 1927 meo
452 1893 511 1938 te,
537 1885 612 1944 qui
634 1885 829 1929 omnium
854 1894 1050 1929 nostrum
1074 1883 1276 1929 dominus
1301 1892 1380 1938 est,
1404 1885 1478 1944 qui
1501 1884 1581 1928 tibi
1603 1883 1712 1929 illud

324 1952 503 1998 donavit
535 1956 775 2013 ingenium.
811 1958 920 2001 Nam
944 1971 1025 2014 ego
1053 1955 1160 2016 quid
1182 1970 1305 2010 suni,
1331 1954 1411 1998 nisi
1435 1970 1580 1999 servus
1611 1965 1711 2000 tuus

326 2024 554 2082 peripsum
581 2034 625 2068 et
641 2040 873 2069 conservus
890 2026 972 2069 sub
993 2026 1086 2084 ipso
1108 2027 1126 2069 Ρ

385 2094 437 2137 V.
475 2098 542 2138 An
575 2095 665 2154 ipse
684 2110 769 2139 non
787 2096 914 2154 jubet
931 2097 948 2138 ‘3
966 2094 1066 2138 audi
1083 2095 1392 2154 Evangelium:
1415 2113 1435 2137 «
1455 2096 1605 2140 Stabat
1621 2097 1708 2154 (in-

329 2182 347 2204 »
375 2165 488 2223 quit)
506 2167 645 2219 Jesus,
663 2174 704 2208 et
723 2165 939 2209 clamabat
963 2184 971 2209 ;
995 2165 1148 2208 Venite
1165 2166 1218 2208 ad
1238 2181 1306 2208 me
1323 2181 1473 2209 omnes
1496 2167 1570 2225 qui
1587 2166 1709 2211 labo-

330 2252 348 2274 »
375 2236 476 2277 ratis
497 2243 540 2278 et
562 2235 728 2278 onerati
751 2235 865 2289 estis,
895 2244 936 2278 et
959 2250 1038 2293 ego
1059 2250 1134 2279 vos
1159 2235 1363 2279 reficiam.
1385 2236 1708 2296 Tollitejugum

331 2322 348 2344 »
376 2319 519 2347 meum
554 2320 683 2364 super
717 2320 806 2359 vos,
840 2315 882 2349 et
916 2305 1067 2349 discite
1099 2322 1121 2349 a
1146 2321 1239 2359 me,
1266 2306 1366 2365 quia
1397 2306 1510 2350 mitis
1545 2323 1639 2351 sum
1666 2317 1709 2351 et
1754 2322 1755 2371 ᾗ

332 2397 347 2416 »
375 2375 549 2419 humilis
577 2377 732 2430 corde,
759 2377 1042 2420 etinvenietis
1068 2377 1259 2437 requiem
1293 2379 1517 2422 animabus
1540 2379 1703 2423 vestris.
1753 2385 1755 2419 ἶ

329 2464 346 2485 »
375 2447 538 2503 Jugum
557 2447 671 2489 enim
689 2462 834 2490 meum
849 2447 946 2490 lene
960 2457 1038 2501 est,
1064 2458 1106 2491 et
1129 2449 1291 2492 sarcina
1311 2463 1404 2492 mea
1426 2448 1531 2493 levis
1553 2459 1614 2493 est
1637 2452 1665 2493 ¹.
1685 2469 1704 2490 »
1752 2457 1753 2498 ζ

330 2516 371 2558 Si
394 2516 487 2559 haec
521 2532 608 2560 non
637 2516 902 2568 audiuntur,
932 2526 1006 2561 aut
1043 2532 1178 2576 usque
1209 2517 1262 2562 ad
1301 2533 1423 2562 aures
1452 2518 1704 2572 audiuntur,
1752 2552 1753 2570 ÷

376 2614 380 2627 ¹
402 2606 512 2637 Matth.
536 2617 578 2643 xi,
595 2606 714 2639 28-30.
