1790 3187
348 242 366 278 1
375 242 398 279 8
778 247 809 273 S-
848 246 1076 274 ancus'rim
1111 246 1289 273 ssrlscom

340 317 526 375 impetus
546 314 676 359 animi
692 313 817 356 firma
839 319 881 355 et
906 310 1127 355 moderata
1150 309 1403 354 dominatio.
1434 309 1538 368 Ejus
1554 315 1717 366 partes,
1764 315 1765 318 ’

342 386 635 439 continentia,
670 382 897 428 clementia
921 416 932 436 ,
972 379 1194 436 modestia.
1240 378 1518 425 Continentia
1552 386 1614 421 est
1645 382 1766 436 per'·v

339 472 471 517 quam
495 454 708 515 cupiditas
729 451 895 498 consilii
919 452 1232 511 gubernatione
1252 450 1431 509 regitur.
1455 448 1718 502 Clementia,

339 541 416 586 per
436 541 569 586 quam
593 525 724 583 animi
746 532 906 567 temere
929 522 975 566 in
992 521 1141 566 odium
1170 521 1349 580 alicujus
1371 518 1502 564 illecti
1531 518 1724 562 concita-
1766 556 1767 561 ,

340 597 460 656 tique
481 596 684 641 comitate
698 594 957 638 retinentur.
983 591 1209 646 Modestia,
1227 605 1303 650 per
1325 605 1456 650 quam
1480 589 1622 648 pudor
1642 588 1724 632 ho-

340 675 489 711 nestus
509 666 670 710 claram
689 672 731 708 et
755 662 954 707 stabilem
972 670 1193 721 comparat
1209 661 1528 705 auctoritatem.

400 738 461 780 2⁰.
482 738 627 795 Atque
639 736 734 779 haec
755 733 899 778 omnia
924 741 1101 792 propter
1122 747 1166 777 se
1188 731 1348 786 solum,
1372 739 1422 774 ut
1438 728 1548 774 nihil
1568 726 1725 787 adjun-
1766 734 1767 737 ’

340 814 465 864 gatur
486 806 769 851 emolumenti
795 840 806 860 ,
832 804 1018 864 petenda
1045 813 1162 848 sunt.
1195 801 1324 856 Quod
1355 811 1405 846 ut
1435 807 1724 854 monstretur,

341 890 483 935 neque
501 877 556 920 ad
577 877 659 920 hoc
682 884 879 920 nostrum
902 875 1151 918 institutum
1174 873 1362 932 pertinet
1380 907 1390 927 ,
1406 880 1449 915 et
1471 886 1494 915 a
1516 870 1728 914 brevitate

340 945 620 1006 praecipiendi
637 954 854 990 remotum
870 953 948 988 est.
963 948 1195 1003 Propterea
1208 960 1251 988 se
1261 953 1407 988 autem
1416 940 1593 987 vitanda
1606 948 1724 994 sunt,

339 1031 428 1060 non
449 1031 497 1060 ea
525 1016 655 1060 modo
690 1031 790 1076 quae
820 1015 869 1059 iis
892 1016 1105 1059 contraria
1120 1023 1236 1069 sunt,
1262 1022 1312 1058 ut
1338 1011 1586 1058 fortitudini
1602 1011 1727 1068 igna-

336 1085 427 1139 via,
447 1095 489 1129 et
500 1085 678 1144 justitiae
691 1085 932 1144 injustitia,
954 1085 1239 1129 verumetiam
1262 1082 1334 1128 illa
1354 1098 1453 1143 quae
1483 1081 1729 1141 propinqua

341 1154 545 1199 videntur
566 1164 608 1199 et
629 1155 813 1198 finitima
830 1170 919 1198 esse
935 1189 945 1209 ,
970 1154 1127 1198 absunt
1147 1163 1292 1198 autem
1313 1153 1573 1210 longissime.
1599 1150 1730 1203 Quod

342 1238 478 1281 genus
499 1224 693 1268 fidentiae
715 1226 981 1268 contrarium
1007 1233 1071 1268 est
1091 1223 1339 1268 diffidentia
1355 1259 1365 1279 ,
1387 1232 1430 1267 et
1448 1238 1497 1267 ea
1519 1237 1564 1266 re
1577 1222 1730 1266 vitium

342 1301 406 1335 est
428 1311 437 1337 ι
459 1293 661 1347 audacia,
687 1308 776 1337 non
796 1293 1060 1336 contrarium
1076 1327 1087 1347 ,
1110 1294 1184 1337 sed
1214 1294 1458 1352 appositum
1479 1308 1528 1336 ac
1550 1292 1732 1351 propin·-

343 1376 480 1419 quum
496 1396 506 1415 ,
539 1371 581 1405 et
603 1370 749 1404 tamen
777 1362 931 1405 vitium
954 1370 1031 1405 est.
1066 1362 1134 1406 Sic
1158 1362 1396 1421 unicuique
1422 1361 1573 1405 virtuti
1595 1360 1729 1404 finiti-

344 1445 463 1474 mum
476 1431 632 1475 vitium
645 1432 900 1490 reperietur,
919 1440 995 1476 aut
1008 1440 1127 1496 certo
1142 1432 1232 1491 jam
1249 1432 1427 1476 nomine
1444 1430 1726 1490 appellatum,

345 1509 395 1543 ut
425 1500 602 1545 audacia
623 1516 722 1560 quae
743 1497 934 1544 fidentiae
960 1535 971 1556 ,
1003 1501 1241 1560 pertinacia
1268 1516 1367 1560 quae
1399 1499 1731 1560 perseverantiae
1763 1524 1766 1551 ι

346 1570 530 1616 finitima
551 1581 630 1627 est,
655 1572 899 1631 superstitio
916 1587 1016 1631 quae
1042 1572 1240 1629 religioni
1262 1572 1508 1632 propinqua
1532 1581 1595 1616 est
1622 1592 1632 1628 3
1657 1579 1733 1615 aut
1763 1555 1766 1590 ἰ

345 1640 436 1683 sine
471 1641 563 1686 ullo
600 1651 720 1686 certo
749 1643 926 1687 nomine
950 1660 959 1686 :
994 1657 1094 1701 quae
1122 1643 1269 1687 omnia
1303 1643 1406 1686 item
1429 1644 1494 1686 uti
1515 1641 1732 1686 contraria

347 1724 492 1754 rerum
526 1712 743 1756 bonarum
773 1713 819 1755 in
846 1712 974 1756 rebus
995 1710 1182 1756 vitandis
1220 1727 1495 1771 reponemus.
1520 1714 1582 1756 Ac
1604 1712 1659 1755 de
1680 1726 1732 1756 eo
1763 1708 1771 1758 l

348 1780 525 1838 quidem
546 1796 703 1839 genere
723 1782 982 1837 honestatis,
1002 1782 1122 1841 quod
1143 1783 1263 1826 omni
1285 1797 1334 1826 ex
1349 1791 1472 1842 parte
1490 1791 1667 1841 propter
1687 1796 1732 1827 se
1770 1787 1771 1791 ’

350 1850 530 1907 petitur,
547 1852 647 1895 satis
665 1851 831 1896 dictum
848 1861 926 1897 est.
951 1854 1078 1898 Nunc
1102 1852 1157 1897 de
1175 1867 1241 1908 eo,
1266 1853 1313 1896 in
1334 1868 1423 1912 quo
1437 1852 1600 1897 utilitas
1621 1868 1733 1912 quo·
1769 1856 1772 1900 1

350 1934 436 1978 que
458 1919 710 1981 adjungitur
734 1956 746 1978 ,
770 1923 891 1983 quod
912 1931 1061 1968 tamen
1082 1924 1315 1969 honestum
1342 1938 1564 1978 vocamus,
1588 1924 1733 1968 dicen·
1764 1913 1772 1979 ξ’

349 1989 455 2033 dum
476 1990 664 2035 videtur.
1770 2002 1771 2006 ’

411 2062 472 2104 3⁰.
514 2062 625 2105 Sunt
656 2062 789 2120 igitur
821 2060 958 2105 multa
987 2077 1087 2122 quae
1115 2078 1194 2107 nos
1215 2099 1229 2118 ,
1252 2079 1353 2108 cum
1376 2063 1613 2121 dignitate,
1638 2071 1733 2106 tum
1770 2050 1772 2103 Ῐ

350 2128 498 2173 fructu
510 2146 687 2191 quoque
701 2147 780 2175 suo
792 2131 975 2175 ducunt.
994 2134 1092 2184 Quo
1110 2133 1155 2176 in
1173 2149 1329 2192 genere
1341 2143 1405 2178 est
1423 2133 1572 2192 gloria,
1590 2132 1734 2192 digni·
1770 2166 1772 2170 »

352 2205 417 2242 tas
436 2232 448 2252 ,
479 2200 723 2258 amplitudo
742 2235 753 2256 ,
778 2201 979 2245 amicitia.
1019 2202 1165 2246 Gloria
1186 2213 1249 2248 est
1277 2203 1483 2263 frequens
1510 2203 1565 2247 de
1586 2202 1733 2263 aliquo

353 2266 469 2311 lama
491 2283 592 2313 cum
623 2269 768 2314 laude.
811 2271 1029 2329 DignitaS,
1065 2271 1247 2332 alicujus
1263 2275 1444 2318 honesta
1471 2283 1514 2317 et
1545 2273 1669 2318 cultu
1690 2281 1734 2317 et
1764 2292 1772 2321 ,’

354 2336 519 2382 honore
555 2349 597 2384 et
631 2340 891 2385 verecundia
930 2341 1061 2401 digna
1098 2345 1343 2389 auctoritas.
1384 2345 1641 2404 Amplitudo
1670 2353 1734 2389 est

353 2409 547 2465 potentia
567 2444 577 2463 ,
609 2419 685 2454 aut
707 2412 904 2471 majestas
924 2446 935 2467 ‚
962 2421 1036 2456 aut
1058 2413 1301 2473 aliquarum
1321 2416 1543 2473 copiarum
1577 2429 1734 2473 magna

353 2477 636 2524 abundantia.
656 2482 871 2538 Amicitia,
891 2482 1090 2528 voluntas
1105 2500 1204 2542 erga
1228 2486 1415 2545 aliquem
1436 2499 1582 2530 rerum
1601 2485 1733 2530 bona-

352 2558 466 2601 rum,
491 2547 604 2592 illius
627 2550 760 2609 ipsius
794 2567 919 2596 causa
951 2567 1081 2612 quem
1110 2553 1276 2612 diligit,
1299 2570 1399 2599 cum
1423 2555 1514 2614 ejus
1536 2555 1629 2614 pari
1656 2569 1734 2600 vo·
1764 2557 1768 2610 ἑ

1762 1204 1766 1221 Ι

1764 2211 1772 2249 vnv-
