1790 3187
347 205 431 244 372
788 217 819 240 s.
856 212 1088 240 AUGUSTINI
1122 214 1302 241 El’lsCOPt

345 289 514 325 certum
536 278 641 322 mihi
669 285 731 321 est
751 291 841 321 non
863 277 917 320 de
949 279 1138 336 superbo
1167 279 1312 322 animo
1335 278 1601 335 processisse,
1626 278 1728 321 novi

345 351 462 395 enim
489 349 668 394 fratrem
693 362 857 402 meum,
880 347 955 392 sed
985 349 1019 393 si
1047 347 1153 409 quid
1176 349 1221 392 in
1253 346 1516 406 disputando
1538 362 1616 406 pro
1642 347 1728 391 fide

344 436 451 476 sua,
475 429 518 464 et
535 435 614 479 pro
647 418 850 463 Ecclesiae
883 419 1093 463 charitate
1129 418 1236 462 dixit
1269 416 1447 462 fortasse
1474 417 1727 473 ferventius,

343 493 464 553 quod
487 501 561 536 tua
581 492 763 549 gravitas
783 490 919 535 nollet
943 491 1107 546 audire,
1142 506 1230 535 non
1249 489 1323 534 illa
1343 490 1632 544 contumacia,
1656 488 1732 534 sed

341 563 507 607 fiducia
532 561 798 606 nominanda
814 571 890 606 est.
913 561 1176 607 collatorem
1198 561 1313 606 enim
1335 570 1378 605 et
1399 560 1729 619 disputatorem,

345 649 438 678 non
476 643 783 678 assentatorem
808 642 852 677 et
878 632 1146 677 adulatorem
1181 647 1225 677 se
1254 647 1342 676 esse
1369 631 1586 690 cupiebat.
1623 633 1734 675 Nam

342 704 427 748 hoc
449 714 513 749 est
535 705 680 749 oleum
702 705 955 764 peccatoris,
982 720 1070 764 quo
1104 704 1320 763 Propheta
1343 718 1432 748 non
1453 702 1550 746 vult
1571 701 1733 761 impin-

343 776 465 833 guari
488 786 635 835 caput.
670 779 735 820 Ita
772 777 888 820 enim
922 776 1059 820 dicit:
1089 794 1108 817 «
1143 775 1409 819 Emendabit
1433 789 1502 817 me
1518 774 1660 833 justus
1689 773 1735 817 in
1788 780 1790 787 ’

344 862 366 886 »
387 846 698 903 misericordia,
721 856 764 892 et
787 855 937 905 arguet
955 862 1040 902 me,
1062 845 1207 890 oleum
1226 854 1370 890 autem
1389 843 1626 904 peccatoris
1644 857 1735 887 non

345 933 365 957 »
387 916 631 976 impinguet
655 927 787 977 caput
809 933 958 961 meum
983 920 1013 960 ¹.
1043 935 1062 958 »
1095 916 1264 962 Mavult
1293 916 1410 960 enim
1439 931 1586 962 severa
1607 914 1736 958 mise-

343 987 530 1032 ricordia
554 989 661 1048 justi
684 989 920 1043 emendari,
954 1004 1085 1048 quam
1120 988 1207 1032 leni
1242 987 1502 1032 adulationis
1528 986 1735 1031 unctione

341 1056 526 1102 laudari.
564 1059 691 1102 Unde
720 1061 849 1104 etiam
882 1059 995 1103 illud
1031 1059 1335 1119 propheticum
1360 1068 1422 1103 est
1453 1078 1462 1104 z
1496 1077 1516 1101 «
1549 1058 1634 1112 Qui
1660 1071 1737 1101 vos
1783 1097 1790 1127 ,1

343 1144 364 1168 ))
384 1126 529 1172 felices
549 1129 719 1185 dicunt,
734 1130 779 1173 in
802 1145 991 1174 errorem
1009 1145 1085 1174 vos
1107 1130 1358 1174 mittunt¹.»
1371 1129 1562 1188 Ideoque
1579 1127 1634 1171 de
1656 1128 1737 1172 ho-

343 1198 486 1253 mine,
520 1215 653 1259 quem
683 1199 804 1244 falsae
834 1200 1056 1245 blanditiae
1087 1199 1255 1245 faciunt
1284 1209 1583 1258 arrogantem,
1621 1207 1738 1243 recte
1783 1195 1790 1211 ‘

344 1270 475 1314 etiam
514 1271 647 1329 vulgo
678 1271 854 1327 dicitur,
892 1272 1051 1318 Crevit
1091 1280 1253 1332 caput.
1311 1272 1639 1331 Impinguatum
1675 1279 1740 1314 est

343 1342 462 1385 enirn
488 1341 585 1387 oleo
608 1344 844 1402 peccatoris
867 1362 875 1388 ε
896 1344 980 1388 hoc
1004 1353 1090 1399 est,
1117 1360 1207 1388 non
1229 1359 1377 1403 aspera
1398 1343 1579 1388 veritate
1601 1342 1738 1387 corri-

347 1413 505 1469 gentis,
541 1412 618 1457 sed
649 1413 737 1457 leni
772 1413 958 1458 falsitate
996 1413 1230 1459 laudantis.
1267 1417 1419 1474 Neque
1450 1415 1534 1457 hoc
1566 1414 1613 1456 in
1643 1427 1739 1456 eam

343 1491 513 1541 partem
547 1492 650 1542 peto
683 1484 888 1543 accipias,
914 1485 1036 1544 quasi
1070 1500 1148 1542 ego
1181 1494 1223 1528 te
1246 1501 1269 1528 a
1291 1483 1422 1528 fratre
1444 1482 1612 1529 Evodio
1639 1491 1740 1526 tan-

350 1568 484 1612 quam
503 1569 526 1596 a
539 1554 674 1612 justo,
700 1553 981 1599 emendatum
1005 1556 1187 1613 intelligi
1209 1555 1354 1601 velim.
1368 1557 1530 1599 Vereor
1552 1555 1666 1598 enirn
1685 1567 1741 1597 ne

347 1638 418 1667 me
448 1640 626 1684 quoque
656 1625 824 1685 aliquid
855 1625 1167 1671 contumeliose
1199 1627 1245 1670 in
1267 1635 1309 1670 te
1331 1625 1474 1669 dicere
1505 1625 1737 1680 existimes,

348 1695 470 1752 quod
492 1696 774 1740 vehementer
795 1712 944 1751 caveo,
965 1705 1179 1756 quantum
1200 1710 1391 1756 possum.
1415 1695 1498 1740 Sed
1516 1697 1656 1754 justus
1678 1703 1743 1738 est

350 1764 424 1808 ille
442 1766 519 1825 qui
542 1766 650 1810 dixit
675 1787 686 1824 3
715 1785 733 1809 «
760 1770 854 1826 Ego
877 1783 972 1812 sum
989 1768 1145 1812 veritas
1160 1768 1191 1810 3.
1219 1786 1238 1809 »
1261 1770 1414 1826 Itaque
1434 1767 1488 1810 de
1511 1765 1743 1826 cujuslibet

349 1833 537 1879 hominis
558 1851 632 1880 ore
663 1837 791 1881 nobis
812 1853 964 1882 verum
984 1853 1084 1882 cum
1113 1837 1256 1897 aliqua
1279 1837 1508 1896 asperitate
1529 1835 1738 1889 sonuerit,

352 1920 443 1948 non
473 1906 528 1949 ab
551 1906 628 1951 illo
663 1909 855 1963 homine,
889 1909 965 1969 qui
996 1909 1108 1953 forte
1134 1918 1336 1968 peccator
1365 1919 1443 1962 est,
1469 1906 1545 1951 sed
1564 1907 1619 1950 ab
1651 1907 1743 1964 ipsa

349 1975 545 2030 veritate,
570 1977 653 2021 hoc
676 1987 755 2033 est,
781 1995 803 2022 a
827 1979 1015 2034 Christo,
1044 1980 1120 2038 qui
1144 1981 1286 2038 justus
1317 1987 1396 2032 est,
1423 1977 1737 2021 emendamur:
1787 1977 1790 1992 l

352 2059 408 2087 ne
445 2055 644 2090 nostrum
672 2058 805 2106 caput
838 2049 1041 2103 blandae,
1073 2050 1148 2092 sed
1186 2049 1437 2107 perniciosae
1480 2046 1742 2091 adulationis

351 2117 521 2172 unctio,
547 2118 631 2162 hoc
652 2127 732 2173 est,
764 2117 909 2162 oleum
937 2118 1173 2178 peccatoris
1195 2118 1454 2177 impinguet.
1480 2121 1742 2177 Quanquam

352 2186 481 2230 etiam
505 2187 539 2230 si
563 2188 694 2231 frater
713 2188 905 2233 Evodius
921 2188 1191 2249 aliquantum
1211 2205 1290 2249 pro
1312 2205 1399 2233 suae
1424 2187 1744 2234 communionis
1788 2181 1790 2205 ³

353 2255 606 2302 defensione
632 2260 868 2315 turbatior,
895 2261 1056 2320 aliquid
1092 2260 1246 2304 elatius
1280 2262 1424 2305 animo
1458 2260 1741 2305 commotiore

351 2327 548 2384 dixisset,
583 2331 700 2375 aetati
735 2332 921 2376 hominis
951 2341 994 2375 et
1026 2333 1266 2377 necessitati
1288 2348 1428 2377 causae
1456 2341 1498 2377 te
1520 2338 1740 2391 oporteret
1783 2375 1790 2400 ,n

352 2398 590 2456 ignoscere.

411 2471 486 2512 IV.
532 2471 649 2515 Illud
681 2481 825 2516 tamen
857 2473 976 2532 quod
1002 2474 1254 2532 promittere
1294 2473 1496 2532 dignatus
1529 2485 1598 2527 es,
1637 2479 1740 2530 peto
1788 2463 1789 2469 ¹

402 2562 407 2576 ¹
438 2555 517 2586 l'sal.
537 2566 714 2597 cx12‚7.*—-
734 2565 743 2578 ²
774 2559 843 2589 lsai.
872 2567 1047 2599 111‚1¹1.-
1066 2558 1076 2576 ‘⁴
1097 2561 1188 2591 Joau.
1209 2570 1271 2590 xiv.
1295 2560 1325 2589 G.
