1790 3187
583 226 777 252 crisrom
815 229 916 253 xxv.
1360 220 1434 252 3²21

54 357 238 372 mmm
245 355 595 372 wumfflm‘vmvm
601 355 810 370 mmmmm
815 355 1232 371 um1wwvvnwv=mwxn
1238 355 1442 371 mmmmm

487 466 801 513 Epistola
846 467 968 513 xm
995 468 1026 511 ¹.

52 602 53 606 ’
103 602 233 636 Domino
263 602 353 636 fratri
380 603 528 636 unanimo
560 608 594 635 et
621 602 799 636 venerabili
823 604 1090 637 AUGUSTINO
1115 604 1344 638 PAULINUS
1371 608 1402 635 et

523 659 758 692 THERASIA
774 664 976 702 peccatores.

49 775 297 822 Paulinus
320 777 612 838 Augustino,
647 776 898 836 exquisitis
920 793 1026 821 eum
1053 775 1276 822 laudibus
1309 793 1450 822 exor-

116 865 240 893 nans
257 865 349 908 pro
372 850 579 907 quinque
604 850 704 911 ejus
721 847 950 894 adver-sus
970 847 1277 893 Mania-licem
1300 848 1448 904 libr-is,

116 935 234 979 quos
278 919 343 965 ab
387 919 568 981 Alypio
622 933 895 978 acceperut.
952 918 1142 963 Panem
1187 919 1280 977 ipsi
1323 917 1450 963 dono

114 1000 271 1035 mittit.

118 1128 150 1168 1.
192 1144 212 1167 «
244 1126 465 1170 CnAm'rAs
484 1124 643 1169 Christi
670 1139 770 1184 quae
790 1132 915 1181 urget
942 1139 1038 1178 nos,
1073 1132 1115 1167 et
1137 1124 1333 1168 absentes
1354 1125 1456 1170 licet

6 1190 8 1253 ᾗ
57 1210 134 1255 per
159 1195 374 1239 unitatem
403 1195 504 1239 fidei
533 1193 702 1252 alligat,
726 1195 816 1252 ipsa
844 1193 1050 1237 fiduciam
1081 1193 1134 1237 ad
1169 1203 1212 1238 te
1234 1195 1457 1240 scribendi

57 1265 225 1326 pudore
250 1265 434 1324 depulso
457 1265 674 1324 praestitit,
707 1273 838 1324 teque
860 1279 937 1323 per
965 1264 1129 1307 litteras
1159 1273 1255 1307 tuas
1277 1265 1455 1310 visceri-

9 1378 11 1382 .
56 1337 138 1380 bus
175 1337 281 1380 meis
308 1336 525 1379 intimavit
560 1351 667 1394 quas
702 1343 745 1378 et
778 1335 833 1377 de
868 1333 1133 1378 scholasticis
1170 1333 1454 1380 facultatibus

9 1446 11 1450 .
55 1408 299 1461 affluentes,
332 1417 373 1451 et
398 1407 453 1451 de
474 1406 728 1451 coelestibus
752 1406 859 1449 lavis
892 1404 1056 1460 dulces,
1091 1415 1140 1449 ut
1169 1407 1323 1450 animae
1346 1423 1454 1452 meae

1 1472 10 1523 l
54 1478 242 1523 medicas
264 1487 308 1522 et
333 1478 520 1532 altrices,
546 1478 589 1520 in
612 1478 809 1536 quinque
827 1476 948 1519 libris
970 1476 1143 1519 interim
1168 1486 1312 1530 teneo,
1344 1494 1454 1537 quos

2 1543 12 1595 ζ’
54 1565 235 1594 munere
257 1549 475 1594 benedicti
493 1559 535 1593 et
550 1548 810 1593 venerabilis
833 1548 958 1591 nobis
979 1548 1168 1607 episcopi
1192 1549 1326 1592 nostri
1348 1549 1451 1608 Aly-

3 1622 7 1666 i
55 1620 139 1681 pii,
175 1637 264 1666 non
288 1636 367 1680 pro
393 1631 538 1665 nostra
577 1620 863 1663 instructione
888 1628 1077 1671 tantum,
1104 1618 1179 1662 sed
1212 1620 1340 1664 etiam
1372 1637 1451 1679 pro

55 1691 255 1737 Ecclesiae
278 1691 514 1736 multarum
533 1691 710 1734 urbium
733 1690 923 1733 utilitate
941 1691 1225 1748 suscepimus.
1260 1694 1347 1735 Hos
1366 1692 1449 1750 igi-

56 1773 125 1809 tur
142 1780 261 1808 nunc
278 1763 412 1808 libros
436 1762 611 1806 lectioni
632 1762 773 1805 habeo
795 1781 806 1817 3
831 1761 875 1803 in
901 1761 966 1804 his
989 1776 1058 1804 me
1084 1760 1258 1805 oblecto
1281 1782 1292 1818 3
1311 1763 1449 1807 dehis

53 1836 201 1880 cibum
231 1835 372 1894 capio,
398 1850 487 1877 non
514 1833 637 1877 illum
669 1833 744 1892 qui
769 1832 895 1890 perit,
922 1831 996 1874 scd
1026 1833 1101 1890 qui
1120 1842 1324 1891 operatur
1349 1834 1449 1878 vitae

19 1894 22 1961 l
53 1916 228 1951 aeternae
249 1905 537 1950 substantiam
561 1920 638 1963 per
666 1904 796 1947 fidem
822 1911 1038 1956 nostram,
1064 1918 1151 1961 qua
1181 1902 1445 1963 adcorpora-

0 1965 22 2014 ‚⁴
54 1992 149 2021 mur
167 1977 211 2020 in
229 1976 401 2021 Christo
417 1978 518 2020 Jesu
538 1976 724 2019 Domino
740 1982 913 2016 nostro:
936 1988 1036 2016 curn
1054 1972 1160 2016 fides
1183 1984 1328 2018 nostra
1347 1991 1447 2034 quae

52 2047 284 2091 visibilium
315 2046 560 2104 negligens,
593 2042 885 2087 invisibilibus
908 2043 1072 2096 inhiat,
1097 2058 1172 2100 per
1189 2044 1443 2089 charitatem

53 2117 193 2161 omnia
221 2116 464 2161 secuudum
482 2115 706 2159 veritatem
739 2112 1051 2171 omnipotentis
1077 2113 1151 2155 Dei
1173 2113 1440 2169 credentem,

0 2220 4 2229 .
55 2186 202 2233 litteris
221 2197 264 2231 et
291 2186 497 2245 exemplis
525 2185 719 2230 fidetium
745 2184 992 2227 roboretur.
1013 2184 1050 2227 Ο
1083 2198 1184 2227 vere
1207 2183 1268 2227 sal
1297 2194 1439 2240 terrae,

53 2273 138 2318 quo
161 2257 398 2318 praecordia
420 2265 566 2300 nostra
587 2271 641 2299 ne
658 2255 825 2314 possint
854 2253 1001 2298 saeculi
1028 2269 1256 2297 vanescere
1279 2270 1438 2310 errore,

53 2329 332 2373 condiuntur,
359 2330 396 2372 O
419 2328 596 2371 lucerna
617 2327 749 2384 digne
780 2339 909 2383 supra
931 2323 1222 2368 candelabum
1249 2325 1440 2370 ecclcsiae

54 2400 206 2458 posita,
234 2415 333 2460 quae
356 2398 440 2442 late
458 2397 681 2442 catholicis
708 2396 892 2439 urbibus
923 2394 978 2438 de
1002 2393 1245 2452 septiformi
1276 2395 1440 2453 lychno

21 2416 25 2555 ι
53 2479 218 2529 pastum
237 2470 334 2514 oleo
356 2470 518 2513 laetitiae
535 2467 684 2512 lumen
704 2466 954 2519 effundens,
981 2466 1134 2508 densas
1150 2464 1253 2508 licet
1267 2466 1441 2512 haereti-

100 2579 108 2594 ¹
130 2572 210 2605 Alias
228 2583 314 2604 xxxi.
341 2570 417 2614 quae>
433 2575 541 2604 autem
560 2581 626 2603 xxv
653 2573 735 2608 erat,
763 2579 846 2601 nunc
864 2578 954 2599 cxcv.
974 2584 1009 2590 —
1031 2566 1157 2609 Scripta
1173 2578 1247 2600 cum
1261 2570 1438 2611 superiore.

237 2636 365 2665 cxcv.
1171 2622 1218 2660 <21
