1790 3187
649 230 843 255 mussona
879 230 970 255 xxi.
1424 223 1499 258 301

116 293 257 352 diligis
288 295 382 337 me?
405 301 522 337 certe
543 292 685 350 diligis
713 293 846 352 ipsam
880 294 1100 338 ecclesiam
1123 330 1134 349 ,
1161 296 1228 339 eui
1256 310 1321 339 me
1345 297 1402 340 sic
1424 298 1505 340 mi-

116 366 295 408 nistrare
327 364 532 408 voluisti?
554 373 597 407 et
620 373 763 407 tamen
786 373 930 408 certus
955 381 1050 409 sum
1073 366 1194 426 quod
1218 375 1261 410 et
1286 382 1353 410 me
1376 376 1418 411 et
1440 368 1507 426 ip-

113 450 202 480 sam
227 435 384 494 diligis.
416 435 497 480 Sed
521 444 648 494 putas
673 450 742 478 me
766 434 972 480 idoneum
992 471 1002 491 ‚
1030 453 1128 481 cum
1153 452 1234 496 ego
1263 436 1417 482 melius
1439 453 1508 482 me

111 505 330 560 noverim,
356 506 432 567 qui
455 516 600 550 tamen
619 521 698 550 nec
716 506 808 565 ipse
831 522 899 551 me
923 523 1115 563 nossem,
1141 508 1222 552 nisi
1245 509 1508 568 experiendo

111 576 373 622 didicissem.

177 650 253 692 lv.
284 647 367 693 Sed
392 646 497 692 dicit
519 646 699 692 sortasse
721 649 925 693 sanctitas
949 658 1049 694 tua:
1076 648 1243 694 Vellem
1266 650 1374 695 scire
1402 651 1510 710 quid

111 718 220 764 desit
245 720 521 764 instructioni
544 730 644 764 tuae.
670 723 773 764 Tam
795 721 930 765 multa
954 731 1099 765 autem
1124 730 1248 775 sunt,
1269 731 1319 766 ut
1342 720 1510 767 facileus

112 792 271 850 possim
303 806 559 835 enumerare
581 808 680 851 quae
705 792 913 846 habeam,
937 808 1067 852 quam
1092 809 1190 852 quae
1207 793 1368 837 habere
1396 793 1510 837 desi-

110 860 231 905 dero.
260 862 479 905 Auderem
504 862 619 905 enim
644 862 811 917 dicere,
835 863 942 907 scire
962 878 1056 916 me,
1080 871 1122 905 et
1146 862 1273 921 plena
1299 862 1383 906 side
1405 864 1510 907 reti-

110 949 214 977 nere
233 933 339 993 quid
367 935 581 993 pertineat
610 934 663 976 ad
693 933 878 977 salutem
909 942 1117 977 nostram.
1148 932 1232 978 Sed
1260 934 1343 978 hoc
1367 934 1509 993 ipsum

111 1005 336 1065 quomodo
371 1003 611 1047 ministrem
641 1003 694 1047 ad
729 1002 913 1048 salutem
945 1002 1127 1048 aliorum
1148 1038 1159 1058 ,
1197 1019 1286 1048 non
1310 1020 1511 1063 quaerens

110 1075 230 1136 quod
256 1075 360 1119 milii
391 1073 500 1119 utile
534 1084 619 1129 est,
646 1075 722 1119 sed
750 1075 872 1135 quod
895 1074 1067 1130 multis,
1094 1084 1143 1120 ut
1165 1075 1269 1119 salvi
1296 1077 1431 1120 fiant?
1456 1078 1511 1121 Et

110 1156 213 1191 sunt
252 1145 432 1190 tortasse
469 1145 641 1207 aliqua,
677 1147 766 1191 imo
802 1163 889 1191 non
925 1157 988 1192 est
1014 1146 1309 1191 dubitandum
1345 1163 1435 1192 esse
1466 1147 1512 1192 in

112 1217 273 1261 sanctis
291 1216 411 1261 libris
429 1218 672 1276 conscripta
696 1217 872 1262 consilia
886 1253 898 1272 ,
918 1218 1079 1277 quibus
1097 1218 1281 1277 cognitis
1296 1227 1338 1262 et
1358 1234 1511 1277 appre-

115 1287 259 1331 hensis
289 1288 418 1348 possit
442 1288 575 1332 homo
605 1287 678 1332 Dei
702 1288 832 1332 rebus
857 1288 1152 1333 ecclesiasticis
1173 1288 1513 1332 ordinatioribus

116 1358 358 1402 ministrare
376 1394 386 1413 ,
419 1368 495 1402 aut
523 1367 641 1402 certe
670 1359 782 1402 inter
807 1375 959 1403 manus
985 1359 1237 1419 iniquorum
1272 1358 1341 1403 vel
1369 1361 1513 1403 vivere

113 1429 375 1473 conscientia
393 1429 584 1484 saniore,
611 1429 679 1472 vel
703 1430 836 1486 mori,
871 1439 919 1473 ut
941 1428 1014 1474 illa
1038 1431 1126 1474 vita
1149 1445 1238 1474 non
1262 1430 1509 1484 amittatur,

114 1499 184 1544 cui
214 1500 288 1544 uni
317 1500 562 1545 Christiana
594 1499 726 1544 corda
756 1499 938 1544 humilia
962 1509 1005 1544 et
1027 1509 1252 1544 mansueta
1276 1501 1509 1559 suspirant.

115 1571 346 1624 Quomodo
364 1581 508 1615 autem
527 1572 609 1615 hoe
628 1572 720 1615 ficri
741 1580 906 1631 potest,
930 1572 1011 1615 nisi
1030 1571 1402 1632 quemadmodum
1423 1572 1512 1632 ipse

115 1643 324 1687 Dominus
358 1643 490 1697 dicit,
528 1642 719 1702 petendo
740 1678 752 1697 ,
789 1642 1055 1703 quaerendo,
1094 1642 1337 1702 pulsando,
1376 1643 1420 1686 id
1449 1652 1514 1688 est

116 1713 281 1758 orando
301 1749 311 1769 ,
343 1713 556 1773 legendo,
594 1714 873 1773 plangendo?
904 1714 970 1758 Ad
999 1715 1119 1773 quod
1154 1715 1379 1773 negotium
1404 1714 1512 1758 mihi

117 1799 300 1844 parvum
328 1794 499 1844 tempus
533 1782 655 1828 velut
685 1799 824 1844 usque
853 1782 907 1828 ad
939 1784 1100 1828 Pascha
1131 1785 1363 1842 impetrare
1393 1783 1512 1828 volui

116 1869 195 1914 per
218 1853 370 1899 fratres
399 1871 421 1898 a
455 1864 527 1898 tua
558 1854 843 1899 sincerissima
871 1863 916 1899 et
938 1853 1178 1899 venerabili
1207 1855 1438 1910 charitate,
1469 1863 1510 1899 et

118 1942 237 1971 nunc
262 1942 336 1985 per
351 1927 427 1970 has
445 1941 593 1985 preces
615 1926 731 1970 volo.

178 1999 231 2040 V.
257 1997 371 2050 Quid
388 1998 501 2041 enim
520 2011 805 2055 responsurus
822 2011 917 2040 sum
934 1995 1271 2056 Dominojudici
1291 2015 1300 2042 ι
1320 1999 1417 2041 Non
1433 2012 1513 2056 po-

120 2076 252 2112 teram
276 2068 352 2111 ista
370 2068 458 2127 jam
483 2082 701 2127 quaerere,
726 2082 827 2111 curn
855 2066 1150 2112 ecclesiasticis
1174 2067 1356 2124 negotiis
1373 2068 1512 2128 impe-

121 2138 258 2183 direr?
278 2140 321 2184 Si
343 2154 445 2197 ergo
465 2139 570 2182 mihi
594 2139 711 2184 dicat
732 2158 741 2183 z
765 2141 894 2184 Serve
911 2154 1123 2199 nequam,
1144 2139 1176 2184 si
1199 2139 1301 2184 villa
1323 2139 1513 2184 ecclesiae

121 2209 434 2255 calumniosum
455 2210 643 2270 aliquem
663 2219 886 2270 pateretur
904 2245 914 2263 ,
935 2211 1057 2270 cujus
1077 2209 1290 2254 fructibus
1304 2210 1514 2268 colligen-

123 2281 187 2326 dis
214 2297 370 2341 magna
394 2297 524 2342 opera
551 2282 846 2340 impenditur,
873 2281 1073 2340 neglecto
1102 2296 1203 2339 agro
1227 2297 1356 2341 quem
1379 2282 1512 2341 rigavi

123 2353 330 2412 sanguine
355 2368 473 2407 meo,
495 2352 526 2396 si
559 2351 666 2412 quid
689 2367 815 2411 agere
839 2367 918 2410 pro
941 2368 989 2395 ea
1017 2367 1161 2410 posses
1187 2351 1301 2410 apud
1319 2351 1514 2411 judicem

125 2430 270 2475 terrae,
302 2438 449 2467 nonne
479 2422 684 2466 omnibus
713 2422 1109 2475 consentientibus,
1138 2422 1358 2467 nonnullis
1384 2423 1513 2467 etiam

119 2493 376 2554 jubentibus
397 2503 440 2537 et
460 2493 718 2552 cogentibus
735 2506 932 2551 pergeres
950 2526 960 2546 ,
996 2501 1039 2536 et
1062 2493 1094 2536 si
1117 2502 1269 2536 contra
1288 2501 1329 2536 te
1346 2492 1515 2552 judiea-

129 2574 270 2619 retur,
301 2565 429 2609 etiam
457 2573 696 2609 transmare
726 2562 1056 2622 proficiscereris
1086 2581 1094 2607 :
1120 2571 1250 2624 atque
1278 2562 1361 2608 hoc
1382 2562 1514 2609 modo
