1790 3187
607 216 806 245 zmsrom
838 217 932 244 xix.
1380 206 1463 243 295

137 283 196 326 11.
219 285 329 327 Sane
347 280 554 341 quoniam
579 289 620 324 te
648 280 766 334 novi,
792 280 938 339 accipe
962 281 1046 325 hoc
1068 278 1278 340 quiddam
1300 279 1464 338 grande

77 360 121 397 et
143 353 289 396 breve.
321 354 399 396 Est
431 360 585 396 natura
606 365 683 410 per
714 349 831 395 locos
858 359 901 394 et
923 360 1119 410 tempora
1141 349 1386 405 mutabilis,
1414 359 1464 395 ut

77 438 248 482 corpus.
274 425 330 467 Et
351 431 415 467 est
440 431 595 466 natura
625 438 701 481 per
722 421 840 467 locos
864 421 986 466 nullo
1018 421 1164 476 modo,
1190 421 1266 465 sed
1290 430 1462 466 tantum

75 509 152 556 per
169 503 365 552 tempora
387 494 516 538 etiam
538 494 629 552 ipsa
651 492 888 548 mutabilis,
906 502 956 537 ut
972 493 1130 536 anima.
1152 495 1208 537 Et
1229 501 1290 536 est
1309 502 1464 537 natura

75 581 173 626 quae
199 580 280 610 nec
306 580 383 624 per
401 564 520 609 locos
537 599 547 618 ,
577 579 658 608 nec
687 579 763 623 per
791 573 984 624 tempota
1014 564 1172 608 mutari
1195 572 1358 622 potest,
1382 564 1465 608 hoc

76 639 189 682 Deus
217 645 296 680 est.
334 635 465 689 Quod
495 635 567 680 hic
603 635 819 679 insinuavi
852 651 1033 696 quoquo
1070 635 1201 680 modo
1236 634 1463 690 mutabile,

75 715 272 753 creatura
293 706 477 751 dicitur:
504 706 625 766 quod
647 707 936 761 immutabile,
962 708 1158 751 Creator.
1189 707 1301 751 Cum
1320 715 1464 750 autem

74 794 203 824 omne
231 778 351 838 quod
385 794 475 823 esse
503 778 708 833 dicimus,
741 779 784 822 in
813 788 1028 839 quantum
1066 787 1213 822 manet
1245 776 1462 833 dicamus,

73 859 114 894 et
127 851 171 893 in
186 859 403 910 quantum
416 865 554 894 unum
573 859 652 904 est,
666 850 805 894 omnis
820 865 951 909 porro
968 849 1308 908 pulchritudinis
1323 850 1466 893 forma

72 923 215 966 unitas
231 922 310 966 sit:
335 921 455 966 vides
473 920 669 980 profecto
688 921 731 964 in
756 921 832 964 ista
863 920 1170 964 distributione
1188 929 1462 976 naturarum,

71 991 177 1053 quid
200 1007 370 1036 summe
399 993 475 1048 sit,
497 992 605 1051 quid
629 992 801 1047 infime,
835 1001 878 1035 et
901 1000 1047 1035 tamen
1067 992 1148 1048 sit3
1173 990 1281 1051 quid
1305 990 1462 1046 medie,

72 1064 298 1123 majusque
333 1063 500 1117 infimo,
533 1073 575 1107 et
613 1063 757 1107 minus
773 1078 961 1122 ³*summo
1001 1063 1068 1106 sit.
1101 1064 1330 1107 Summum
1354 1061 1465 1106 illud

70 1143 131 1178 est
156 1135 247 1193 ipsa
281 1134 492 1179 beatitas:
519 1135 737 1189 infimum,
768 1134 888 1194 quod
921 1150 1002 1179 nec
1040 1134 1217 1177 beatum
1257 1148 1345 1177 esse
1382 1148 1463 1192 po-

68 1214 167 1260 test,
190 1220 271 1249 nec
296 1205 500 1249 miserum
523 1225 531 1250 :
552 1206 673 1266 quod
689 1220 792 1250 vero
811 1206 1022 1261 medium,
1045 1205 1150 1249 vivit
1181 1203 1464 1249 inclinatione

12 1264 13 1271 ἵ
67 1275 122 1320 ad
168 1275 394 1330 infimum,
430 1276 620 1334 misere3
654 1277 935 1321 conversione
973 1276 1028 1320 ad
1067 1290 1289 1320 summum
1334 1275 1462 1319 beate

0 1333 5 1413 f
66 1346 188 1392 vivit.
217 1347 303 1400 Qui
325 1348 499 1393 Christo
521 1348 675 1403 credit,
710 1364 800 1393 non
830 1347 971 1406 diligit
1005 1347 1224 1402 infimum,
1253 1362 1343 1392 non
1385 1362 1462 1390 su-

0 1418 2 1428 '
66 1417 212 1477 perbit
239 1417 283 1462 in
307 1419 470 1472 medio,
499 1428 632 1478 atque
664 1419 722 1463 ita
757 1434 930 1463 summo
951 1419 1166 1462 inhaerere
1190 1418 1239 1462 fit
1277 1417 1462 1462 idoneus

0 1494 2 1498 ’
67 1497 110 1533 et
132 1489 215 1533 hoc
236 1498 300 1535 est
322 1499 481 1546 totum,
498 1490 619 1552 quod
641 1505 767 1550 agere
783 1490 1008 1550 jubemur,
1034 1503 1282 1544 monemur,
1303 1503 1461 1533 accen-

0 1575 2 1595 ι
66 1557 225 1605 dimur.

65 1695 1456 1714 mmmmmwwvmmwummmmmwmwmmmmwmwnmwsmmwmm

494 1806 814 1854 EPISTOLA
856 1800 1021 1853 XIX¹·

535 1929 648 1963 GAIO
672 1929 977 1965 AUGUSTINUS.

66 2047 216 2105 Gaio,
246 2064 388 2108 quem
400 2050 543 2113 forte
572 2047 897 2109 dzlsputatwne
926 2059 1152 2096 trax-erat
1177 2048 1249 2096 ad
1279 2049 1454 2099 Eccle-

116 2122 257 2177 siam,
275 2123 418 2166 mz'ttit
443 2138 553 2167 suos
572 2120 717 2168 libros
740 2121 966 2186 legendos
985 2121 1256 2168 adhortans
1275 2132 1327 2168 ut
1337 2139 1451 2183 per·-

119 2201 299 2237 severet
322 2193 370 2237 in
396 2191 519 2238 bono
537 2194 786 2253 proposito

118 2329 153 2370 Ι.
191 2329 254 2371 ΠΤ
277 2327 353 2371 abs
371 2336 413 2372 te
433 2328 728 2383 abscessimus,
754 2328 839 2373 dici
856 2343 945 2372 non
969 2337 1110 2387 potest
1124 2338 1288 2388 quanta
1309 2330 1449 2374 suavi-

60 2404 147 2441 tate
162 2412 240 2441 nos
262 2397 504 2457 perfuderit
527 2399 770 2443 recordatio
788 2400 867 2451 tui,
890 2414 937 2442 ac
959 2415 1073 2458 saepe
1096 2399 1348 2459 perfundat.
1369 2404 1449 2445 Re-

61 2467 241 2512 colimus
262 2470 378 2513 enim
400 2468 554 2514 ardore
573 2470 861 2529 inquisitionis
886 2479 988 2523 tuae,
1013 2485 1113 2514 cum
1137 2480 1246 2514 esset
1267 2471 1447 2515 mirabi·

109 2572 115 2587 ¹
138 2565 220 2598 Alias
234 2578 362 2599 Lxxxiv.
377 2579 445 2611 quae
460 2573 567 2601 autem
582 2580 634 2601 xix
646 2574 728 2609 erat,
745 2581 828 2602 nunc
843 2581 961 2603 Lxxxn.
987 2589 1016 2593 —-
1030 2572 1156 2613 Scripta
1171 2571 1255 2604 forte
1270 2571 1354 2606 circa
1372 2572 1445 2614 390.
