1790 3187
629 157 828 189 EPISTOLA
859 162 922 189 x1.
1386 148 1440 186 27
1447 147 1472 185 9

5 214 42 255 ¹²¹¹
89 218 202 270 bene
236 226 318 270 hoc
339 224 554 269 vocabulo
570 224 615 267 in
630 224 697 268 his
722 225 850 268 rebus
869 225 1048 277 utimur,
1074 231 1118 266 et
1143 222 1199 265 ad
1222 220 1473 280 intelligen-

0 284 42 358 ¹‘{'
88 293 192 341 tiam
213 310 297 353 qua
313 295 405 354 ipse
424 295 595 338 animus
617 308 762 338 rerum
781 295 1043 352 cogitatione
1066 292 1293 337 formatur.
1322 294 1476 350 Itaque

0 363 14 372 '⁸
85 364 297 426 quoniam
334 379 411 425 per
440 365 559 409 illam
591 366 911 424 susceptionem
945 363 1131 408 hominis
1158 361 1203 406 id
1227 370 1371 405 actum
1393 370 1472 415 est,

35 426 40 434 ¹
85 444 136 481 ut
156 435 359 495 quaedam
402 435 527 479 nobis
548 434 777 494 disciplina
809 434 998 489 vivendi,
1029 443 1073 477 et
1094 431 1342 492 exemplum
1369 446 1476 490 prae·

0 562 4 570 Ι
32 544 40 548 .,
83 505 222 564 cepti,
247 505 328 549 sub
348 505 639 565 quarumdam
660 505 971 549 sententiarum
996 504 1218 563 majestate
1238 517 1287 546 ac
1305 501 1475 560 perspi-

10 580 16 590 “
85 575 246 621 onitate
277 576 585 630 insinuaretur,
612 591 701 620 non
738 576 829 620 sine
862 577 1029 620 ratione
1067 576 1149 619 hoc
1181 582 1323 618 totum
1363 571 1476 616 Filio

85 647 302 692 tribuitur.
336 650 386 691 In
414 648 563 691 multis
585 648 700 691 enim
724 647 872 702 rebus,
903 661 1010 706 quas
1033 644 1283 703 cogitationi
1305 651 1348 687 et
1367 657 1474 701 pru-

85 716 244 761 dentiae
267 718 492 761 committo
515 726 603 761 tuae
624 752 635 771 ,
658 718 853 776 quamvis
890 716 1028 759 multa
1053 715 1202 767 insint,
1228 712 1395 772 aliquid
1415 721 1477 755 ta—

84 801 184 830 men
207 787 385 840 eminet,
414 795 458 830 et
473 785 571 830 ideo
593 786 674 831 sibi
699 786 1004 845 proprietatem
1023 783 1260 843 quamdam
1283 797 1372 825 non
1396 781 1474 824 ab·

83 855 213 900 surde
227 855 442 913 vindicat3
458 855 578 900 velut
592 857 638 900 in
655 855 740 900 illis
754 857 892 900 tribus
910 854 1139 912 generibus
1162 853 1474 912 quaestionum,

38 975 40 984 ‚
84 926 250 971 etiamsi
272 936 495 985 quaeratur
512 943 567 971 an
589 927 658 981 sit,
684 928 747 970 ibi
764 936 828 971 est
846 935 888 970 et
911 925 1018 986 quid
1041 925 1110 978 sit,
1136 939 1226 967 esse
1248 924 1362 967 enim
1386 938 1477 967 non

37 991 39 999 ’
82 1005 225 1056 potest
251 996 449 1054 profecto
470 1031 480 1050 ‚
518 997 599 1040 nisi
623 995 787 1056 aliquid
825 996 910 1051 sit,
948 995 1008 1039 ibi
1040 995 1167 1038 etiam
1198 992 1475 1053 probandum

81 1065 476 1125 improbandumve
493 1067 562 1121 sit,
585 1066 804 1126 quidquid
822 1067 938 1110 enim
957 1075 1037 1120 est,
1056 1064 1270 1110 nonnulla
1287 1064 1476 1108 aestima·

34 1135 36 1190 f
82 1137 200 1181 tione
221 1135 404 1195 dignum
427 1145 490 1180 est
512 1155 519 1180 :
546 1137 605 1180 ita
630 1151 731 1181 cum
755 1137 967 1197 quaeritur
989 1135 1096 1195 quid
1129 1135 1204 1189 sit,
1223 1149 1395 1178 neeesse
1413 1143 1476 1177 est

81 1216 131 1251 ut
146 1216 190 1251 et
204 1207 258 1251 sit
270 1241 281 1260 ,
298 1216 342 1250 et
363 1206 507 1266 aliqua
525 1208 812 1252 aestimatione
826 1207 1059 1266 pendatur.
1083 1208 1177 1250 Hoc
1196 1204 1328 1249 modo
1345 1204 1473 1248 etiam

82 1293 182 1323 cum
201 1278 416 1338 quaeritur
432 1278 561 1338 quale
583 1279 652 1333 sit,
672 1288 715 1324 et
737 1278 905 1337 aliquid
921 1286 984 1322 est
1001 1277 1154 1336 utique
1174 1276 1249 1330 ita,
1270 1291 1371 1320 cum
1394 1275 1475 1319 sibi

29 1364 32 1394 ἕ
80 1347 426 1408 inseparabiliter
442 1350 596 1408 juncta
618 1359 720 1394 sunt
748 1350 910 1402 omnia,
936 1362 1097 1392 nomen
1120 1356 1267 1390 tamen
1290 1347 1475 1405 quaestio

28 1433 31 1461 ε
79 1434 170 1463 non
188 1434 240 1463 ex
253 1420 456 1464 omnibus
477 1421 668 1481 accipit.,
682 1429 732 1463 ut
745 1434 836 1463 sese
854 1418 1058 1462 habuerit
1070 1417 1307 1476 quaerentis
1325 1417 1473 1460 inten-

27 1528 29 1530 .
79 1490 156 1534 tio.
178 1492 294 1549 Ergo
317 1490 543 1550 disciplina
566 1491 819 1536 hominibus
840 1499 904 1534 est
927 1489 1180 1539 necessaria,
1197 1504 1284 1548 qua
1306 1488 1472 1532 imbue·

14 1560 19 1568 '
79 1569 246 1616 rentur,
259 1570 302 1605 et
314 1577 400 1621 qua
413 1561 468 1606 ad
479 1561 661 1606 modum
671 1561 982 1606 formarentur.
994 1562 1093 1605 Non
1105 1569 1251 1604 tamen
1263 1558 1450 1618 idipsum
1459 1593 1469 1613 ,

18 1678 19 1682 ,
80 1630 200 1690 quod
221 1646 298 1690 per
320 1632 434 1676 hanc
453 1631 729 1691 disciplinam
748 1632 798 1675 fit
814 1634 858 1674 in
882 1629 1150 1684 hominibus,
1171 1637 1247 1673 aut
1268 1644 1358 1673 non
1383 1644 1472 1673 esse

24 1716 25 1719 ¹
81 1715 311 1759 possumus
334 1701 496 1757 dicere,
514 1711 694 1747 autnon
711 1700 1034 1761 appetendum3
1058 1699 1133 1744 sed
1153 1700 1261 1744 scire
1276 1700 1394 1758 prius
1410 1701 1473 1744 in·

82 1772 319 1827 tendimus,
345 1782 387 1817 et
404 1788 481 1832 per
501 1773 623 1832 quod
643 1774 923 1833 conjiciamus
936 1771 1118 1831 aliquid,
1144 1772 1246 1815 etin
1267 1787 1357 1831 quo
1376 1786 1473 1816 ma·-

81 1856 276 1886 neamus.
298 1843 647 1888 Demonstranda
674 1845 803 1900 igitur
827 1843 946 1902 prius
973 1851 1066 1885 erat
1088 1840 1290 1901 quaedam
1320 1857 1473 1886 norma

81 1921 125 1957 et
146 1913 295 1971 regula
315 1913 580 1973 disciplinae,
605 1914 725 1973 quod
747 1913 914 1958 factum
938 1905 1005 1959 'est
1025 1913 1110 1972 {per
1138 1912 1257 1956 illam
1286 1913 1477 1972 suscepti

82 1982 268 2027 hominis
284 1983 650 2042 dispensationem
667 2019 678 2039 ‚
700 2000 800 2044 quae
828 1986 1003 2044 proprie
1025 1984 1138 2028 Filio
1156 1983 1390 2028 tribuenda
1410 1993 1476 2028 est

82 2063 132 2098 ut
156 2063 265 2098 esset
286 2069 557 2114 consequens
585 2064 628 2099 et
650 2055 782 2115 ipsius
807 2056 961 2111 Patris,
983 2055 1029 2100 id
1052 2066 1131 2110 est,
1155 2055 1286 2099 unius
1310 2054 1475 2114 princi-

83 2124 164 2183 pii,
187 2140 237 2168 ex
257 2140 347 2184 quo
370 2134 473 2169 sunt
504 2127 649 2170 omnia
663 2161 673 2181 ,
694 2127 888 2186 cognitio
912 2143 988 2187 per
1011 2126 1189 2180 Filium,
1210 2136 1254 2170 et
1270 2125 1473 2185 quaedam

80 2193 262 2238 interior
277 2203 319 2238 et
336 2195 572 2240 ineffabilis
587 2197 773 2241 suavitas
796 2206 927 2257 atque
949 2196 1210 2251 dulced0,in
1226 2197 1304 2240 ista
1320 2197 1475 2255 cogni-

84 2264 200 2308 tione
221 2265 507 2323 permanendi
523 2267 925 2327 contemnendique
948 2267 1095 2312 omnia
1117 2265 1334 2321 mortalia,
1354 2266 1476 2326 qnod

83 2332 247 2379 donum
270 2345 313 2380 et
333 2352 494 2380 munus
518 2338 691 2396 proprie
725 2338 903 2396 Spiritui
934 2347 1084 2381 sancto
1108 2337 1331 2382 tribuitur.
1358 2340 1473 2395 Ergo

84 2418 184 2459 cum
205 2415 390 2463 agantur
410 2407 554 2452 omnia
585 2423 754 2452 summa
775 2409 1085 2453 communione
1106 2417 1149 2451 et
1170 2407 1472 2467 inseparabili-

83 2483 188 2531 tate,
214 2485 359 2521 tamen
390 2476 593 2522 distincte
616 2478 954 2522 demonstranda
980 2487 1101 2522 erant
1124 2487 1312 2537 propter
1330 2479 1472 2522 imbe-
