1790 3187
338 188 416 224 128
773 199 806 224 s.
843 197 1071 224 AUGUSTlNl
1104 195 1283 223 EPISCOH

332 261 517 322 publicis
529 262 685 306 servire
696 262 879 319 cogitur.
892 264 1064 315 Quanto
1078 262 1206 319 igitur
1215 261 1341 304 etiam
1357 261 1546 304 humana
1564 261 1704 305 anima

332 333 502 377 deserto
520 335 624 387 Deo,
646 333 731 377 suis
744 332 982 377 honoribus
1003 333 1072 376 vel
1088 348 1161 376 sua
1182 340 1391 391 potestate
1412 331 1546 376 fuerit
1563 331 1708 375 delec-

334 414 435 461 tata,
462 414 583 450 tanto
604 406 739 464 magis
760 405 962 450 subditur
985 406 1143 450 talibus
1166 406 1466 465 potestatibus,
1493 421 1592 465 quae
1618 405 1708 464 pri-

332 484 433 520 vato
460 492 538 520 suo
563 475 772 535 gaudent,
795 485 838 520 et
866 477 1068 521 honorari
1085 477 1138 520 ab
1157 476 1405 521 hominibus
1433 477 1543 521 sicut
1558 475 1618 520 dii
1632 491 1710 520 cu-

333 546 459 606 piunt
475 566 484 591 z
500 547 657 605 quibus
671 546 817 591 divina
839 549 931 605 lege
944 563 1056 607 saepe
1071 546 1341 601 conceditur,
1360 555 1408 591 ut
1426 547 1484 591 eis
1506 561 1614 605 quos
1631 545 1712 590 sibi

334 617 573 662 secundum
598 633 747 662 eorum
767 618 917 662 merita
939 618 1289 678 subjugaverint,
1306 619 1475 677 privato
1506 617 1581 661 illo
1615 618 1712 676 jure

334 689 464 732 etiam
482 688 790 733 miraculorum
804 687 967 747 aliquid
986 698 1205 747 praestent,
1221 689 1266 731 in
1278 689 1342 733 his
1361 689 1489 733 rebus
1505 688 1708 732 exhiben-

334 758 490 803 dorum
505 795 515 813 ,
541 757 700 820 quibus
718 769 819 804 sunt
851 760 1016 814 infimo,
1045 759 1117 804 sed
1137 768 1282 803 tamen
1301 760 1617 804 ordinatissimo
1632 774 1709 819 po-

336 838 539 874 testatum
568 831 703 889 gradu
725 831 982 891 praepositae.
1022 830 1105 875 Sed
1132 831 1209 875 ubi
1239 830 1385 875 divina
1407 841 1614 890 tanquam
1637 846 1716 889 pu-

337 901 448 945 blica
465 901 532 945 lex
548 902 697 961 jubet,
725 903 858 946 vincit
885 903 1037 962 utique
1070 903 1278 961 privatam
1306 901 1522 946 licentiam
1549 921 1557 945 :
1579 916 1717 960 quan-

336 980 470 1030 quam
493 980 535 1015 et
557 972 648 1031 ipsa
680 978 846 1032 privata
864 971 1037 1016 licentia
1055 1008 1065 1027 ,
1102 973 1182 1016 nisi
1212 971 1461 1017 universalis
1497 971 1717 1031 potestatis

337 1042 497 1087 divinae
525 1044 825 1102 permissione,
857 1043 977 1087 nulla
1011 1053 1134 1088 esset.
1174 1044 1364 1104 Ideoque
1396 1044 1473 1100 fit,
1505 1051 1554 1086 ut
1582 1041 1718 1086 sancti

337 1112 416 1156 Dei
438 1113 565 1167 servi,
591 1113 768 1172 quando
785 1114 868 1158 hoc
884 1113 1049 1158 donum
1069 1129 1140 1158 eos
1163 1114 1322 1158 habere
1343 1113 1450 1157 utile
1468 1121 1546 1168 est,
1571 1127 1720 1156 secun-

337 1182 442 1227 dum
467 1183 684 1243 publicam
710 1193 753 1227 et
783 1184 972 1244 quodam
1002 1185 1133 1229 modo
1165 1184 1431 1244 imperialem
1454 1184 1616 1242 legem,
1638 1184 1720 1227 hoc

338 1263 402 1298 est
418 1288 429 1309 ,
449 1255 607 1297 summi
631 1255 706 1298 Dei
730 1264 984 1313 potestatem
1013 1255 1228 1314 imperent
1258 1254 1416 1298 infimis
1439 1253 1719 1314 potestatibus

338 1324 393 1368 ad
411 1324 612 1384 quaedam
630 1324 811 1368 visibilia
830 1323 1037 1369 miracula
1053 1323 1249 1369 facienda
1270 1344 1278 1368 z
1308 1325 1351 1368 in
1369 1324 1451 1368 illis
1469 1324 1582 1367 enirn
1608 1327 1719 1368 Deus

337 1394 429 1454 ipse
450 1395 650 1454 imperat,
667 1396 787 1454 cujus
806 1395 1017 1453 templum
1037 1405 1153 1449 sunt,
1172 1405 1212 1439 et
1228 1411 1357 1455 quem
1377 1403 1625 1454 contempta
1647 1410 1720 1438 sua

337 1465 503 1523 privata
527 1474 736 1524 potestate
758 1464 1055 1509 ardentissime
1077 1465 1278 1524 diligunt.
1305 1469 1355 1509 In
1384 1466 1559 1524 magicis
1576 1473 1721 1508 autem

337 1536 742 1596 imprecationibuS,
771 1536 825 1581 ad
846 1536 1090 1581 illecebram
1117 1538 1403 1597 deceptionis,
1436 1547 1485 1580 ut
1512 1537 1593 1581 sibi
1617 1538 1721 1581 sub·
1753 1574 1755 1584 ,

334 1608 492 1667 jugent
509 1623 580 1652 eos
594 1607 753 1668 quibus
768 1606 868 1651 talia
887 1608 1148 1663 concedunt,
1175 1617 1381 1667 praestant
1403 1607 1607 1651 effectum
1624 1622 1721 1667 pre-

339 1678 463 1722 cibus
490 1688 533 1722 et
565 1678 809 1722 ministeriis
839 1694 1011 1733 eorum,
1043 1679 1210 1738 privato
1242 1678 1316 1723 illo
1346 1680 1442 1738 jure
1465 1678 1718 1736 largientes,

339 1748 459 1808 quod
481 1749 562 1792 sibi
583 1747 684 1792 licet
711 1748 857 1807 largiri
882 1749 1197 1809 honorantibus
1227 1765 1285 1804 se,
1310 1749 1477 1808 sibique
1500 1748 1721 1793 servienti-

339 1820 437 1875 bus,
465 1830 509 1864 et
523 1820 723 1880 quaedam
743 1836 889 1864 secum
906 1821 950 1864 in
973 1822 1249 1865 sacramentis
1266 1821 1351 1865 suis
1370 1830 1494 1880 pacta
1515 1820 1723 1865 servanti-

340 1892 438 1935 bus.
464 1892 706 1951 thuando
719 1891 921 1935 videntur
939 1891 1149 1951 imperare
1167 1892 1304 1950 magi,
1327 1908 1402 1951 per
1424 1891 1722 1936 sublimiorum
1749 1903 1752 1911 ’

340 1963 516 2007 nomina
554 1963 778 2007 inferiores
824 1972 1010 2020 terrent,
1051 1974 1092 2006 et
1135 1962 1345 2006 nonnulla
1384 1963 1588 2015 visibilia,
1624 1977 1750 2022 quae¹

340 2044 518 2093 propter
544 2033 841 2077 infirmitatem
877 2033 1015 2077 carnis
1049 2049 1203 2091 magna
1241 2032 1444 2076 videntur
1474 2032 1749 2088 hominibus¹

342 2121 428 2149 non
447 2103 691 2149 valentibus
712 2114 873 2148 aeterna
899 2105 1120 2157 contueri,
1145 2120 1242 2163 quae
1265 2119 1339 2162 per
1365 2120 1407 2147 se
1428 2105 1569 2163 ipsum
1594 2119 1724 2163 praes-

342 2185 405 2219 tat
425 2174 707 2219 dilectoribus
725 2175 810 2219 suis
823 2190 948 2218 verus
965 2178 1090 2228 Deus,
1111 2175 1364 2218 mirantibus
1380 2175 1597 2219 exhibent.
1622 2177 1723 2219 Haec

344 2255 487 2290 autem
511 2245 722 2304 permittit
745 2248 857 2288 Deus
875 2246 989 2304 juste
1012 2245 1154 2289 omnia
1178 2231 1447 2321 molrderans,
1474 2256 1522 2290 ut
1544 2262 1622 2305 pro
1645 2262 1720 2290 cu·
1745 2253 1747 2262 ⁴

342 2315 598 2375 piditatibus
617 2326 657 2360 et
676 2316 956 2360 electionibus
972 2315 1057 2358 suis
1075 2316 1301 2359 servitutes
1321 2332 1469 2360 eorum
1488 2316 1724 2360 libertates·

343 2396 493 2446 tesquc
523 2387 768 2431 distribuat.
802 2389 857 2430 Et
879 2387 910 2429 si
939 2385 1114 2446 quando
1149 2387 1421 2431 invocatione
1453 2388 1611 2432 summi
1630 2386 1718 2440 Dei,

345 2457 509 2517 aliquid
534 2473 611 2516 pro
637 2457 722 2501 suis
752 2456 874 2500 malis
904 2456 1213 2515 cupiditatibus
1246 2457 1501 2516 impetrant,
1536 2455 1744 2506 vindicta,

345 2536 408 2573 est
437 2526 506 2571 illa
525 2562 535 2582 ,
566 2543 653 2571 non
685 2527 835 2586 gratia.
873 2529 968 2572 Non
996 2526 1123 2570 enims
1140 2526 1295 2571 frustra
1325 2526 1428 2571 dicit
1460 2527 1713 2586 ApostoluS,
