1790 3187
327 229 408 265 120
747 236 777 263 s.
818 237 1044 264 Aue-Usum
1078 237 1256 264 muscom

324 319 414 348 uon
432 303 641 348 continuo
662 300 884 361 aequalitas
910 321 918 346 :
944 303 1021 345 ubi
1047 301 1270 362 aequalitas
1287 336 1298 357 ,
1322 301 1530 346 continuo
1552 301 1701 346 simili-

323 375 448 427 tudo,
470 390 559 418 non
574 374 782 418 continuo
799 372 941 431 imago
956 376 971 399 1
993 392 1003 417 e
1023 373 1100 417 ubi
1122 372 1375 428 similitudo,
1390 387 1478 417 non
1492 372 1701 418 continuo
1733 393 1736 396 ·

323 446 465 504 imago
485 480 495 498 ,
531 459 620 488 non
649 443 857 488 continuo
890 443 1127 503 aequalitas.
1148 444 1247 488 'Ubi
1281 443 1423 501 imago
1448 478 1459 498 ,
1494 442 1702 488 continuo

323 515 562 560 similitudo
580 551 590 569 ,
626 530 714 559 non
753 514 962 559 continuo
990 514 1213 574 aequalitas
1239 533 1248 558 :
1281 523 1330 557 ut
1365 515 1409 557 in
1439 513 1615 572 speculo
1640 522 1703 559 est

320 587 463 645 imago
480 586 666 630 hominis
681 620 691 639 ,
708 585 810 644 quia
829 585 882 628 de
907 584 983 629 illo
998 600 1189 644 expressa
1209 593 1271 628 est
1289 604 1300 641 3
1324 592 1387 628 est
1408 584 1534 627 etiam
1558 599 1704 628 neces-

320 658 430 701 sario
449 655 703 710 similitudo,
721 671 810 699 non
833 665 977 699 tamen
995 655 1243 716 aequalitas3
1262 656 1362 715 quia
1385 654 1521 698 multa
1544 654 1703 700 desunt

318 727 496 785 imagini
521 761 532 780 ,
558 742 657 786 quae
681 735 825 770 tamen
844 725 992 770 insunt
1012 727 1072 769 illi
1097 726 1186 781 rei,
1208 727 1262 769 de
1283 742 1369 785 qua
1392 740 1588 784 expressa
1620 734 1698 771 est.

326 797 406 841 Ubi
423 797 669 857 aequalitas,
686 797 895 841 continuo
918 796 1171 852 similitudo,
1191 812 1279 841 non
1300 797 1508 840 continuo
1527 797 1669 856 imago
1690 816 1700 843 :

322 868 440 913 velut
461 870 507 913 in
528 869 700 913 duobus
729 869 818 913 ovis
840 869 1015 928 paribus
1034 903 1044 923 ,
1070 868 1169 929 quia
1186 869 1297 912 inest
1317 867 1561 927 aequalitas,
1588 869 1701 912 inest

321 948 364 983 et
401 939 670 995 similitud03
698 954 990 999 quaecumque
1012 940 1126 982 enim
1151 937 1308 983 adsunt
1336 938 1443 992 uni,
1472 937 1632 981 adsunt
1663 946 1706 982 et

324 1008 479 1066 alteri3
516 1010 658 1068 imago
691 1019 837 1053 tamen
873 1025 962 1053 non
1000 1018 1088 1064 est,
1114 1009 1215 1069 quia
1246 1017 1449 1052 neutrum
1484 1007 1539 1051 de
1571 1007 1705 1053 altero

322 1094 569 1138 expressum
590 1088 668 1123 est.
697 1080 779 1124 Ubi
802 1079 1067 1133 similitudo,
1092 1094 1179 1123 non
1202 1078 1411 1122 continuo
1433 1078 1575 1136 imago
1590 1113 1601 1132 ,
1617 1092 1704 1122 non

323 1151 533 1194 continuo
563 1150 786 1210 aequalitas
815 1170 823 1193 :
860 1166 988 1194 omne
1020 1150 1182 1210 quippe
1211 1165 1342 1193 ovum
1370 1149 1490 1192 omni
1518 1164 1600 1193 ovo
1619 1184 1630 1203 ,
1661 1149 1706 1193 in

324 1229 537 1279 quantum
557 1236 687 1264 ovum
707 1230 785 1273 est,
811 1220 948 1264 simile
966 1230 1028 1264 est
1053 1239 1061 1264 :
1087 1219 1162 1263 sed
1182 1235 1311 1264 ovum
1331 1219 1532 1278 perdicis,
1553 1234 1708 1279 quam-

326 1293 388 1335 vis
410 1292 453 1334 in
469 1300 682 1351 quantum
702 1306 832 1335 ovum
853 1301 931 1346 est,
946 1291 1081 1335 simile
1094 1291 1147 1335 sit
1167 1306 1248 1335 ovo
1268 1290 1454 1349 gallinae,
1469 1305 1548 1334 nec
1565 1291 1707 1349 imago

327 1371 471 1405 tamen
506 1363 596 1421 ejus
633 1371 695 1404 est
720 1396 730 1415 ,
756 1362 856 1420 quia
889 1361 943 1404 de
976 1360 1050 1405 illo
1083 1376 1330 1420 expressum
1361 1376 1449 1404 non
1486 1369 1549 1404 est
1581 1381 1592 1417 3
1629 1376 1708 1405 nec

324 1431 490 1492 aequale
507 1467 517 1486 ,
543 1433 643 1492 quia
666 1433 839 1474 brevius
854 1441 915 1475 est
930 1467 940 1487 ‚
959 1441 1002 1475 et
1022 1431 1196 1476 alterius
1215 1432 1381 1491 generis
1400 1431 1713 1476 animantium‚·

330 1504 414 1548 Sed
432 1504 507 1546 ubi
526 1503 699 1558 dicitur,
711 1519 800 1547 non
817 1504 1042 1554 continuo,
1063 1504 1216 1564 utique
1231 1502 1488 1562 intelligitur
1501 1503 1602 1562 quia
1619 1518 1708 1547 esse

330 1574 564 1634 aliquando
591 1583 746 1632 potest.
776 1578 919 1618 Potest
951 1590 1053 1633 ergo
1081 1590 1170 1618 esse
1204 1574 1346 1634 aliqua
1370 1574 1526 1632 imago,
1550 1575 1595 1617 in
1623 1589 1708 1634 qua

329 1647 383 1689 sit
405 1646 534 1688 etiam
560 1643 781 1704 aequalitas
804 1664 811 1688 :
838 1654 884 1688 ut
913 1645 957 1688 in
983 1645 1235 1703 parentibus
1257 1654 1300 1687 et
1326 1643 1422 1687 filiis
1443 1644 1709 1688 inveniretur

330 1717 472 1774 imago
490 1725 532 1758 et
555 1715 777 1774 aequalitas
800 1724 842 1758 et
869 1715 1121 1768 similitudo,
1150 1715 1184 1758 si
1207 1713 1481 1759 intervallum
1505 1714 1709 1773 temporis

330 1786 535 1829 defuisset
557 1806 568 1842 3
589 1800 689 1828 nam
708 1794 749 1828 et
772 1785 825 1828 de
846 1794 1024 1844 parente
1051 1800 1245 1844 expressa
1267 1793 1330 1828 est
1354 1784 1593 1829 similitudo
1613 1785 1706 1841 filii,

329 1866 377 1900 ut
391 1865 505 1899 recte
521 1855 690 1899 dicatur
712 1856 869 1913 imago,
888 1865 930 1898 et
952 1864 1092 1914 potest
1112 1870 1201 1899 esse
1219 1864 1353 1909 tanta,
1373 1851 1421 1898 u’t
1444 1864 1557 1898 recte
1579 1855 1710 1899 etiam

330 1927 500 1971 dicatur
522 1926 768 1985 aequalitas,
800 1926 879 1969 nisi
908 1926 1026 1985 quod
1062 1941 1215 1984 parens
1247 1935 1441 1984 tempore
1474 1926 1720 1984 praecessit„

329 2000 392 2041 Ex
420 2012 507 2056 quo
538 1995 795 2054 intelligitur
819 2004 860 2038 et
889 1995 1127 2054 aliquando
1147 1995 1435 2055 aequalitatem
1457 2011 1546 2039 non
1569 1995 1709 2040 solum

327 2066 650 2112 similitudinem
674 2066 859 2120 habere,
886 2065 960 2110 sed
984 2067 1108 2110 etiam
1141 2066 1375 2125 imaginem
1401 2085 1409 2111 :
1429 2067 1548 2125 quod
1573 2067 1616 2110 in
1637 2082 1709 2111 su-

328 2138 485 2198 periori
520 2136 714 2196 exemplo
745 2136 1021 2181 manifestum
1054 2146 1130 2181 est.
1162 2141 1304 2181 Potest
1324 2137 1452 2180 etiam
1475 2137 1709 2197 aliquando

329 2206 565 2252 similitudo
593 2222 682 2250 esse
703 2216 745 2250 et
774 2207 1009 2266 aequalitas,
1041 2207 1236 2267 quamvis
1264 2223 1351 2252 non
1380 2208 1432 2252 sit
1460 2208 1633 2267 imago:
1661 2217 1709 2253 ut

330 2279 385 2322 de
407 2278 579 2322 duobus
596 2278 867 2337 ovisparibus
884 2278 1050 2322 dictum
1068 2286 1144 2321 est.
1164 2281 1306 2322 Potest
1328 2278 1455 2322 etiam
1473 2278 1708 2324 similitudo

332 2359 375 2393 et
396 2350 540 2407 imago
567 2363 678 2402 esse,
709 2349 904 2408 quamvis
929 2364 1017 2392 non
1046 2348 1100 2392 sit
1122 2348 1342 2408 aequalitas
1365 2367 1373 2392 :
1398 2358 1447 2392 ut
1467 2349 1512 2392 in
1533 2349 1708 2408 speculo

333 2418 612 2463 ostendimus.
646 2422 787 2473 Potest
820 2428 862 2463 et
893 2418 1128 2463 similitudo
1160 2434 1277 2473 esse,
1306 2419 1381 2462 ubi
1423 2428 1465 2462 et
1486 2419 1707 2478 aequalitas

335 2499 377 2535 et
403 2490 544 2547 imago
569 2490 622 2533 sit
654 2508 663 2533 ε
700 2489 810 2534 sicut
840 2490 894 2534 de
917 2488 1014 2533 filiis
1042 2489 1475 2535 commemoravimus
1492 2524 1504 2546 ,
1528 2500 1705 2549 excepto

381 2581 390 2595 ¹
410 2573 528 2605 Coloss.
548 2584 572 2612 i,
595 2572 633 2613 14
654 2577 686 2605 et
707 2573 756 2606 15.
