1790 3187
585 248 785 276 Eris‘rou
817 249 972 276 xxxvr.
1393 234 1476 274 407

91 312 263 358 Domini
283 313 505 374 jejunare,
530 313 643 358 sicut
674 317 872 359 Romana
909 323 953 359 et
981 311 1207 358 nonnullae
1229 310 1479 357 Occidentis

34 394 37 416 ἢ
90 384 294 429 ecclesiae.
327 385 458 438 Quod
485 384 664 446 quidem
702 401 790 430 uno
817 386 906 441 die,
934 401 1022 445 quo
1041 384 1204 429 Pascha
1233 383 1480 428 celebratur

0 463 6 471 '
33 487 35 497 ,
90 464 268 516 propter
290 457 583 501 renovandam
616 456 677 500 rei
708 466 838 515 gestae
861 456 1132 511 memoriam,
1156 471 1242 516 qua
1273 454 1480 514 Discipuli

88 527 341 573 humanitus
372 538 556 574 mortem
593 527 768 573 Domini
791 527 1052 583 doluerunt,
1091 528 1149 572 sic
1186 526 1241 570 ab
1275 527 1480 570 omnibus

0 679 3 707 ;
28 671 31 721 ,’
88 667 218 713 brent
234 703 245 724 ‚
283 670 359 730 qui
380 670 546 715 caeteris
569 685 647 729 per
680 678 819 714 totum
844 684 1011 714 annum
1032 669 1223 714 sabbatis
1242 666 1477 727 prandent,

28 752 29 757 ¹
86 748 326 801 utrumque
343 741 544 786 videlieet
559 741 866 800 significantes,
879 750 920 785 et
935 741 980 785 in
992 756 1082 785 uno
1099 739 1391 784 anniversario
1410 738 1480 783 die

26 804 27 828 ἶ
85 810 255 856 luctum
279 812 620 872 Discipulorum,
646 822 690 858 et
709 813 874 857 caeteris
895 812 1086 856 sabbatis
1107 811 1263 871 quietis
1293 811 1475 854 bonum.

86 884 183 927 Duo
197 883 360 943 quippe
374 893 492 939 sunt,
505 885 829 944 quaejustorum
846 881 1180 936 beatitudinem,
1196 891 1239 925 et
1252 882 1390 925 omnis
1405 881 1480 923 mi-

22 963 24 997 s
85 953 205 997 seriae
229 955 361 998 finem
386 954 548 1014 sperari
569 953 763 1007 faciunt,
787 967 904 997 mors
927 962 970 997 et
993 952 1252 996 resurrectio
1282 960 1478 995 mortuo-

21 1067 23 1070 ,
86 1038 200 1068 rum.
222 1027 273 1068 In
295 1033 434 1068 morte
457 1024 627 1083 requies
646 1033 725 1078 est,
746 1022 801 1067 de
818 1039 904 1083 qua
922 1022 1082 1066 dicitur
1096 1037 1172 1081 per
1192 1022 1476 1081 Prophetam:

88 1113 109 1137 «
134 1093 262 1139 Plebs
293 1110 390 1139 mea
423 1096 537 1140 intra
568 1096 614 1140 in
654 1094 826 1139 cellaria
859 1103 949 1149 tua,
973 1093 1246 1139 abscondere
1270 1092 1477 1153 pusillum

18 1222 19 1228 1
89 1184 108 1208 »
137 1165 278 1210 donec
301 1175 491 1210 transeat
514 1167 574 1211 ira
598 1167 774 1211 Domini
803 1168 833 1210 1.
872 1184 892 1207 »
920 1169 970 1209 In
995 1166 1310 1210 resurrectione
1334 1175 1478 1209 autem

17 1291 19 1294 ι
83 1236 128 1280 in
152 1236 329 1281 homine
350 1245 458 1292 toto,
476 1237 522 1281 id
539 1246 618 1293 est,
636 1237 679 1281 in
694 1252 824 1281 carne
840 1246 882 1281 et
900 1236 1052 1296 spiritu
1067 1235 1261 1295 perfecta
1279 1234 1474 1280 felicitas.

16 1298 19 1329 ἶ
85 1308 199 1352 Hine
221 1308 387 1353 factum
410 1318 474 1353 est
496 1317 545 1353 ut
567 1308 757 1353 duorum
780 1320 1019 1368 utrumque
1041 1323 1131 1352 non
1145 1306 1478 1366 significandum

15 1411 17 1431 ε
82 1388 311 1438 putaretur
336 1379 486 1424 labore
499 1380 677 1441 jejunii,
703 1379 778 1425 sed
800 1381 943 1441 potius
973 1379 1224 1424 refectionis
1241 1379 1476 1434 hilaritate,

14 1481 16 1516 ξ
83 1461 264 1511 excepto
287 1451 480 1512 paschali
502 1468 592 1496 uno
623 1453 825 1508 sabbato,
860 1468 948 1513 quo
978 1451 1297 1511 Discipulorum
1316 1487 1327 1506 ,
1368 1452 1480 1495 sicut

83 1522 285 1578 diximus,
302 1523 446 1568 luctus
464 1533 643 1583 propter
658 1524 716 1568 rei
738 1533 869 1583 gestae
886 1524 1140 1568 memoriam
1160 1523 1301 1567 fuerat
1312 1522 1480 1583 jejunio

83 1593 312 1650 prolixiore
334 1594 585 1653 signandus.

139 1668 328 1710 XXXII.
369 1666 451 1711 Sed
474 1667 690 1726 ¹quoniam
727 1682 816 1711 non
850 1667 1113 1721 invenimus,
1150 1676 1200 1711 ut
1232 1667 1322 1725 jam
1352 1681 1480 1725 supra

81 1738 434 1792 commemoravi,
458 1738 505 1780 in
539 1736 796 1795 evangelicis
822 1746 861 1781 et
895 1735 1139 1796 apostolicis
1177 1736 1348 1791 litteris,
1380 1752 1479 1796 quac

85 1808 139 1853 ad
159 1811 267 1854 Novi
288 1809 552 1852 Testamenti
576 1807 881 1853 revelationem
906 1809 1080 1868 proprie
1100 1808 1338 1868 pertinent,
1354 1808 1480 1852 certis

84 1880 240 1924 diebus
274 1879 491 1939 aliquibus
531 1880 756 1924 evidenter
791 1889 1058 1939 praeceptum
1088 1878 1358 1924 observanda
1391 1895 1480 1924 esse

77 1951 242 2012 jejunia
259 1986 269 2006 ,
297 1961 340 1995 et
359 1951 457 1996 ideo
482 1967 547 1996 res
569 1966 748 2012 quoque
765 1952 844 1995 ista
867 1951 980 1995 sicut
1004 1951 1099 1994 aliae
1122 1950 1339 2010 plurimae,
1373 1967 1479 2011 quas

84 2037 339 2066 enumerare
368 2021 547 2067 difficile
570 2031 649 2076 est,
683 2022 850 2067 invenit
873 2023 917 2065 in
946 2030 1064 2067 veste
1088 2020 1203 2065 illius
1230 2022 1330 2065 filiae
1352 2022 1476 2080 regis,

83 2095 166 2139 hoc
208 2102 288 2149 est,
316 2093 543 2148 Ecclesiae,
569 2095 785 2138 varietatis
813 2094 957 2139 locum
985 2115 995 2151 -,
1028 2092 1233 2137 indicabo
1265 2093 1343 2137 tibi
1373 2094 1479 2153 quid

84 2165 191 2209 mihi
205 2164 260 2208 de
276 2165 360 2208 hoc
376 2165 612 2224 requirenti
631 2164 905 2224 responderit
923 2164 1196 2208 venerandus
1207 2164 1475 2217 Ambrosius,

85 2252 108 2280 a
126 2251 216 2297 quo
238 2235 481 2294 baptizatus
499 2251 611 2291 sum,
633 2235 969 2280 Mediolanensis
991 2235 1234 2294 episcopus.
1251 2237 1359 2279 Nam
1378 2250 1477 2278 cum

83 2308 130 2352 in
147 2307 298 2352 eadem
319 2307 493 2351 civitate
515 2316 653 2351 mater
672 2323 768 2351 mea
786 2322 955 2351 mecum
975 2316 1099 2360 essct,
1124 2315 1166 2350 et
1188 2307 1311 2350 nobis
1335 2306 1478 2350 adhuc

84 2378 408 2423 catechumenis
449 2393 605 2437 parum
636 2379 716 2422 ista
744 2377 1022 2433 curantibus,
1048 2375 1119 2421 illa
1141 2376 1477 2421 sollicitudinem

87 2457 254 2508 gereret
276 2457 424 2492 utrum
447 2450 689 2493 secundum
707 2463 873 2493 morem
895 2457 1053 2492 nostrae
1070 2447 1254 2491 civitatis
1270 2447 1351 2491 sibi
1370 2457 1480 2490 esset

85 2519 268 2564 sabbato
305 2518 598 2579 jejunandum
620 2554 630 2575 ‚
662 2535 716 2563 an
758 2518 951 2563 ecclesiae
988 2517 1321 2563 Mediolanensis
1358 2533 1478 2561 more

137 2609 142 2623 ¹
166 2605 236 2636 lsai.
262 2615 351 2645 xxvr,
378 2612 427 2635 20.
