1790 3187
389 191 470 230 114
815 204 847 229 s.
885 202 1114 229 AUGUSTINI
1147 202 1326 230 EPISCOPI

382 269 522 313 texuit
542 267 661 328 quod
683 267 850 311 dictum
872 276 963 325 est,
986 282 1085 311 nam
1108 267 1167 312 ita
1188 268 1383 327 sequitur
1409 287 1418 312 :
1447 285 1467 310 «
1491 270 1585 312 Hoc
1607 269 1756 315 sentite
1785 258 1790 317 l

386 358 405 380 »
431 340 476 383 in
498 339 620 384 vobis
641 373 651 392 ,
677 337 796 398 quod
818 347 861 382 et
891 338 936 381 in
957 338 1129 383 Christo
1151 340 1268 382 Jesu.
1293 356 1312 380 »
1334 339 1401 383 Ad
1423 339 1507 383 hoc
1525 339 1752 398 duntaxat,
1783 351 1788 386 t

382 419 430 454 ut
457 409 828 470 quemadmodum
857 407 929 452 ille
958 409 1002 452 in
1025 425 1076 454 eo
1105 409 1225 469 quod
1246 409 1438 454 Verbum
1469 425 1568 455 caro
1590 408 1758 465 factum'
1782 432 1790 459 κ

378 490 458 535 est,
483 490 525 525 et
547 480 758 524 habitavit
789 480 834 522 in
865 480 990 523 nobis
1025 481 1067 535 ¹,
1099 489 1142 524 et
1173 480 1263 524 sine
1285 490 1462 539 peccato
1484 495 1583 524 cum
1611 488 1749 538 esset,

378 561 549 610 peccata
568 561 711 595 nostra
733 551 946 609 suscepit,
978 566 1066 594 non
1088 550 1274 594 attendit
1294 567 1391 607 sua,
1411 549 1485 594 sed
1507 543 1649 595 nostra
1667 551 1750 610 ,ita
1778 592 1781 599 r

374 632 418 680 et
436 638 512 666 nos
529 622 730 676 libenter,
748 621 803 665 ad
825 622 915 681 ejus
937 620 1237 677 imitationem,
1256 621 1440 666 invicem
1457 636 1587 666 onera
1608 631 1750 673 nostra
1778 640 1781 661 ‚r

374 702 610 751 portemus.
946 732 953 738 ,
1740 731 1741 734 ,

432 767 491 806 4⁰.
523 763 634 806 Huic
661 762 911 821 cogitationi
945 761 1111 806 accedit
1141 761 1268 805 etiam
1300 761 1373 806 illa
1391 762 1627 820 cogitatio,
1650 762 1778 825 quia}

368 832 440 877 ille
471 833 658 891 suscepit
681 832 938 887 hominem,
971 847 1048 876 nos
1079 841 1222 875 autem
1248 832 1446 876 homines
1475 848 1626 876 sumus
1664 851 1673 877 :
1709 841 1750 880 et

367 904 638 947 considerare
660 902 869 946 debemus
886 901 1036 961 ,quod
1059 900 1361 959 aegritudinem
1385 902 1471 946 sive
1494 900 1642 957 animi,
1662 902 1748 949 sive

366 976 571 1033 corporis,
593 990 724 1035 quam
747 976 791 1017 in
814 974 899 1018 alio
923 975 1095 1017 homine
1109 973 1321 1027 videmus,
1341 974 1466 1018 etiam
1492 989 1569 1018 nos
1590 967 1747 1021 habere
1770 1020 1771 1023 ,

363 1047 599 1105 potuimus,
618 1055 693 1089 aut
715 1060 958 1105 possumus.
986 1047 1079 1088 Hoc
1098 1059 1200 1103 ergo
1224 1044 1502 1091 exhibeamus
1523 1044 1602 1099 illi,
1623 1045 1744 1104 cujus
1770 1058 1771 1074 ³

360 1117 654 1161 infirmitatem
674 1127 843 1175 portare
861 1115 1212 1175 volumus,quod
1235 1115 1378 1160 abillo
1397 1116 1521 1160 nobis
1538 1115 1746 1172 vellemus
1767 1145 1769 1151 ι

360 1188 568 1241 exhiberi,
595 1188 629 1230 si
655 1185 768 1230 forte
790 1202 868 1229 nos
889 1186 934 1229 in
956 1202 1007 1229 ea
1024 1200 1228 1243 essemus,
1253 1186 1399 1245 etipse
1417 1202 1506 1230 non
1526 1195 1648 1230 esset.
1678 1184 1744 1236 Ad

362 1257 444 1300 hoc
466 1257 653 1315 pertinet
684 1256 805 1316 quod
836 1256 926 1314 ipse
958 1255 1190 1314 Apostolus
1212 1257 1271 1300 ait
1296 1276 1304 1301 :
1334 1257 1583 1301 «Omnibus
1602 1257 1744 1314 omnia

367 1350 383 1369 n
401 1327 541 1372 factus
562 1343 673 1381 sum,
697 1336 746 1370 ut
773 1341 922 1371 omnes
944 1325 1228 1371 lucrificarem
1244 1330 1282 1371 ²:
1302 1346 1321 1369 »
1338 1328 1570 1386 cogitando
1583 1328 1741 1378 scilicet
1762 1350 1767 1362 ι

360 1399 405 1442 in
427 1415 478 1443 eo
508 1399 612 1443 vitio
635 1398 761 1441 etiam
797 1413 840 1441 se
862 1413 950 1441 esse
972 1398 1159 1456 potuisse
1185 1433 1194 1452 ,
1225 1397 1341 1442 unde
1375 1399 1580 1458 cupiebat
1609 1399 1764 1453 aliumy

359 1468 556 1512 liberare.
590 1468 906 1527 Compatiendo
924 1468 1039 1510 enirn
1064 1468 1206 1526 potius
1231 1467 1275 1511 id
1298 1469 1480 1527 agebat,
1508 1485 1596 1514 non
1627 1484 1762 1515 men-21

362 1540 508 1584 tiendo
523 1575 534 1594 ,
559 1540 668 1584 sicut
698 1539 875 1599 quidam
900 1538 1173 1598 suspicantur
1187 1574 1196 1590 ‚
1224 1548 1267 1583 et
1288 1541 1332 1583 hi
1353 1541 1537 1584 maxime
1559 1541 1634 1601 qui
1655 1539 1738 1586 suis
1758 1532 1760 1575 ᾗ

363 1611 595 1654 mendaciis
612 1608 896 1654 defendendis
910 1644 920 1663 ,
938 1625 1036 1668 quae
1055 1623 1210 1666 negare
1232 1625 1321 1654 non
1338 1619 1533 1670 possunt,
1561 1609 1738 1671 alicujus

362 1682 504 1739 magni
522 1679 706 1739 exempli
729 1679 1017 1738 patrocinium
1035 1688 1252 1738 quaerunt.
1716 1723 1718 1726 .

420 1760 480 1795 5⁰.
510 1750 671 1794 Deinde
694 1751 821 1793 etiam
844 1748 953 1793 illud
974 1749 1278 1808 cogitandum,
1301 1749 1469 1794 nullum
1494 1766 1583 1795 esse
1603 1739 1736 1796 homi·

362 1836 462 1865 nem
484 1822 560 1880 qui
583 1836 670 1865 non
690 1820 821 1878 possit
838 1820 997 1863 habere
1019 1818 1194 1879 aliquod
1216 1819 1398 1876 bonum,
1426 1820 1546 1881 quod
1564 1830 1611 1865 tu
1629 1836 1734 1867 nou-

360 1892 466 1936 dum
485 1893 633 1946 habes,
654 1891 819 1935 etiamsi
834 1890 980 1946 lateat,
996 1890 1042 1933 in
1059 1906 1147 1950 quo
1163 1891 1254 1935 sine
1271 1891 1406 1936 dubio
1431 1893 1564 1952 possit
1586 1901 1629 1936 te
1650 1906 1734 1946 esse

361 1964 572 2022 superior.
595 1965 702 2016 Quae
729 1961 932 2020 cogitatio
961 1960 1016 2005 ad
1037 1961 1393 2006 contundendam
1426 1961 1733 2018 edomandam*-

362 2049 447 2092 que
471 2033 717 2092 superbiam
743 2031 874 2086 valet,
901 2046 954 2074 ne
977 2029 1193 2075 arbitreris
1215 2034 1420 2092 quoniam
1445 2042 1519 2078 tua
1536 2023 1732 2094 quaedam

362 2104 477 2148 bona
499 2104 691 2148 eminent
703 2111 982 2162 etapparent‚
1000 2102 1098 2147 ideo
1116 2102 1296 2147 alterum
1323 2103 1442 2148 nulla
1463 2104 1624 2148 habere
1640 2108 1735 2165 qua!

360 2173 525 2218 lateant
538 2210 549 2230 ,
570 2185 613 2218 et
629 2174 815 2218 fortassis
829 2173 1000 2233 majoris
1022 2172 1223 2232 ponderis
1238 2174 1349 2218 bona
1366 2174 1527 2234 quibus
1547 2183 1586 2219 te
1607 2189 1730 2235 supe-

363 2255 429 2291 rat
445 2247 723 2291 nescientem.
748 2248 846 2290 Non
867 2245 980 2289 enim
1007 2244 1096 2289 falli
1121 2261 1213 2300 noS,
1238 2255 1311 2290 aut
1328 2245 1577 2291 adulatione
1596 2246 1729 2306 potius

364 2318 443 2372 uti,
462 2316 691 2377 Apostolus
697 2316 951 2377 jubet,cum
974 2315 1079 2359 dicit
1095 2334 1104 2360 ε
1120 2334 1140 2358 «
1157 2315 1275 2361 Nihil
1296 2332 1372 2376 per
1393 2317 1726 2377 contentionem,

366 2405 550 2449 »neque
571 2404 647 2448 per
677 2388 851 2432 inanem
881 2386 1057 2445 gloriam
1080 2422 1090 2441 ,
1116 2387 1191 2431 sed
1226 2388 1269 2431 in
1300 2388 1545 2433 humilitate
1581 2404 1682 2433 men
1700 2387 1709 2396 '

364 2475 384 2500 »
407 2459 515 2504 alter
531 2459 714 2503 alterum
737 2458 1026 2503 existimantes
1046 2460 1310 2516 superiorem
1332 2458 1414 2502 sibi
1431 2460 1462 2501 ³.
1492 2476 1510 2500 »
1536 2461 1633 2504 Non
1655 2459 1681 2503 h

409 2550 417 2566 ¹
437 2546 529 2576 Joan.
550 2553 573 2583 1,
593 2541 642 2583 [4.
662 2558 700 2565 -·
715 2549 727 2565 ²
747 2553 758 2574 ι
779 2545 850 2574 cor.
872 2553 917 2580 1x‚
941 2550 994 2575 2⁴2.
1010 2558 1047 2564 -
1061 2539 1074 2564 ³
1095 2541 1206 2583 Philip.
1226 2553 1262 2582 n,
1285 2542 1315 2575 3.

1781 1985 1790 2013 z-
1783 1915 1790 1941 0-
1784 1844 1790 1872 ‘q
1788 1792 1790 1800 .

1781 2056 1790 2153 εἰν-κτι-
