1790 3187
187 225 240 253 m:
272 220 457 251 Dlvznsls
490 220 647 258 Qnaes‘r.
684 219 738 247 An
770 217 1028 247 simmacum
1066 219 1148 245 Lm.
1186 218 1233 244 11.
1334 205 1415 244 199

14 271 110 338 >est.
156 291 219 334 Ex
248 303 337 349 quo
370 285 627 344 intelligitur
659 284 752 328 fieri
787 299 911 344 posse
934 319 944 334 ,
980 292 1029 327 ut
1064 280 1244 342 quidam
1283 281 1412 325 etiarn

14 361 198 421 :indigni
210 360 298 405 vita
315 367 476 402 aeterna
490 371 713 416 regnoque
725 355 956 409 coelorum
973 362 1254 414 aspergantur
1270 361 1415 396 tamen

14 430 291 509 ⁴quibusdam
314 430 495 490 Spiritus
516 428 650 474 sancti
673 427 930 471 muneribus
965 441 1054 471 non
1077 425 1288 469 habentes
1310 424 1416 468 cha-

35 506 229 557 ritatem,
255 502 346 547 sine
375 516 461 561 qua
493 500 567 545 illa
594 514 777 544 munera
799 514 889 544 non
911 495 1021 542 nihil
1050 505 1180 551 sunt,
1206 495 1281 539 sed
1310 495 1421 539 nihil

15 562 91 629 {eis
121 582 319 635 prosunt.
353 571 584 631 Prophetia
613 569 776 631 quippe
805 570 896 614 sine
924 568 1160 622 charitate,
1190 567 1301 611 sicut
1329 567 1420 625 jam

15 642 378 691 idemonstratum
399 652 490 697 est,
517 657 606 687 non
630 641 829 702 perducit
855 641 910 684 ad
933 654 1117 699 regnum
1141 638 1253 682 Dei.
1278 637 1422 681 chari·

15 732 18 772 ι
35 726 95 763 tas
107 731 209 762 vero
223 715 315 760 sine
331 715 558 775 prophetia
573 714 727 774 utique
743 712 958 773 perducit.
978 713 1091 756 Cum
1107 710 1222 754 enim
1237 707 1424 770 loquens

35 788 88 834 de
108 786 315 832 membris
332 785 490 831 Christi
509 785 567 829 ait
585 820 595 840 ‚
625 802 644 826 «
666 776 891 844 Numquid
909 796 1060 827 omnes
1077 779 1286 840 apostoli?
1303 794 1427 823 num-

37 876 58 902 »
81 857 190 920 quid
217 873 367 903 omnes
392 857 677 917 prophetae¹P
703 873 722 896 η
754 853 1057 898 indubitanter
1079 850 1270 896 ostendit
1296 851 1427 894 etiam

36 945 132 977 eum
151 930 227 989 qui
245 929 520 989 prophetiam
538 942 628 972 non
647 926 808 984 habet,
831 939 953 986 posse
975 925 1020 968 in
1040 922 1246 968 membris
1267 921 1428 968 Christi

36 1000 251 1049 numerari
277 1019 285 1045 :
310 1000 387 1044 ubi
409 1014 541 1060 quem
564 998 711 1044 locum
737 998 942 1052 haberet,
975 996 1009 1040 si
1028 995 1284 1040 charitatem
1303 1029 1314 1050 ‚
1337 994 1430 1038 sine

36 1089 121 1135 qua
142 1074 275 1117 homo
303 1070 413 1115 nihil
435 1079 520 1126 est,
546 1085 636 1115 non
658 1068 870 1114 haberet?
893 1065 1025 1113 Nullo
1048 1074 1195 1111 autem
1218 1065 1351 1110 modo
1369 1065 1429 1109 ita

37 1145 218 1199 diceret,
245 1141 423 1203 quando
441 1142 496 1186 de
518 1140 724 1185 membris
743 1139 897 1198 agebat
914 1138 1073 1199 quibus
1091 1137 1251 1183 Christi
1272 1150 1429 1196 corpus

37 1214 239 1276 impletur
254 1249 265 1268 ‚
290 1211 517 1273 Numquid
540 1226 690 1257 omnes
717 1211 883 1255 habent
905 1210 1190 1255 charitatem?
1212 1206 1429 1269 quemad-

39 1285 216 1331 modum
236 1285 366 1339 dixit,
390 1282 617 1343 Numquid
639 1297 788 1327 omnes
808 1279 1021 1341 apostoli?
1039 1277 1257 1339 numquid
1281 1292 1431 1323 omnes

39 1357 294 1417 prophetae?
334 1353 552 1415 numquid
586 1368 737 1398 omnes
776 1353 984 1397 virtutes?
1025 1349 1242 1411 numquid
1280 1361 1431 1393 omnes

40 1427 150 1472 dona
167 1427 333 1471 habent
354 1426 657 1470 curationum?
678 1432 721 1468 et
743 1432 896 1469 caetera
919 1421 1190 1483 hujusmodi.

96 1501 157 1544 9⁰.
186 1497 269 1543 Sed
292 1497 398 1542 dicit
417 1496 572 1557 aliquis
586 1532 600 1552 ‚
624 1511 749 1557 posse
770 1494 949 1556 quidem
967 1495 1061 1538 fieri
1083 1503 1131 1538 ut
1155 1492 1428 1554 prophetiam

40 1570 221 1632 quisque
242 1585 333 1615 non
352 1568 515 1614 habeat
535 1603 546 1624 ,
570 1577 615 1613 et
642 1577 786 1613 tamen
809 1567 970 1612 habeat
991 1565 1244 1611 charitatem
1264 1601 1275 1620 ,
1300 1573 1434 1624 atque

19 1642 136 1694 {ideo
165 1643 324 1688 Christi
356 1642 564 1686 membris
604 1649 916 1685 annumeratus
946 1639 1158 1682 inhaereat
1190 1657 1199 1683 ε
1234 1636 1309 1682 sed
1341 1637 1433 1681 fieri

19 1720 127 1758 lnon
148 1728 294 1772 posse,
321 1723 370 1757 ut
388 1712 665 1772 prophetiam
687 1710 869 1765 habeat,
895 1718 938 1753 et
957 1725 1045 1754 non
1065 1709 1225 1752 habeat
1246 1708 1433 1752 charita-

41 1793 150 1841 tem3
175 1782 285 1827 nihil
307 1784 424 1827 enim
447 1792 510 1827 est
532 1784 664 1827 homo
687 1782 853 1826 habens
875 1780 1151 1841 prophetiam
1175 1779 1266 1823 sine
1288 1779 1433 1823 chari—

42 1865 141 1902 tate.
170 1859 235 1899 Ita
255 1855 459 1910 fortasse,
485 1853 859 1914 quemadmodum
881 1867 1111 1913 possumus
1127 1851 1272 1896 dicere
1291 1887 1300 1906 ‚
1322 1850 1433 1895 nihil

42 1942 128 1972 esse
149 1926 372 1971 hominem
395 1928 631 1971 habentem
660 1926 850 1970 animam
878 1925 969 1970 sine
994 1932 1141 1968 mente
1168 1943 1177 1968 ι
1212 1938 1302 1967 non
1330 1923 1433 1983 quia

21 1994 181 2063 lpotest
217 1999 402 2043 inveniri
438 1998 594 2052 homo,
632 1998 708 2057 qui
737 2006 929 2041 mentem
959 2012 1048 2041 non
1081 1995 1241 2039 habeat
1266 1994 1433 2038 habens

22 2071 25 2128 '1
44 2069 227 2113 animam
244 2089 255 2127 3
275 2068 349 2113 sed
365 2069 467 2129 quia
483 2066 594 2112 nihil
611 2076 721 2112 esset
738 2103 749 2123 ‚
774 2069 808 2112 si
831 2067 1016 2111 inveniri
1033 2075 1191 2126 posset.
1217 2066 1285 2111 Sic
1303 2065 1431 2109 etiam

23 2138 25 2151 '
45 2138 127 2184 dici
150 2148 292 2199 potest
308 2174 318 2194 ‚
353 2140 395 2184 Si
423 2154 581 2199 corpus
603 2140 785 2197 figuram
809 2138 990 2193 habeat,
1023 2137 1214 2182 colorem
1237 2152 1328 2181 non
1353 2137 1431 2180 ha-

47 2210 173 2266 beat,
197 2210 335 2255 videri
366 2226 455 2255 non
484 2219 627 2270 potest
654 2229 662 2255 :
698 2225 788 2254 non
820 2209 923 2270 quia
946 2217 1009 2253 est
1039 2223 1196 2268 corpus
1224 2209 1297 2252 cui
1321 2206 1433 2251 desit

46 2282 190 2340 color3
220 2282 295 2327 sed
320 2282 423 2342 quia
456 2283 489 2326 si
523 2291 658 2337 esset,
695 2281 813 2326 cerni
841 2296 930 2325 non
961 2289 1117 2339 posset.
1157 2283 1220 2323 Ita
1252 2278 1433 2324 fortasse

47 2352 208 2399 dietum
223 2363 303 2410 est,
324 2355 444 2415 quod
463 2356 495 2398 si
513 2355 609 2415 quis
628 2354 786 2398 habeat
801 2353 1091 2413 prophetiam,
1117 2361 1159 2395 et
1173 2351 1429 2396 charitatem

48 2439 133 2469 non
154 2425 338 2481 habeat,
361 2425 469 2469 nihil
492 2434 555 2469 est
579 2443 588 2470 t
616 2440 704 2470 non
727 2425 829 2485 quia
860 2432 1004 2484 potest
1026 2424 1069 2467 in
1093 2437 1316 2483 quoquam
1341 2437 1431 2466 esse

49 2496 269 2554 prophetia
291 2497 382 2541 sine
405 2497 643 2553 charitate3
668 2497 741 2540 sed
773 2496 873 2555 quia
897 2496 927 2538 si
949 2503 1086 2547 esset,
1112 2495 1316 2553 prodesse
1343 2508 1430 2536 non

24 2617 27 2624 ι
96 2585 105 2601 ¹
129 2589 140 2610 ι
161 2581 231 2611 Cor.
252 2591 307 2617 κη,
330 2589 382 2621 ¹19.
