1790 3187
0 312 10 425 *xe—⁴
6 247 9 282 .-„

6 616 9 619 «
0 515 11 565 x„-
0 439 10 495 t..-

545 241 742 269 zmsroLA
776 242 929 270 xxxvt.
1353 232 1435 274 397

52 305 246 351 cundum
281 304 410 348 istum
440 319 464 348 a
493 305 702 349 sacrificio
734 304 874 349 laudis
902 305 1031 349 alieni
1057 305 1218 365 quibus
1240 314 1439 351 tantum-

52 375 185 420 modo
221 375 372 419 diebus
412 375 458 419 in
495 374 642 419 multis
684 375 873 420 ecclesiis
899 411 910 431 ,
954 378 999 419 in
1047 376 1251 420 omnibus
1291 387 1440 423 autem

51 447 235 491 maxime
254 455 452 490 cantatur
477 445 712 500 Halleluia,
734 462 866 505 quam
891 462 1041 491 vocem
1064 446 1206 492 laudis
1226 462 1316 492 esse
1336 448 1441 493 nul-

50 516 117 563 lus
139 516 428 571 Christianus,
453 516 694 576 quamlibet
715 516 938 573 imperitus
956 517 1142 576 ignorat.

109 589 232 632 XlX.
249 587 496 632 Confitetur
517 597 662 632 tamen
687 587 816 631 etiam
840 588 933 646 ipso
954 587 1023 631 die
1046 587 1271 632 Dominico
1286 603 1375 632 non
1395 588 1441 632 in

50 658 276 713 ebrietate,
297 659 372 702 sed
394 658 437 701 in
456 657 735 718 jucunditate
765 658 984 717 pranderi,
1011 674 1110 702 cum
1135 657 1255 712 dicit,
1281 657 1442 702 debere

49 745 126 774 nos
156 744 208 773 ex
237 729 401 774 Judaeis
429 739 472 774 et
506 730 719 774 Gentibus
753 729 913 774 multos
945 730 1214 774 Christianos
1246 729 1439 784 nomine,

50 801 136 844 fide
160 817 321 860 paucos
352 801 527 855 electos,
560 802 806 861 vespertino
828 800 1111 844 sabbatorum
1134 800 1312 844 incenso
1327 834 1337 854 ,
1363 814 1443 858 pro

50 871 270 930 pecudum
291 872 699 933 victimisjejunium
717 875 805 916 Deo
831 871 1036 930 placitum
1057 869 1263 913 laudibus
1286 871 1445 913 immo-

49 940 154 996 lare,
186 944 308 1004 cujus
342 943 511 987 fervore
540 951 726 985 cremata
757 941 962 984 deficiant
998 954 1129 998 opera
1160 938 1439 982 delictorum.

9 1035 11 1050 1
53 1030 73 1054 «
98 1015 155 1057 Et
179 1028 320 1068 mane,
350 1014 510 1072 inquit,
531 1011 733 1055 exaudiat
752 1026 830 1055 nos
847 1010 1013 1054 anobis
1037 1009 1228 1063 auditus,
1254 1019 1297 1053 et
1314 1018 1446 1054 erunt

5 1102 11 1125 1
50 1083 175 1127 nobis
198 1083 354 1127 domus
367 1083 422 1127 ad
436 1082 790 1127 manducandum
803 1092 847 1126 et
866 1080 1126 1133 bibendum,
1140 1081 1284 1124 nonin
1299 1080 1443 1124 ebrie-

0 1161 20 1211 εΙ
50 1162 154 1208 tate,
179 1154 286 1198 sed
276 1170 321 1197 in
349 1153 628 1214 jucunditate
652 1152 874 1196 Dominica
906 1150 1158 1195 celebritate
1186 1149 1441 1210 perfecta.»

12 1251 13 1255 =
53 1227 174 1269 Tunc
197 1241 300 1284 ergo
321 1225 508 1284 eulogia,
531 1241 618 1269 non
636 1234 684 1268 ut
702 1224 898 1283 superius
921 1224 995 1278 ait,
1014 1222 1153 1280 alogia
1177 1221 1442 1266 celebratut.

52 1295 136 1340 Sed
167 1295 271 1355 quid
293 1311 393 1339 eum
416 1295 603 1339 offendit
623 1294 792 1338 sabbati
820 1292 910 1337 dies
932 1308 1064 1352 quem
1085 1292 1298 1336 Dominus
1317 1306 1445 1335 sanc-

51 1367 246 1421 tificavit,
273 1367 441 1424 ignoro,
472 1376 521 1409 ut
543 1366 588 1409 in
615 1381 666 1409 eo
689 1380 777 1410 non
800 1372 927 1423 putet
963 1378 1086 1423 posse
1112 1362 1367 1407 manducari
1403 1370 1447 1406 et

51 1438 141 1482 bibi
177 1453 277 1483 cum
307 1438 379 1482 tali
406 1438 699 1498 jucunditate,
725 1452 824 1496 quae
853 1445 995 1480 careat
1018 1434 1244 1489 ebrietate,
1268 1448 1368 1478 cum
1393 1432 1449 1478 sit

18 1513 21 1574 3
51 1518 151 1553 ante
164 1510 393 1553 sabbatum
412 1510 608 1568 jejunare
631 1508 860 1567 possimus,
877 1506 1101 1566 quomodo
1116 1505 1220 1548 dicit
1236 1514 1337 1547 ante
1360 1507 1449 1547 Do-

51 1580 259 1624 minieum
283 1580 464 1624 sabbato
481 1578 772 1638 jejunandum
795 1593 875 1623 :an
892 1576 1070 1620 contiuo
1088 1575 1222 1619 biduo
1243 1574 1446 1633 pranderi

51 1651 171 1696 nefas
186 1667 275 1695 esse
291 1652 555 1695 arbitratur?
569 1650 724 1694 Videat
743 1665 846 1708 ergo
867 1658 1030 1708 quanta
1046 1648 1206 1691 afficiat
1223 1656 1447 1691 contume—

50 1721 106 1766 lia
136 1723 272 1781 ipsam
295 1737 473 1781 quoque
491 1724 735 1765 Romanam
754 1718 976 1763 ecclesiam
991 1753 1001 1771 ,
1018 1718 1095 1760 ubi
1116 1726 1159 1760 et
1184 1717 1249 1760 his
1273 1715 1445 1760 hebdo-

51 1794 270 1846 madibus,
293 1794 338 1836 in
360 1792 521 1851 quibus
547 1800 701 1851 quarta
725 1799 768 1833 et
796 1799 913 1833 sexta
937 1798 980 1832 et
1002 1788 1185 1832 sabbato
1203 1788 1443 1847 jejunatur,

20 1877 23 1924 ³.
51 1865 190 1908 tribus
212 1872 358 1907 tamen
381 1862 536 1906 diebus
553 1861 773 1906 continuis
794 1859 1017 1905 Dominico
1035 1857 1198 1903 scilicet
1221 1874 1270 1903 ac
1285 1856 1446 1902 deinde

21 1950 23 1986 ;
52 1933 243 1979 secunda
264 1943 306 1977 et
326 1933 453 1976 tertia
474 1933 731 1992 prandetur.

110 2007 210 2050 XX.
244 2024 264 2046 «
287 2006 445 2049 Ovium
473 2005 604 2047 vitam
632 2012 798 2048 certum
825 2011 904 2056 est,
941 2001 1111 2061 inquit,
1136 2001 1317 2045 arbitrio
1340 2014 1449 2059 pen-

57 2093 77 2118 »
97 2076 199 2120 dere
216 2084 456 2136 pastorum.
486 2073 569 2119 Sed
584 2090 650 2118 vae
671 2073 746 2133 qui
771 2072 941 2126 dicunt,
959 2073 1079 2131 quod
1094 2072 1262 2116 bonum
1285 2069 1450 2114 malum

57 2165 77 2188 »
102 2156 146 2190 et
167 2146 367 2189 tenebras
388 2145 550 2200 lucem,
571 2153 614 2188 et
630 2143 772 2188 lucem
792 2141 1010 2196 tenebras,
1029 2151 1072 2186 et
1090 2156 1283 2186 amarum
1300 2139 1445 2194 dulce,

58 2234 77 2258 »
106 2225 149 2261 et
163 2215 293 2261 dulce
304 2218 572 2260 amarum1.»
594 2213 711 2268 Quid
729 2213 810 2258 sibi
828 2212 961 2257 velint
981 2214 1073 2257 haec
1091 2213 1222 2256 verba
1241 2212 1447 2270 ejus,non

56 2303 144 2332 non
171 2289 271 2332 satis
300 2287 515 2345 intelligo.
543 2288 585 2332 Si
608 2287 724 2330 enim
748 2286 843 2329 haec
861 2320 871 2339 ‚
906 2293 956 2328 ut
972 2284 1145 2337 scribis,
1171 2283 1232 2327 sic
1264 2281 1449 2326 Urbicus

57 2358 175 2413 dicit,
189 2360 233 2402 in
251 2358 368 2403 Urbe
383 2358 504 2417 plebs
527 2357 720 2417 pendens
743 2372 793 2399 ex
812 2355 992 2415 pastoris
1010 2354 1190 2397 arbitrio
1208 2368 1306 2397 cum
1332 2351 1448 2410 epis-

57 2445 166 2488 copo
186 2446 264 2474 suo
281 2431 450 2490 jejunat
473 2429 671 2473 sabbato.
704 2428 747 2473 Si
774 2436 917 2471 autem
936 2426 996 2469 sic
1018 2425 1069 2469 ad
1095 2435 1136 2469 te
1159 2425 1237 2468 ista
1258 2422 1445 2482 scripsit,

59 2501 137 2544 tibi
149 2502 252 2560 quia
265 2502 311 2545 in
332 2499 512 2560 epistola
534 2509 609 2546 tua
627 2509 670 2544 et
686 2499 777 2558 ipse
790 2496 997 2558 quiddam
1011 2496 1097 2542 tale
1111 2493 1335 2555 scripsisti,
1356 2508 1447 2538 non

107 2590 114 2607 ¹
136 2585 207 2617 lsai.
229 2596 262 2625 v,
282 2594 333 2617 '20-
