1790 3187
345 192 428 230 392
773 206 806 232 s.
843 205 1073 233 mensatim
1106 204 1287 233 Emscom

401 270 527 312 XIII.
566 271 812 327 «Moyses,
852 270 1018 330 inquit,
1057 269 1344 331 quadraginta
1375 267 1528 315 diebus
1564 284 1723 330 panem

343 354 430 383 non
471 339 780 394 manducavit,
817 355 897 384 nec
931 341 1042 385 bibit
1076 356 1248 400 aquam.
1287 358 1307 381 »
1347 341 1436 385 Cur
1465 350 1611 385 autem
1640 341 1725 386 hoc

343 409 497 453 dixerit
517 445 528 464 ,
553 410 780 469 subjungit
801 420 932 469 atque
955 412 1038 466 ait,
1062 431 1081 453 «
1108 414 1219 456 Ecce
1241 413 1410 469 Moyses
1433 412 1596 455 amicus
1620 410 1722 467 Dei,

343 481 473 523 nubis
507 480 764 539 inquilinus,
796 480 964 525 delator
993 481 1117 540 legis,
1153 491 1195 525 et
1225 480 1375 541 populi
1408 481 1497 525 dux
1529 491 1596 525 ter
1622 480 1727 526 bina

342 551 521 595 sabbata
553 552 720 611 jejunio
759 552 981 597 celebrans
1014 569 1103 597 non
1136 553 1343 597 offensam
1365 588 1376 608 ,
1413 551 1488 597 sed
1521 553 1727 597 meritum

343 620 588 666 collocavit.
619 640 639 663 »
676 622 896 682 Numquid
929 624 1115 668 attendis
1152 624 1257 683 quid
1287 624 1389 667 hinc
1421 623 1554 682 possit
1576 636 1729 667 conse-

341 702 528 752 quenter
551 693 739 752 opponi?
762 694 871 747 Quia
896 695 1048 754 utique
1077 695 1110 737 si
1134 694 1271 752 Moysi
1295 695 1528 754 jejunantis
1550 702 1728 753 propte·
1784 744 1785 748 Ἰ

340 779 411 807 rea
434 765 559 823 ponit
580 765 826 825 exemplum
843 801 854 821 ‚
880 769 1085 826 quoniam
1104 766 1148 810 in
1170 766 1254 810 illis
1271 766 1557 826 quadraginta
1575 765 1731 809 diebus

342 845 406 879 ter
429 836 552 891 bina,
579 836 689 881 sicut
710 836 905 897 loquitur
920 873 931 892 ,
957 838 1133 882 sabbata
1154 837 1389 898 jejunavit,
1410 847 1453 881 et
1470 853 1521 881 ex
1539 838 1623 881 hoc
1639 835 1735 881 vult

341 908 604 964 persuadere
619 942 629 960 ,
646 916 697 951 ut
713 908 896 952 sabbato
908 909 1156 967 jejunetur:
1178 924 1228 951 ex
1243 909 1324 952 hoc
1339 923 1442 967 ergo
1459 906 1732 967 persuadeat,

340 986 449 1021 utet
468 978 927 1038 Dominicojejunetur
943 1013 954 1033 ,
976 978 1078 1038 quia
1097 978 1140 1022 in
1163 978 1244 1022 illis
1269 979 1557 1038 quadraginta
1579 976 1734 1022 diebus

342 1045 626 1091 nihilominus
662 1050 835 1105 Moyses
865 1057 930 1092 ter
966 1049 1090 1092 binos
1116 1049 1362 1092 Dominicos
1393 1048 1619 1107 jejunavit.
1651 1046 1736 1092 Sed

345 1115 468 1160 addit
499 1131 548 1160 ac
577 1117 704 1170 dicit,
734 1136 753 1159 «
787 1120 844 1161 Et
872 1117 1016 1161 adhue
1045 1133 1144 1161 cum
1168 1118 1342 1163 Christo
1367 1118 1615 1161 Dominicus
1645 1117 1738 1160 dies

344 1186 587 1231 imminenti
615 1186 819 1231 Ecclesiae
841 1188 1092 1231 servabatur
1112 1206 1121 1232 :
1147 1206 1166 1228 »
1194 1187 1312 1248 qnod
1335 1203 1413 1232 cur
1435 1187 1615 1242 dixerit,
1637 1200 1738 1230 nes·
1784 1215 1786 1244 ἓ

345 1259 429 1300 cio.
453 1257 497 1301 Si
519 1258 633 1301 enim
656 1267 884 1317 propterea
907 1258 1006 1317 quia
1031 1257 1169 1302 multo
1189 1258 1322 1315 magis
1339 1256 1627 1317 jejunandum
1646 1263 1733 1311 est,
1784 1248 1787 1287 ἶ

347 1336 496 1386 postea
535 1342 667 1387 quam
698 1328 819 1372 venit
847 1343 944 1372 cum
972 1327 1145 1372 Christo
1177 1328 1424 1372 Dominicus
1447 1327 1537 1371 dies
1568 1345 1578 1371 ε
1603 1341 1735 1385 ergo,

347 1398 469 1458 quod
500 1399 638 1453 absit,
663 1399 790 1443 etiam
816 1399 908 1459 ipso
934 1400 1158 1444 Do'minico
1174 1400 1413 1460 jejunetur.
1449 1398 1491 1444 Si
1514 1407 1659 1442 autem
1683 1397 1740 1442 ti-
1786 1397 1789 1440 ὲ

347 1468 484 1523 muit,
510 1484 565 1512 ne
583 1479 762 1528 propter
787 1470 958 1513 dierum
986 1469 1272 1530 quadraginta
1289 1469 1505 1530 jejunium
1530 1468 1740 1528 objicere·
1788 1471 1790 1532 l

350 1547 421 1583 tur
451 1538 580 1582 etiarn.
610 1540 835 1584 Dominico
861 1540 1174 1599 jejunandum,
1207 1550 1249 1584 et
1272 1540 1371 1585 ideo
1399 1538 1594 1594 addidit,
1619 1537 1741 1599 quod
1788 1537 1790 1556 ²

350 1607 495 1652 adhuc
525 1624 625 1652 cum
658 1610 831 1654 Christo
860 1611 1105 1653 imminenti
1135 1610 1337 1655 Ecclesiae
1364 1610 1455 1653 dies
1489 1609 1742 1653 Dominicus
1789 1664 1790 1667 Ἴ

348 1679 624 1733 servabatur,
666 1689 717 1723 ut
752 1679 955 1724 videlicet
981 1695 1031 1724 ea
1062 1696 1189 1725 causa
1226 1680 1496 1738 intelligatur
1526 1680 1742 1738 jejunasse
1789 1672 1790 1703 3

351 1750 523 1805 Moyses
545 1749 674 1792 etiam
695 1749 788 1803 die,
814 1750 891 1809 qui
913 1751 1110 1809 sequitur
1138 1751 1367 1793 sabbatum
1382 1785 1393 1804 ‚
1420 1749 1520 1809 quia
1543 1747 1741 1792 nondum

352 1827 530 1862 venerat
548 1819 768 1873 Christus,
788 1835 865 1878 per
879 1835 1009 1879 quem
1026 1819 1166 1864 factus
1180 1830 1242 1864 est
1257 1820 1347 1879 ipse
1362 1819 1452 1864 dies
1474 1817 1739 1873 Dominicus,

353 1904 441 1949 quo
466 1905 555 1933 non
576 1890 973 1949 expediatjejunari
995 1909 1003 1935 :
1030 1906 1107 1934 cur
1129 1891 1219 1950 ipse
1236 1890 1433 1936 Christus
1457 1888 1744 1949 quadraginta

353 1960 509 2003 diebus
528 1960 724 2003 similiter
742 1962 978 2019 jejunavit?
1001 1963 1090 2005 Cur
1107 1977 1195 2004 non
1214 1961 1256 2004 in
1276 1960 1358 2004 illis
1381 1961 1535 2003 diebus
1556 1958 1743 2019 quadra·

356 2028 504 2087 ginta,
536 2038 601 2072 ter
633 2030 741 2073 binis
760 2064 771 2085 ,
801 2031 877 2090 qui
911 2031 1208 2089 sequebantur
1236 2030 1489 2084 sabbatum,
1526 2029 1744 2088 jejunium

355 2099 505 2153 solvit,
527 2100 677 2159 utjam
697 2100 908 2143 Dominici
924 2100 1009 2143 diei
1026 2098 1255 2159 prandium
1273 2097 1599 2143 commendaret
1613 2098 1742 2142 etiam

357 2179 458 2213 ante
482 2169 840 2213 resurrectionem
859 2185 975 2212 suam
990 2204 1000 2223 ,
1028 2169 1139 2213 sicut
1161 2169 1415 2227 sanguinem
1439 2184 1566 2213 suum
1590 2177 1744 2227 potan-

357 2240 465 2283 dum
500 2239 620 2283 dedit
650 2249 750 2285 ante
772 2241 1046 2299 passionem?
1070 2239 1199 2283 Vides
1222 2248 1339 2283 certe
1360 2239 1528 2283 dierum
1555 2237 1744 2297 quadra-

359 2309 477 2368 ginta
494 2310 711 2369 jejunium
727 2344 737 2364 ,
769 2310 888 2369 quod
916 2311 995 2354 iste
1017 2318 1355 2364 commemorat,
1380 2310 1439 2354 sic
1461 2307 1516 2353 ad
1538 2323 1628 2352 rem
1655 2321 1745 2352 non

359 2380 574 2438 pertinere
598 2389 648 2424 ut
675 2380 853 2424 sabbato
881 2381 1128 2440 jejunemus
1145 2414 1156 2435 ,
1183 2379 1406 2440 quomodo
1443 2380 1497 2424 ad
1538 2394 1627 2424 rem
1656 2393 1746 2423 non

360 2451 548 2508 pertinet
566 2460 614 2494 ut
638 2451 862 2495 Dominico
879 2452 1142 2510 jejunemus.

418 2523 538 2566 XIV.
577 2525 753 2566 Prorsus
783 2538 871 2566 nou
906 2520 1114 2576 attendit,
1141 2520 1245 2579 quid
1270 2521 1308 2564 ei
1338 2521 1393 2565 de
1419 2519 1489 2564 die
1522 2519 1744 2564 Dominico
