1790 3187
318 238 401 278 316
750 246 781 272 s.
819 246 1048 274 Auens-nm
1084 248 1259 274 131³1scox21

316 314 665 360 cumcellionum.
702 316 765 356 Re
788 328 962 370 agamus
980 348 990 367 ‚
1027 314 1190 356 ratione
1221 326 1394 370 agamus
1413 348 1423 365 ,
1449 312 1693 356 divinarum

319 387 638 444 Scripturarum
669 384 999 427 auctoritatibus
1022 399 1224 441 agamus,
1255 382 1391 441 quieti
1423 392 1552 441 atque
1575 392 1693 426 tran·

317 456 441 516 quilli
474 465 687 516 quantum
723 469 948 512 possumus
983 466 1178 513 petamus
1195 488 1205 507 ‚
1242 469 1486 513 quaeramus
1505 488 1514 506 ‚
1552 453 1695 512 pulse-

317 543 412 571 mus
429 563 439 581 ‚
466 536 513 570 ut
531 526 791 584 accipiamus
807 534 849 568 et
867 525 1135 567 inveniamus
1151 559 1161 578 ‚
1182 533 1224 567 et
1242 523 1460 582 aperiatur
1477 522 1599 567 nobis
1615 543 1626 580 3
1645 539 1698 568 ne

318 596 430 641 forte
449 597 537 639 fieri
561 597 712 654 possit,
739 604 786 638 ut
804 596 1037 653 adjuvante
1062 595 1245 638 Domino
1263 594 1499 638 concordes
1518 605 1698 638 conatus

318 677 361 711 et
378 668 590 711 orationes
609 675 773 709 nostras
788 701 799 723 ‚
823 675 940 709 tanta
959 664 1208 709 deformitas
1227 674 1357 722 atque
1376 665 1571 724 impietas
1591 664 1701 708 Afri-

252 788 255 789 7
318 753 523 783 canarum
553 737 776 793 regionum
814 736 868 779 de
898 736 1052 780 nostris
1084 734 1206 778 terris
1233 734 1412 793 incipiat
1447 735 1624 778 aboleri.
1658 733 1702 779 Si
1757 756 1759 758 ·

319 824 407 853 non
431 808 568 852 credis
594 818 689 867 post
712 808 943 851 discessum
978 806 1163 850 militum
1199 821 1265 849 me
1291 805 1402 849 velle
1430 821 1553 863 agere
1570 841 1580 859 ‚
1607 814 1704 864 post

319 881 552 924 discessum
583 879 767 923 militum
794 888 839 922 tu
867 878 1064 922 rescribe.
1095 879 1136 922 Si
1159 879 1272 921 enim
1297 893 1376 935 ego
1392 887 1603 936 praesente
1621 877 1703 921 mi-

322 951 394 995 lite
417 952 577 994 litteras
607 966 720 994 meas
749 950 890 1007 legere
916 948 1079 1007 populo
1107 949 1308 1002 voluero,
1335 949 1500 1008 prolata
1525 949 1705 1008 epistola
1762 974 1763 977 ¹

322 1037 414 1065 mea
437 1021 753 1065 demonstrabit
774 1037 842 1064 me
861 1020 960 1063 fidei
976 1020 1243 1064 violatorem.
1267 1020 1394 1072 Quod
1415 1019 1705 1064 misericordia

324 1092 494 1134 Domini
513 1100 675 1133 avertat
698 1106 720 1133 a
744 1091 934 1132 moribus
953 1100 1084 1148 atque
1105 1090 1304 1133 instituto
1323 1105 1418 1133 meo
1434 1124 1444 1143 ‚
1462 1089 1582 1148 quod
1603 1088 1707 1133 mihi

325 1176 399 1220 per
419 1162 574 1219 jugum
599 1175 725 1203 suum
748 1160 955 1218 inspirare
977 1158 1180 1217 dignatus
1199 1168 1276 1202 est.

384 1232 504 1273 Vttt.
542 1230 778 1288 Episcopus
797 1244 917 1273 meus
935 1229 1248 1273 benevolentiae
1264 1238 1350 1271 tuae
1369 1227 1548 1272 fortasse
1566 1229 1708 1287 potius

324 1301 486 1344 litteras
508 1302 688 1344 misisset
705 1335 716 1354 ‚
741 1301 772 1344 si
795 1310 903 1344 esset
925 1316 1131 1358 praesens,
1158 1309 1233 1343 aut
1251 1315 1330 1358 ego
1350 1299 1424 1343 illo
1446 1299 1511 1343 vel
1526 1300 1710 1359 jubente

325 1371 393 1415 vel
410 1372 688 1430 permittente
705 1370 978 1429 scripsissem-
1008 1369 1091 1415 Sed
1114 1369 1190 1414 illo
1219 1370 1394 1413 absente
1416 1385 1513 1413 cnm
1540 1369 1710 1414 diaconi

328 1443 608 1501 rebaptizatio
629 1457 778 1485 recens
793 1457 881 1485 esse
903 1441 1082 1493 dicitur,
1109 1441 1333 1499 frigescere
1349 1441 1561 1484 actionem
1577 1442 1711 1500 ipsam

327 1511 535 1556 dilatione
557 1529 643 1557 non
667 1529 813 1572 passus
831 1528 926 1556 sum
943 1547 953 1566 ‚
975 1512 1029 1556 de
1052 1511 1240 1556 fraterna
1259 1522 1303 1556 et
1319 1528 1419 1557 vera
1443 1521 1582 1556 morte
1599 1527 1713 1556 acer-

330 1583 492 1627 bissimi
527 1583 687 1628 doloris
722 1583 880 1627 aculeis
916 1583 1138 1627 excitatus.
1171 1586 1309 1635 Quem
1340 1582 1535 1626 dolorem
1566 1598 1713 1627 meum

330 1653 566 1712 adjuvante
588 1654 876 1698 misericordia
900 1663 942 1697 et
965 1653 1236 1712 providentia
1263 1653 1432 1696 Domini
1452 1688 1462 1707 ‚
1488 1653 1602 1711 pacis
1622 1654 1711 1697 for-

332 1733 441 1767 tasse
475 1726 768 1781 compensatio
795 1723 982 1767 lenitura
1011 1732 1088 1766 est.
1120 1727 1231 1767 Deus
1259 1732 1301 1767 et
1332 1724 1537 1767 Dominus
1570 1735 1714 1768 noster
1752 1774 1755 1781 ¹

333 1793 411 1837 tibi
434 1803 626 1837 mentem
649 1804 840 1854 pacatam
859 1794 1065 1852 inspirare
1082 1793 1308 1852 dignetur,
1333 1794 1507 1838 domine
1530 1794 1715 1839 dilectis-

334 1865 440 1908 sime
462 1863 608 1909 frater.
