1790 3187
365 215 417 241 DE
450 215 636 243 DIVERSIS
668 215 823 251 QUAEST.
860 217 1006 244 OCTOG.
1042 217 1204 245 TRIBUS.
1446 210 1469 245 5

105 279 360 338 intelligibili
378 281 518 339 specie
540 281 801 325 continetur.
828 282 967 326 Omne
987 281 1116 340 igitur
1141 283 1260 343 quod
1276 292 1359 339 est,
1380 285 1470 330 sine

102 352 240 413 aliqua
262 352 400 411 specie
415 367 502 396 non
520 361 597 396 est.
620 351 701 395 Ubi
716 360 859 396 autem
875 352 1016 413 aliqua
1030 354 1190 412 species
1207 389 1217 409 ,
1236 357 1470 400 necessario

101 432 164 468 est
194 423 346 483 aliquis
372 423 525 467 modus
544 458 555 477 ‚
581 431 623 466 et
645 422 798 467 modus
819 422 984 484 aliquid
1005 423 1109 468 boni
1131 433 1208 469 est.
1244 427 1469 470 Summum

101 510 202 554 crgo
237 494 396 539 malum
440 493 610 538 nullum
643 493 822 538 modum
853 495 985 541 habet
1004 530 1015 551 ,
1057 505 1173 541 caret
1209 497 1324 541 enim
1354 499 1472 542 omni

100 567 230 611 bono.
252 567 347 611 Non
381 574 443 610 est
473 564 630 624 igitur3
663 565 764 625 quia
785 564 906 610 nulla
937 567 1076 626 specie
1105 568 1380 623 continetur,
1405 578 1473 613 to-

103 648 278 698 tumque
310 638 393 682 hoc
414 652 573 682 nomen
596 637 695 680 mali
727 637 780 681 de
803 638 958 698 speciei
987 639 1226 698 privatione
1255 648 1472 699 repertum

100 718 174 754 θεῖ,
898 703 926 741 ν’

157 783 353 835 Quffisno
376 783 474 824 VII.
493 808 546 813 —·
569 779 740 824 Animal
762 780 995 841 aliquando
1022 783 1080 826 ita
1104 782 1280 838 dicitur,
1305 792 1354 827 ut
1375 798 1476 828 cum

100 861 242 898 mente
256 851 545 911 intelligatur3
560 850 692 896 veluti
707 866 807 896 cum
823 851 1006 898 dicimus
1028 854 1249 898 hominem
1268 869 1318 898 ex
1335 855 1477 899 anima

97 934 140 969 et
169 939 347 984 corpore
377 932 571 968 constare
596 942 604 968 :
640 923 874 984 aliquando
900 923 960 969 ita
980 960 991 980 ,
1029 934 1078 969 ut
1115 934 1293 985 excepta
1332 935 1476 971 mente

97 997 278 1040 dicatur.
307 996 389 1041 Sed
419 1011 519 1040 cum
550 1004 725 1055 excepta
758 1005 903 1040 niente
926 996 1106 1051 dicitur,
1131 1012 1184 1041 ex
1205 997 1254 1042 iis
1278 998 1479 1057 operibus

96 1066 352 1126 intelligitur
373 1083 472 1127 quae
494 1067 704 1111 habemus
728 1082 827 1112 cum
864 1066 1011 1113 bestiis
1034 1069 1297 1114 communia.
1327 1070 1479 1114 Bestiae

95 1155 283 1200 namque
303 1148 450 1184 carent
472 1139 636 1184 ratione
657 1174 667 1194 ,
693 1155 792 1200 quae
817 1140 974 1185 mentis
997 1156 1165 1200 semper
1195 1150 1259 1185 est
1285 1142 1474 1201 propria.

154 1214 350 1266 Quaesmo
368 1214 487 1257 VIII.
502 1239 558 1245 —-
582 1212 746 1257 Moveri
769 1227 845 1271 per
861 1227 906 1256 se
920 1212 1107 1256 animam
1123 1212 1269 1268 sentit,
1290 1214 1366 1273 qui
1383 1228 1476 1257 sen-

98 1285 148 1328 tit
175 1284 221 1327 in
251 1299 294 1327 se
317 1299 405 1327 esse
423 1282 709 1327 voluntatem.
738 1285 846 1327 Nam
871 1284 904 1326 si
927 1282 1126 1326 volumus
1144 1318 1155 1337 ‚
1183 1299 1272 1327 non
1294 1283 1403 1327 alius
1425 1284 1479 1328 de

96 1355 219 1399 nobis
232 1354 340 1397 vult.
364 1357 419 1398 Et
435 1355 510 1398 iste
539 1363 680 1397 motus
702 1353 856 1396 animae
873 1362 1136 1411 spontaneus
1151 1363 1214 1397 est
1232 1374 1243 1410 3
1260 1354 1342 1397 hoc
1364 1354 1481 1398 enim

94 1426 132 1468 ei
155 1425 367 1469 tributum
389 1434 452 1469 est
485 1440 508 1468 a
542 1428 660 1469 Deo:
690 1423 765 1484 qui
794 1433 941 1468 tamen
973 1433 1114 1469 motus
1134 1460 1144 1480 ‚
1181 1441 1271 1469 non
1294 1425 1349 1469 de
1379 1426 1477 1470 loco

91 1498 133 1540 in
156 1495 298 1540 locum
325 1504 416 1550 est,
451 1504 656 1555 tanquam
689 1495 894 1554 corporis.
922 1496 1134 1540 Localiter
1166 1497 1283 1540 enim
1305 1498 1469 1542 moveri

92 1570 281 1627 corporis
303 1568 527 1627 proprium
556 1576 634 1611 est.
660 1570 715 1611 Et
738 1582 837 1611 cum
861 1567 1003 1612 anima
1027 1568 1252 1613 voluntate
1273 1604 1283 1623 ,
1318 1568 1364 1612 id
1386 1578 1473 1621 est,

92 1639 165 1684 illo
187 1649 308 1684 motu
331 1639 406 1699 qui
419 1638 566 1684 localis
589 1654 676 1682 non
700 1647 777 1693 est,
794 1654 950 1698 corpus
966 1655 1093 1684 suum
1112 1650 1258 1684 tamen
1280 1639 1477 1684 localiter

92 1721 252 1765 movet,
274 1726 363 1756 non
378 1726 429 1754 ex
448 1709 600 1754 eodem
620 1719 885 1754 monstratur
907 1719 949 1754 et
967 1711 1053 1767 ipsa
1075 1710 1270 1755 localiter
1293 1713 1472 1756 moveri.

93 1784 210 1826 Sicut
250 1781 445 1826 videmus
489 1797 511 1824 a
548 1780 718 1824 cardine
754 1782 917 1826 moveri
949 1781 1115 1842 aliquid
1156 1797 1237 1842 per
1268 1797 1477 1842 magnum

91 1854 276 1914 spatium
298 1853 398 1908 loci,
423 1862 465 1897 et
494 1862 638 1897 tamen
658 1853 798 1912 ipsum
816 1852 1037 1897 cardinem
1059 1868 1148 1898 non
1171 1854 1335 1898 moveri
1357 1853 1472 1899 loco.

148 1929 340 1978 Qnffismo
358 1927 435 1969 IX.
457 1952 512 1958 ——-
535 1927 674 1968 Omne
697 1924 816 1984 quod
838 1939 1070 1984 corporeus
1100 1940 1248 1969 sensus
1267 1925 1440 1984 attingit
1460 1962 1471 1981 ‚

88 1996 206 2057 quod
229 2006 270 2041 et
290 1996 488 2041 sensibile
511 1996 681 2050 dicitur,
711 1996 802 2040 sine
818 1994 907 2041 ulla
929 1996 1244 2041 intermissione
1265 1998 1472 2057 temporis

90 2078 382 2112 commutatur
402 2088 410 2112 z
429 2068 548 2113 velut
568 2084 666 2113 cum
680 2067 824 2128 capilli
847 2069 997 2129 capitis
1011 2070 1144 2114 nostri
1166 2079 1380 2125 crescunt,
1403 2069 1472 2115 vel

89 2155 244 2199 corpus
267 2141 402 2198 vergit
425 2140 467 2182 in
488 2149 754 2184 senectutem
776 2176 786 2193 ,
813 2149 888 2184 aut
908 2141 952 2184 in
968 2141 1193 2200 juventam
1217 2142 1468 2197 efflorescit,

89 2219 299 2270 perpetuo
318 2211 362 2254 id
384 2211 454 2264 fit,
477 2226 556 2255 nec
578 2211 757 2256 omnino
775 2211 1021 2255 intermittit
1042 2212 1149 2255 fieri.
1177 2212 1305 2265 Quod
1323 2222 1468 2256 autem

89 2297 178 2326 non
199 2291 359 2336 manet,
377 2282 539 2341 percipi
555 2298 642 2326 non
655 2291 816 2341 potest:
839 2281 950 2326 illud
964 2283 1078 2326 enim
1092 2284 1327 2342 percipitur
1349 2283 1468 2344 quod

87 2355 261 2398 scicntia
284 2354 680 2412 comprehenditur.
707 2354 1029 2413 Comprehendi
1058 2364 1205 2399 autem
1226 2371 1314 2400 non
1327 2365 1467 2415 potest

89 2424 207 2484 quod
220 2425 311 2468 sine
325 2425 638 2469 intermissione
653 2434 862 2470 mutatur.
875 2428 971 2469 Non
984 2434 1047 2471 est
1058 2426 1190 2485 igitur
1202 2425 1466 2486 expectanda

87 2496 304 2541 sinceritas
312 2497 501 2541 veritatis
517 2498 743 2541 asensibus
757 2499 962 2556 corporis.
978 2497 1062 2543 Sed
1073 2513 1127 2542 ne
1141 2499 1237 2558 quis
1252 2498 1367 2542 dieat
1378 2513 1467 2541 esse

88 2567 228 2627 aliqua
250 2567 464 2613 sensibilia
486 2568 637 2612 eodeni
661 2567 791 2613 modo
809 2583 975 2628 semper
996 2571 1229 2623 manentia,
1257 2579 1299 2614 et
1321 2584 1464 2629 quaes-
