1790 3187
330 202 382 228 υε
414 202 601 248 mvznsts
633 202 790 239 qums-r.
827 203 974 231 oc‘roo.
1012 204 1175 230 TRIBUS.
1365 194 1441 230 111

67 266 349 312 delectatione
369 267 568 311 futurum
590 283 679 311 esse
694 303 705 322 ,
730 283 830 312 cum
864 268 1055 327 perfecta
1080 267 1281 312 sanctitas
1305 276 1447 312 totum

70 337 283 382 hominem
312 338 585 395 reparaverit.
615 340 739 382 Nunc
769 348 912 382 autem
938 337 1135 398 quandiu
1164 348 1227 382 est
1251 337 1296 381 in
1322 338 1448 382 nobis

67 406 184 467 quod
207 407 369 451 resistat
391 407 516 451 bonae
537 407 782 463 voluntati,
809 408 967 454 auxilio
999 409 1074 453 Dei
1097 424 1173 468 per
1202 409 1339 452 bonos
1368 409 1448 452 ho-

5 521 9 525 .
66 478 200 523 mines
217 487 259 521 et
275 478 412 523 bonos
431 479 616 538 Angelos
637 479 882 538 indigemus
897 515 907 532 ‚
934 489 982 524 ut
998 479 1138 523 donec
1162 488 1337 523 sanetur
1354 479 1449 523 vul-

66 564 146 594 nus
169 559 388 603 nostrum‚
415 565 502 594 non
529 550 585 594 ita
609 549 830 605 molestet,
856 560 905 594 ut
924 552 1105 610 perimat
1132 551 1261 593 etiam
1286 550 1448 594 bonam

0 643 10 657 ν
65 618 350 664 voluntatem.
370 623 491 664 Hanc
506 630 650 664 autem
666 630 846 664 mortem
866 631 1043 679 peccato
1059 621 1311 674 meruimus,
1327 618 1449 679 quod

66 699 288 749 peccatum
308 700 398 733 erat
415 700 514 734 ante
535 691 654 735 omni
681 692 810 735 modo
833 691 876 735 in
897 691 1037 734 libero
1060 690 1260 744 arbitrio,
1284 705 1384 734 cum
1403 690 1447 733 in

66 760 261 820 paradiso
298 760 444 805 nullus
480 762 605 806 dolor
641 762 864 819 denegatae
897 761 1197 806 delectationis
1231 760 1448 805 voluntati

69 832 190 876 bonae
222 832 408 877 hominis
438 833 686 887 resistebat,
719 834 843 878 sicuti
879 849 1013 876 nunc.
1052 832 1182 876 Verbi
1219 833 1380 889 gratia,
1414 830 1450 876 si

64 903 289 963 quisquam
304 904 469 959 existat,
487 920 617 964 quem
633 919 856 964 nunquam
873 903 1310 958 delectavitvenatim
1328 903 1447 947 omni

63 973 193 1018 modo
223 974 332 1018 liber
357 985 418 1019 est
449 985 597 1019 utrum
628 974 774 1018 venari
803 973 937 1029 velit,
970 990 1023 1018 an
1058 973 1190 1028 nolit,
1230 989 1308 1018 nec
1347 988 1446 1017 eum

61 1046 220 1089 cruciat
258 1046 450 1106 quisquis
480 1047 562 1091 hoc
598 1046 814 1105 prohibet.
849 1049 906 1089 At
937 1046 970 1088 si
999 1046 1074 1089 ista
1110 1045 1310 1088 libertate
1339 1044 1456 1088 male-

0 1139 1 1158 π
62 1131 162 1159 usus
179 1150 190 1170 ‚
215 1126 395 1160 venatus
420 1116 550 1160 fuerit
572 1126 719 1161 contra
751 1116 1022 1175 prohibentis
1050 1116 1279 1174 imperium
1302 1149 1312 1170 ‚
1341 1130 1450 1173 pau-

62 1184 180 1229 latim
219 1188 457 1247 subrepens
493 1187 724 1232 delectatio
748 1221 758 1241 ‚
803 1186 1035 1230 mortificat
1070 1188 1290 1239 animam,
1334 1194 1384 1228 ut
1415 1186 1449 1229 si

0 1279 2 1300 ι
59 1271 103 1300 se
132 1257 346 1301 abstinere
378 1258 510 1314 velit,
549 1260 713 1318 absque
747 1258 942 1301 molestia
973 1266 1016 1300 et
1047 1258 1137 1301 sine
1168 1272 1328 1315 angore
1359 1271 1450 1300 non

0 1347 2 1372 ι
59 1329 215 1386 possit,
236 1344 336 1372 curn
361 1329 406 1373 id
430 1339 528 1373 ante
560 1339 649 1374 tota
673 1328 854 1372 sanitate
874 1343 962 1371 non
980 1336 1136 1384 ageret.
1165 1346 1185 1368 «
1208 1330 1321 1383 Ergo
1343 1341 1448 1369 acu-

61 1414 82 1438 »
106 1397 197 1442 leus
220 1400 368 1443 mortis
385 1410 609 1458 peccatum
628 1408 716 1455 est3
739 1417 758 1439 »
780 1398 879 1458 quia
901 1406 1078 1456 peccato
1101 1397 1213 1440 facta
1230 1406 1294 1440 est
1310 1395 1448 1441 delec-

58 1468 185 1520 tatio,
206 1485 305 1529 quae
321 1471 409 1529 jam
430 1470 560 1529 possit
578 1471 774 1513 resistere
796 1470 922 1513 bonae
941 1467 1179 1522 voluntati,
1198 1477 1358 1511 etcum
1374 1467 1450 1511 do-

58 1536 149 1582 lore
176 1540 386 1584 cohiberi.
419 1543 559 1593 Quam
590 1539 921 1584 delectationem
939 1574 950 1593 ,
978 1538 1080 1598 quia
1107 1538 1153 1580 in
1183 1536 1362 1581 defectu
1386 1547 1449 1581 est

60 1609 213 1654 animae
230 1610 453 1655 deterioris
471 1613 640 1656 effectae
656 1647 666 1664 ‚
687 1612 786 1672 jure
806 1620 988 1654 mortem
1011 1625 1231 1654 vocamus.
1261 1628 1280 1651 «
1302 1610 1449 1653 Virtus

61 1697 81 1721 »
107 1691 251 1725 autem
276 1682 524 1741 peccatilex
544 1693 636 1738 est3
664 1702 682 1723 »
705 1682 806 1741 quia
826 1681 968 1725 multo
986 1679 1234 1725 sceleratius
1257 1689 1299 1724 et
1325 1680 1448 1738 flagi-

0 1770 4 1774 ·
56 1750 204 1796 tiosius
220 1769 319 1812 quae
333 1753 399 1797 lex
418 1754 621 1812 prohibet
638 1754 992 1804 committuntur,
1013 1767 1143 1810 quarn
1162 1751 1196 1794 si
1218 1749 1336 1793 nulla
1355 1749 1449 1808 lege

0 1843 5 1862 >
57 1823 408 1880 prohiberentur.
428 1824 709 1883 Tuncitaque
720 1823 922 1882 absorpta
933 1822 1135 1866 eritmors
1149 1822 1193 1865 in
1206 1821 1446 1876 victoriam,

59 1907 158 1936 cum
195 1909 269 1952 per
309 1895 697 1938 sanctificationem
740 1894 785 1936 in
821 1892 940 1936 omni
975 1901 1094 1951 parte
1128 1891 1315 1935 hominis
1346 1906 1449 1949 per-

0 1984 2 2003 ;
59 1961 170 2007 fecta
184 1962 470 2008 delectatione
485 1965 743 2024 spiritalium
761 1962 995 2007 delectatio
1011 1962 1194 2007 carnalis
1218 1963 1445 2007 obruetur.

117 2036 315 2087 QUAE‘sno
335 2038 490 2080 LXXI.
513 2063 567 2069 ——-
592 2045 648 2079 10.
683 2036 793 2089 Quia
816 2035 986 2078 Veteris
1018 2034 1281 2078 Testamenti
1302 2043 1450 2077 custo-

55 2103 130 2148 -dia
149 2106 344 2150 timorem
368 2107 557 2150 habebat
575 2141 586 2161 ,
612 2122 700 2150 non
719 2107 861 2164 potuit
883 2106 1071 2165 apertius
1094 2105 1324 2162 significari
1339 2103 1449 2148 Novi

63 2177 322 2222 Testamenti
342 2177 507 2222 donum
535 2193 624 2222 esse
648 2178 900 2221 charitatem
927 2212 937 2230 ,
963 2192 1093 2236 quam
1118 2176 1316 2220 hocloco
1336 2168 1448 2230 ‚ubi

63 2247 292 2306 Apostolus
315 2249 418 2293 dicit
456 2268 465 2293 z
501 2269 520 2291 ιι
543 2250 736 2292 Invicem
765 2263 893 2292 onera
929 2258 1069 2291 vestra
1102 2257 1270 2306 portate
1287 2281 1297 2301 ‚
1323 2254 1367 2289 et
1389 2245 1448 2289 sic

58 2334 85 2361 a)
110 2319 399 2378 adimplebitis
421 2322 580 2378 Legem
605 2319 765 2364 Christi
790 2321 820 2362 1.
851 2338 870 2359 »
899 2321 1020 2362 Hanc
1044 2318 1158 2361 enim
1178 2317 1338 2362 Christi
1361 2319 1445 2360 Le-

64 2404 156 2448 gem
172 2391 313 2434 dicere
335 2389 605 2448 intelligitur,
631 2407 716 2450 qua
734 2391 825 2450 ipse
848 2390 1056 2433 Dominus
1080 2389 1285 2448 praecepit
1303 2398 1351 2432 ut
1370 2402 1447 2430 nos

63 2459 242 2508 invicem
258 2460 502 2520 diligamus,
522 2471 692 2506 tantum
707 2462 751 2505 in
765 2476 813 2505 ea
826 2461 1038 2505 sententia
1054 2459 1262 2519 praecepti
1276 2458 1448 2518 pondus

113 2544 209 2577 ¹Ga1.
239 2556 282 2579 vi.
303 2555 334 2576 υ.
