1790 3187
581 261 779 289 Eris‘rom
813 262 941 288 xxiii.
1374 252 1456 291 313

76 336 259 381 verunt,
283 335 323 370 et
347 326 404 369 illi
431 325 574 370 adhuc
596 326 815 370 Christum
842 342 930 370 non
954 335 1295 370 resurrecturum
1319 327 1457 372 credi-

75 401 253 453 derant,
289 398 361 442 sed
396 399 649 441 morientem
681 397 927 440 videbant1.
970 399 1013 442 Si
1049 413 1070 441 a
1110 399 1459 457 persecutoribus

73 470 198 516 vestis
221 485 308 513 non
331 470 542 512 conscissa
570 479 632 512 est
660 468 887 527 pendentis
912 469 954 511 in
978 483 1106 512 cruce
1122 503 1132 523 ,
1158 484 1236 512 cur
1259 484 1281 512 a
1312 470 1459 513 Chris-

73 540 198 585 tianis
224 539 462 583 destruitur
484 542 810 583 Sacramentum
836 537 1023 583 sedentis
1053 539 1096 583 in
1121 537 1288 583 coelo²P
1320 539 1361 583 Si
1385 554 1460 583 ve-

72 611 172 656 teris
193 610 343 670 populi
364 610 629 670 temporibus
649 611 828 653 Judaeiis
850 626 983 653 essem
1000 646 1010 665 ,
1033 610 1210 670 quando
1234 609 1351 653 aliud
1371 625 1460 654 esse

72 680 225 726 melius
255 697 342 725 non
375 696 570 740 possem,
599 681 856 740 accepissem
884 681 1036 740 utique
1069 680 1454 725 circumcisionem.

73 752 200 805 Quod
232 750 501 810 signaculum
528 751 708 810 justitiae
732 751 831 794 fidei
859 760 1029 795 tantum
1059 751 1135 795 illo
1157 761 1352 810 tempore
1382 767 1459 795 va-

72 822 183 876 luit,
210 833 443 882 antequam
470 824 638 866 Domini
661 832 943 866 evacuaretur
966 823 1156 866 adventu
1179 832 1228 866 ut
1249 821 1459 865 infantem

71 893 207 937 filium
237 894 377 950 Moysi
416 893 607 951 Angelus
639 892 943 952 praefocasset³
963 928 973 946 ,
1009 893 1090 935 nisi
1119 902 1258 935 mater
1289 902 1460 951 arrepto

71 964 239 1010 calculo
262 964 597 1008 circumcidisset
621 979 804 1023 puerum
824 999 834 1018 ,
861 973 903 1006 et
920 964 1005 1006 hoc
1027 972 1295 1006 sacramento
1314 963 1460 1006 immi-

71 1045 246 1080 nentem
281 1035 514 1094 perniciem
549 1035 800 1093 depulisset.
842 1036 934 1078 Hoc
971 1045 1288 1078 sacramentum
1330 1034 1461 1078 etiam

71 1105 305 1151 Jordanem
336 1106 519 1150 fluvium
550 1105 802 1160 refrenavit,
824 1115 867 1149 et
890 1105 1060 1149 reduxit
1085 1104 1332 1149 insontem.
1367 1107 1460 1149 Hoc

70 1188 388 1222 sacramentum
419 1179 508 1237 ipse
536 1179 771 1229 Dominus,
800 1178 996 1237 quamvis
1025 1178 1298 1221 evacuaverit
1321 1177 1461 1221 cruci-

70 1250 204 1303 fixus,
228 1261 373 1292 tamen
396 1259 521 1292 natus
540 1249 720 1307 accepit.
743 1251 840 1293 Non
864 1249 976 1292 enim
998 1247 1218 1305 signacula
1240 1247 1312 1291 illa
1335 1248 1461 1291 dam-

71 1329 171 1364 nata
206 1329 332 1374 sunt,
367 1320 442 1363 sed
474 1319 810 1363 succedentibus
840 1319 1229 1379 opportunioribus
1265 1319 1462 1363 decesse-

49 1399 190 1436 .runt.
217 1392 325 1435 Nam
359 1391 470 1434 sicut
494 1391 864 1435 circumcisionem
892 1390 1071 1434 abstulit
1100 1390 1272 1434 Domini
1298 1390 1464 1449 primus

73 1460 284 1506 adventus
303 1496 313 1516 ,
339 1463 398 1505 sic
422 1461 686 1521 baptismum
712 1460 877 1505 auferet
901 1461 1116 1505 secundus
1140 1461 1368 1505 adventus.
1399 1461 1464 1505 Si-

72 1540 147 1576 cut
167 1532 283 1575 cnim
306 1548 424 1576 nunc
443 1542 726 1592 posteaquam
750 1533 868 1575 venit
890 1531 1066 1575 libertas
1090 1532 1221 1587 fidei,
1245 1541 1287 1575 et
1318 1546 1462 1576 remo·

76 1611 166 1646 tum
181 1613 243 1647 est
258 1603 475 1647 servitutis
487 1604 639 1663 jugum
657 1638 666 1657 ‚
686 1602 832 1647 nullus
850 1604 1121 1648 Christianus
1138 1602 1465 1647 circumciditur

73 1688 221 1729 carne,
247 1675 308 1718 sic
333 1683 438 1718 tunc
460 1674 879 1734 regnantibusjustis
898 1690 996 1718 cum
1022 1675 1206 1718 Domino
1224 1674 1464 1717 damnatis-

74 1761 159 1804 que
180 1745 323 1803 impiis
340 1780 350 1798 ,
372 1760 502 1788 nemo
522 1745 835 1804 baptizabitur,
856 1745 930 1788 scd
949 1744 1058 1787 illud
1082 1744 1202 1803 quod
1220 1746 1297 1788 ista
1321 1744 1466 1803 praefi-

74 1825 253 1874 gurant,
275 1815 320 1858 id
337 1825 400 1859 est
422 1815 691 1859 circumcisio
706 1815 870 1872 cordis,
891 1824 934 1858 et
956 1814 1169 1859 munditia
1191 1815 1466 1859 conscientiae

73 1887 269 1931 manebit
285 1887 329 1930 in
348 1898 576 1930 aeteruum.
606 1888 648 1932 Si
671 1903 773 1945 ergo
792 1886 866 1930 illo
887 1897 1083 1946 tempore
1106 1886 1285 1931 Judaeus
1303 1902 1462 1941 essem,

74 1966 117 2001 et
135 1958 301 2001 veniret
324 1957 376 2000 ad
397 1973 465 2001 me
485 1958 779 2002 Samaritanus
794 1993 804 2012 ,
828 1956 1046 2017 velletque
1070 1957 1145 2001 illo
1170 1973 1315 2001 errore
1342 1956 1467 2001 dere-

74 2028 199 2080 licto,
230 2043 362 2088 quem
389 2030 517 2072 etiam
553 2029 762 2073 Dominus
789 2030 1074 2089 improbavit,
1101 2029 1248 2073 dicens
1283 2049 1291 2074 z
1332 2049 1352 2072 «
1382 2031 1469 2074 Vos

79 2099 311 2143 »adoratis
347 2099 467 2159 quod
504 2099 704 2155 nescitis,
743 2115 821 2144 nos
859 2098 1089 2144 adoramus
1122 2099 1243 2161 quod
1278 2100 1461 2155 scimus3

81 2189 101 2213 η
125 2171 329 2232 quoniam
354 2171 468 2215 salus
490 2187 540 2214 ex
559 2172 722 2216 Judaeis
745 2173 848 2216 est4.
879 2189 898 2212 »
934 2171 1077 2216 Vellet
1108 2187 1209 2229 ergo
1234 2172 1466 2217 Samarita-

77 2257 157 2286 nus
174 2277 184 2296 ,
214 2257 345 2302 quem
374 2242 630 2286 Samaritani
647 2240 1032 2297 circumciderant,
1054 2242 1146 2285 fieri
1165 2242 1368 2297 Judaeus,
1390 2257 1468 2286 va-

78 2323 192 2357 caret
213 2322 330 2356 certe
347 2313 583 2357 iterationis
613 2313 817 2367 audacia,
844 2323 886 2356 et
909 2312 954 2356 id
974 2313 1093 2372 quod
1122 2314 1239 2372 apud
1270 2313 1467 2357 haeresim

77 2382 242 2428 factum
261 2393 378 2439 erat,
399 2384 519 2443 quod
537 2394 802 2444 praeceperat
824 2387 938 2428 Deus
955 2419 965 2439 ,
987 2399 1076 2427 non
1093 2393 1288 2443 repetere
1301 2385 1375 2427 sed
1393 2399 1469 2442 ap-

79 2456 262 2514 probare
290 2471 559 2514 cogeremur.
586 2456 715 2509 Quod
737 2457 770 2500 si
801 2456 845 2499 in
868 2470 997 2499 carne
1023 2455 1265 2499 circumcisi
1283 2455 1469 2500 hominis

128 2563 138 2578 ¹
157 2559 247 2589 Joan.
267 2568 336 2596 nx,
353 2556 409 2598 24.
425 2574 466 2580 -—
481 2563 492 2579 ²
514 2558 612 2597 Beda,
633 2568 687 2590 seu
700 2557 820 2599 Florus,
845 2557 876 2588 iu
895 2558 990 2589 Rom.
1009 2567 1052 2589 iv.
1069 2573 1108 2580 —
1126 2554 1140 2578 3
1159 2557 1259 2589 Exod.
1278 2568 1323 2598 iv,
1354 2557 1408 2598 24.
1428 2574 1468 2579 —

81 2610 150 2642 —4
168 2615 258 2645 Joan.
281 2624 326 2653 lv,
346 2621 400 2646 22.
