1790 3187
644 244 844 275 EPISTOLA
878 246 947 274 ιν.
1407 236 1492 276 507

103 311 163 356 sic
185 325 276 354 esse
309 310 420 354 actio
452 310 621 370 incipit,
648 319 697 354 ut
719 325 808 354 esse
837 310 1005 354 desinat
1026 310 1175 371 quies:
1200 325 1344 370 neque
1374 313 1489 357 enim

102 381 269 426 reditur
292 380 346 425 ad
368 381 538 425 labores
555 392 598 424 et
619 397 743 425 curas
760 402 770 439 3
788 380 862 424 sed
884 391 1107 440 permanet
1122 381 1166 425 in
1185 382 1355 425 actione
1371 382 1491 442 quod

101 454 156 498 ad
175 453 364 513 quietem
381 453 584 512 pertinet,
607 468 687 497 nec
709 453 753 496 in
776 468 906 513 opere
927 453 1140 506 laborare,
1160 468 1241 497 nec
1263 453 1307 496 in
1330 454 1492 511 cogita-

101 525 220 569 tione
247 524 478 568 ssuctuare.
506 525 611 578 Quia
636 539 740 583 ergo
760 539 836 584 per
854 525 1047 585 requiem
1076 525 1131 569 ad
1153 527 1337 585 primam
1357 525 1491 568 vitam

99 595 282 650 reditur,
321 595 440 640 unde
480 596 623 640 anima
651 595 770 655 lapsa
809 605 872 639 est
902 596 947 639 in
978 604 1222 655 peccatum,
1262 604 1491 654 propterea

97 666 280 710 sabbato
302 667 473 727 requies
497 666 779 725 significatur.
810 666 890 710 Illa
917 675 1063 710 autem
1087 666 1174 710 vita
1195 666 1359 726 prima,
1390 681 1490 725 quae

96 737 152 782 de
188 738 537 797 peregrinatione
566 738 867 793 redeuntibus,
899 747 942 782 et
975 737 1158 798 primam
1190 737 1344 782 stolam
1373 738 1490 782 acci-

95 809 316 869 pientibus
349 810 563 865 redditur,
586 826 664 870 per
687 825 820 854 unam
843 809 1029 864 sabbati,
1050 825 1182 869 quem
1205 808 1319 853 diem
1341 809 1489 853 Domi-

94 881 244 925 nicum
275 881 473 936 dicimus,
507 883 735 941 figuratur.
771 885 928 935 Quaere
961 890 1127 941 septem
1156 880 1247 925 dies
1285 881 1486 925 Genesim

92 951 257 1011 legens,
273 953 465 997 invenies
483 954 716 1012 septimum
738 954 829 996 sine
849 952 1157 1012 vespera,quia
1179 952 1375 1011 requiem
1396 953 1487 996 sine

89 1023 177 1066 fine
199 1025 428 1083 significat.
465 1025 607 1068 Prima
630 1039 734 1082 ergo
755 1024 842 1067 vita
868 1039 958 1068 non
983 1021 1067 1067 fuit
1099 1022 1361 1082 sempiterna
1381 1038 1486 1082 pec-

89 1096 205 1140 canti
227 1115 235 1140 :
262 1097 432 1157 requies
455 1105 601 1141 autem
625 1096 776 1140 ultima
799 1096 1061 1155 sempiterna
1079 1104 1158 1150 est,
1179 1110 1228 1139 ac
1245 1110 1323 1154 per
1340 1095 1424 1139 hoe
1443 1105 1486 1140 et

89 1176 268 1212 octavus
292 1168 600 1226 sempiternam
626 1167 944 1211 beatitudinem
967 1166 1163 1222 habebit,
1188 1166 1291 1227 quia
1313 1168 1483 1227 requies

88 1238 177 1293 illa,
203 1255 302 1299 quae
334 1240 595 1298 sempiterna
619 1247 698 1294 est,
724 1239 938 1297 excipitur
963 1239 1017 1282 ab
1041 1247 1211 1290 octavo,
1232 1254 1322 1283 non
1343 1240 1483 1283 extin-

89 1310 264 1368 guitur:
298 1325 442 1371 neque
464 1311 579 1354 enim
600 1319 709 1354 esset
733 1309 858 1353 aliter
879 1310 1156 1368 sempiterna.
1188 1313 1251 1354 Ita
1275 1325 1378 1369 ergo
1401 1311 1482 1354 erit

86 1390 265 1425 octavus
289 1382 365 1441 qui
383 1381 563 1441 primus,
586 1390 635 1425 ut
652 1381 791 1441 prima
804 1381 888 1425 vita
904 1396 994 1425 non
1015 1379 1212 1436 tollatur,
1231 1380 1306 1425 sed
1331 1381 1480 1426 redda-

84 1461 158 1496 tur
170 1461 348 1496 aeterna.

143 1525 311 1567 XVIII.
339 1522 578 1568 Sabbatum
603 1532 750 1567 tamen
777 1522 1133 1568 commendatum
1158 1532 1223 1567 est
1244 1523 1375 1581 priori
1400 1538 1480 1582 po-

83 1593 190 1653 pulo
224 1594 271 1638 in
301 1594 390 1638 otio
423 1593 709 1653 corporaliter
740 1594 1077 1650 celebrandum,
1107 1603 1157 1638 ut
1194 1595 1334 1653 figura
1370 1603 1480 1638 esset

82 1665 437 1710 sanctificationis
463 1666 508 1709 in
536 1665 686 1725 requie
723 1666 906 1725 Spiritus
928 1667 1079 1710 sancti.
1107 1668 1331 1725 Nusquam
1360 1666 1476 1709 enim

80 1736 266 1794 legimus
284 1737 328 1780 in
343 1737 497 1780 Genesi
517 1738 901 1781 sanctificationem
920 1753 998 1797 per
1019 1752 1168 1781 omnes
1185 1737 1349 1796 priores
1367 1736 1474 1790 dies,

79 1807 156 1852 sed
178 1807 233 1852 de
264 1808 356 1852 solo
384 1808 565 1852 sabbato
588 1807 755 1852 dictum
781 1817 843 1852 est
874 1827 882 1852 z
913 1827 932 1851 «
957 1811 1013 1852 Et
1043 1808 1327 1852 sanctificavit
1365 1811 1477 1853 Deus

81 1879 233 1923 »diem
248 1879 482 1939 septimum
498 1882 528 1922 ¹.
549 1898 567 1920 »
586 1882 746 1924 Amant
761 1879 876 1923 enim
893 1879 1086 1939 requiem
1111 1880 1200 1923 sive
1220 1880 1300 1938 piae
1319 1879 1478 1922 animae

78 1950 168 1996 sive
195 1951 392 2011 iniquae3
424 1951 498 1995 sed
532 1967 617 2011 qua
645 1951 900 2011 perveniant
922 1950 976 1995 ad
1010 1950 1123 1995 illud
1153 1950 1274 2010 quod
1309 1959 1472 2006 amant,

77 2020 279 2081 plurimae
312 2023 538 2067 nesciunt:
574 2038 654 2067 nec
685 2022 850 2083 aliquid
874 2023 1236 2081 appetuntetiam
1265 2023 1355 2082 ipsa
1379 2037 1476 2066 cor-

79 2107 185 2152 pora
202 2092 469 2152 ponderibus
483 2094 587 2150 suis,
601 2095 683 2138 nisi
701 2093 822 2153 quod
840 2094 994 2138 animae
1016 2093 1237 2138 amoribus
1253 2094 1353 2138 suis.
1365 2095 1476 2138 Nam

77 2164 190 2208 sicut
210 2179 368 2223 corpus
389 2164 544 2208 tandiu
559 2166 713 2209 nititur
725 2166 937 2225 pondere,
964 2165 1054 2210 sive
1077 2165 1282 2210 deorsum
1304 2180 1470 2220 versus,

75 2235 163 2278 sive
186 2251 357 2280 sursum
379 2251 544 2291 versus,
577 2235 716 2281 donec
739 2236 792 2280 ad
829 2236 973 2280 locum
1002 2252 1091 2296 quo
1114 2236 1269 2280 nititur
1297 2237 1475 2280 veniens

75 2307 388 2366 conquiescat3
421 2307 592 2366 pondus
624 2308 788 2367 quippe
818 2306 902 2351 olei
936 2307 970 2351 si
999 2306 1245 2351 dimittatur
1271 2309 1315 2351 in
1355 2311 1469 2363 aere,

75 2376 306 2430 deorsum3
328 2379 362 2422 si
384 2388 531 2422 autem
554 2379 637 2422 sub
661 2380 800 2439 aquis,
822 2394 992 2422 sursum
1017 2379 1171 2422 nititur
1195 2398 1203 2423 :
1230 2378 1290 2423 sic
1314 2379 1472 2423 animae

74 2448 129 2492 ad
171 2464 220 2492 ea
260 2465 359 2509 quae
392 2460 539 2495 amant.
568 2460 796 2509 propterea
834 2451 1051 2504 nituntur,
1088 2460 1138 2494 ut
1172 2450 1471 2510 perveniendo

73 2521 362 2581 requiescant.
388 2525 446 2567 Et
469 2522 605 2568 multa
629 2523 805 2583 quidem
829 2538 907 2583 per
938 2537 1096 2582 corpus
1124 2522 1361 2578 delectant,
1394 2523 1470 2566 sed

123 2612 132 2629 ¹
156 2608 237 2639 Gen.
257 2617 293 2648 n,
313 2607 344 2639 3.
