1790 3187
531 281 730 313 amsa-om
763 285 934 313 xxxvu.
1347 273 1429 316 409

44 427 114 444 ΜΜ
120 424 1429 445 mmmmmmmwummxwwmvvuwwvmvwwwxwummmm

398 536 723 584 EPISTOLA
758 537 1048 586 xxwi.

41 669 173 704 Domino
191 670 373 703 beatissimo
392 674 425 703 et
443 670 673 704 venerabiliter
693 671 905 705 sincerissima
922 673 1081 705 charitate
1102 672 1325 716 amplectendo
1348 673 1433 717 patri

194 728 499 763 SIMPLICIANO
522 728 592 770 (21)
613 729 904 763 AUGUSTINUS
928 730 961 762 in
980 730 1113 763 Domino
1131 731 1277 764 salutem.

44 855 335 902 Gratulatmv
353 857 446 903 sibi
465 860 766 920 Augustinus
785 858 1049 904 litteraria-5
1066 875 1180 904 suas
1204 857 1430 904 lucubra-

99 929 249 973 tiones
280 928 377 991 legi
406 939 451 974 et
481 929 752 989 approbari
786 947 816 973 α
852 929 1169 989 Simpliciano
1186 951 1207 984 ;
1235 932 1431 993 ejusque

96 1015 309 1045 censuroe
343 999 535 1061 subjicit
565 1010 664 1043 tum
685 1009 883 1045 eoeter‘os
905 1015 1016 1045 suos
1039 999 1202 1057 libros,
1232 1010 1330 1044 tecm
1351 1016 1432 1046 eos

95 1086 213 1128 quos
238 1069 299 1115 de
320 1069 662 1129 qccoestz'onibus
687 1069 751 1116 ab
781 1072 884 1131 zpso
903 1072 1164 1131 propositis
1184 1074 1430 1131 conscrip-

96 1150 170 1186 Slt.

96 1279 131 1321 Ι.
153 1280 319 1321 PLENAS
335 1277 552 1322 bonorum
573 1277 830 1337 gaudiorum
848 1278 1029 1335 litteras,
1050 1278 1171 1339 quod
1193 1279 1247 1324 sis
1264 1294 1432 1324 memor

37 1349 137 1404 mei,
163 1364 322 1408 meque
346 1359 396 1393 ut
424 1348 533 1394 soles
569 1348 739 1408 diligas,
765 1365 1022 1411 magnaeque
1047 1350 1325 1409 gratulationi
1349 1350 1429 1395 tibi

35 1421 87 1466 sit
123 1420 340 1481 quidquid
362 1421 407 1464 in
430 1436 499 1465 me
532 1420 749 1466 donorum
779 1437 954 1466 suorum
987 1423 1195 1467 Dominus
1230 1422 1429 1467 conferre

38 1490 241 1550 dignatus
278 1501 341 1535 est
374 1492 666 1536 misericordia
689 1508 765 1537 sua
784 1528 794 1548 ,
820 1509 910 1538 non
934 1494 1096 1538 meritis
1122 1494 1254 1548 meis,
1281 1494 1429 1538 missas

36 1577 217 1606 munere
238 1563 475 1608 sanctitatis
501 1572 585 1607 tuae
608 1565 754 1623 accepi
783 1583 790 1608 :
817 1565 861 1607 in
878 1566 1038 1624 quibus
1062 1565 1269 1609 affectum
1296 1565 1340 1608 in
1359 1580 1430 1608 me

33 1643 261 1693 paternum
284 1633 338 1677 de
370 1643 446 1678 tuo
470 1634 781 1692 benignissimo
809 1634 941 1680 corde
973 1651 1062 1681 non
1086 1636 1364 1695 repentinum
1386 1645 1429 1680 et

34 1719 197 1749 novum
220 1705 360 1759 hausi,
386 1705 463 1749 sed
493 1715 719 1765 expertum
751 1722 852 1750 sane
888 1707 1203 1767 cognitumque
1226 1707 1425 1766 repetivi,

34 1775 218 1820 Domine
241 1775 486 1820 beatissime
517 1785 560 1820 et
587 1776 893 1822 venerabiliter
915 1777 1199 1823 sincerissima
1219 1778 1429 1823 charitate

35 1845 353 1905 amplectende.

92 1919 151 1961 II.
171 1917 297 1961 Unde
313 1925 460 1962 autem
477 1925 598 1962 tanta
615 1926 763 1962 exorta
778 1926 842 1962 est
863 1916 1045 1963 felicitas
1063 1918 1271 1964 litterario
1290 1919 1430 1964 labori

34 1996 198 2042 nostro,
219 2003 309 2047 quo
328 1988 373 2031 in
396 1988 609 2032 librorum
636 1987 929 2048 quorumdam
953 1990 1274 2049 conscriptione
1299 1990 1429 2035 suda-

34 2057 190 2113 vimus,
212 2066 385 2102 utatua
408 2057 661 2117 dignatione
683 2067 960 2118 legerentur:
988 2061 1068 2104 nisi
1082 2061 1184 2121 quia
1199 2061 1425 2116 Dominus,

35 2130 104 2175 cui
126 2129 300 2174 subdita
322 2139 385 2175 est
407 2131 552 2175 anima
574 2146 669 2175 mea
687 2166 698 2187 ,
725 2131 938 2177 consolari
972 2132 1111 2177 voluit
1140 2149 1263 2178 curas
1293 2148 1425 2188 meas,

35 2208 77 2245 et
99 2217 122 2244 a
144 2201 298 2245 timore
323 2216 532 2257 recreare,
559 2218 647 2262 quo
678 2217 747 2246 me
776 2203 821 2246 in
849 2202 1007 2247 talibus
1029 2204 1233 2263 operibus
1257 2219 1429 2248 necesse

35 2280 97 2316 est
124 2286 215 2316 esse
238 2270 471 2316 sollicitum
487 2307 498 2327 ,
533 2273 692 2317 necubi
716 2271 827 2318 forte
851 2274 1070 2319 indoctior
1091 2274 1159 2318 vel
1192 2275 1424 2331 incautior,

36 2344 230 2403 quamvis
255 2344 299 2386 in
327 2343 578 2402 planissimo
615 2361 771 2404 campo
803 2346 1017 2400 veritatis,
1044 2345 1280 2391 offendam.
1313 2349 1427 2392 Cum

18 2415 148 2458 *enim
170 2415 249 2458 tibi
270 2414 411 2472 placet
435 2415 556 2475 quod
584 2417 726 2460 scribo
746 2452 755 2471 ,
778 2417 879 2460 novi
902 2417 971 2460 cui
995 2416 1164 2476 placeat
1185 2438 1195 2474 ς
1220 2417 1426 2477 quoniam

37 2485 128 2545 quis
151 2494 192 2529 te
215 2485 432 2530 inhabitet
465 2487 581 2530 novi.
608 2487 729 2531 Idem
765 2488 929 2547 quippe
966 2489 1164 2533 omnium
1193 2504 1427 2533 munerum

86 2599 97 2619 1
119 2589 163 2619 Ex
180 2592 267 2620 tomo
281 2599 313 2620 iv
330 2589 626 2631 Benedictinorum,
645 2602 713 2633 quse
727 2595 836 2625 autem
852 2602 965 2623 xxxviii
983 2597 1066 2634 erat,
1082 2603 1164 2624 nunc
1174 2603 1235 2625 cix.
1252 2592 1427 2635 —Scripta

40 2643 165 2676 circiter
178 2655 296 2677 annum
319 2646 392 2686 397.
