1790 3187
373 261 458 300 364
817 273 850 298 s.
885 269 1117 298 Auens'nm
1149 271 1330 298 Emscom

371 337 491 399 quod
519 338 813 397 episcopatum
842 338 1106 395 Augustinus
1140 335 1375 394 acceperit,
1401 333 1476 378 sed
1499 333 1619 394 quod
1641 334 1752 379 hane

377 409 450 452 Dei
465 423 610 451 curam
636 406 872 449 meruerint
888 405 1100 450 Africanae
1117 406 1330 460 ecclesiae,
1350 414 1399 448 ut
1417 405 1546 449 verba
1565 402 1753 448 coelestia
1781 408 1788 435 ῑ

374 477 601 536 Augustini
624 492 697 520 ore
713 477 1004 535 perceperint,
1030 477 1104 535 qui
1126 475 1179 520 ad
1202 476 1407 534 majorem
1427 474 1641 518 Dominici
1664 489 1753 518 mu·
1782 480 1789 508 ὓ

373 549 485 592 neris
508 547 687 605 gratiam
716 561 829 590 novo
852 562 970 591 more
996 555 1246 605 provectus,
1278 546 1335 589 ita
1364 553 1636 589 consecratus
1665 553 1753 599 est,

373 628 423 662 ut
445 634 533 662 non
556 616 807 661 succederet
841 617 886 660 in
917 616 1122 661 cathedra
1149 616 1374 675 episcopo,
1410 615 1485 659 sed
1516 614 1790 659 accederem

372 690 482 733 Nam
511 686 719 731 incolumi
743 687 915 732 Valerio
945 687 1233 746 Hipponensis
1265 685 1453 730 eeclesiae
1481 685 1754 744 eoepiscopus
1785 692 1790 736 t

372 759 640 816 Augustinus
678 767 755 801 est.
800 760 857 801 Et
889 757 962 801 ille
1002 759 1151 801 beatus
1191 772 1319 801 senex
1337 791 1347 811 ‚
1386 756 1455 800 cui
1487 755 1754 814 purissimam
1786 764 1790 791 1

372 837 561 872 mentem
586 827 705 871 nulla
736 843 931 888 unquam
954 827 1124 872 liventis
1153 827 1325 871 invidiae
1347 825 1517 870 macula
1549 825 1754 880 suffudit:²
1785 819 1790 862 l

372 898 525 956 dignos
547 899 612 942 sui
635 898 777 943 cordis
799 915 904 958 pace
928 914 1046 943 nunc
1070 899 1122 942 ab
1141 898 1345 942 altissimo
1368 898 1535 941 fructus
1557 897 1692 955 capit,
1716 905 1754 939 ut
1786 899 1790 932 ῐ

373 984 504 1029 quem
525 984 814 1013 successorem
834 969 1061 1013 sacerdotii
1079 970 1142 1013 sui
1161 967 1411 1027 simpliciter
1426 968 1627 1027 optabat,
1646 968 1755 1010 hun(
1787 975 1790 1002 ⁸

373 1049 592 1084 mereatur
614 1050 761 1084 tenere
783 1039 1010 1098 collegam.
1033 1040 1242 1085 Credi—ne
1263 1040 1344 1084 hoe
1366 1040 1510 1098 potuit
1530 1049 1755 1097 antequarr
1789 1055 1790 1068 ¹

376 1111 527 1153 fieret?
552 1109 636 1154 Sed
660 1112 703 1153 in
725 1111 809 1154 hoc
831 1126 1008 1169 quoque
1035 1111 1345 1169 omnipotentis
1372 1125 1501 1168 opere
1525 1108 1609 1153 dici
1634 1123 1754 1152 evan-

375 1181 561 1238 gelicum
601 1180 710 1224 illud
743 1190 885 1240 potest
921 1200 928 1224 :
971 1200 991 1222 «
1024 1181 1283 1225 Hominibus
1322 1182 1414 1223 haec
1452 1178 1612 1233 ardua,
1651 1194 1773 1238 apuc

378 1270 396 1292 »
425 1255 562 1295 Deum
593 1261 738 1296 autem
762 1253 905 1296 omnia
930 1252 1192 1311 possibilia¹.
1223 1270 1242 1292 »
1268 1254 1523 1295 Exultemus
1551 1252 1696 1310 itaque
1723 1265 1755 1293 e*

377 1321 573 1365 laetemur
590 1322 634 1366 in
653 1338 726 1376 eo,
754 1323 830 1382 qui
849 1321 952 1366 facit
976 1322 1190 1366 mirabilia
1211 1321 1327 1365 solus
1343 1356 1353 1375 ,
1379 1330 1421 1365 et
1439 1321 1514 1381 qui
1536 1321 1640 1365 facit
1656 1335 1756 1364 una·

376 1393 513 1437 nimes
536 1393 732 1437 habitare
755 1394 800 1438 in
825 1393 977 1449 domo,
999 1394 1206 1454 quoniam
1225 1394 1316 1453 ipse
1339 1392 1524 1451 respexit
1546 1392 1755 1436 liumilita·

376 1472 463 1507 tem
500 1473 715 1518 nostram⁷
753 1473 796 1507 et
832 1464 1018 1508 visitavit
1050 1465 1094 1507 in
1132 1464 1247 1508 bono
1285 1463 1456 1522 plebem
1490 1478 1609 1506 suam
1647 1481 1654 1507 :
1692 1478 1751 1522 qu

375 1534 507 1576 erexit
541 1549 678 1577 cornu
702 1535 747 1577 in
773 1533 904 1578 domo
928 1534 1063 1579 David
1092 1535 1215 1593 pueri
1238 1534 1326 1588 sui,
1360 1543 1402 1577 et
1425 1549 1543 1577 nunc
1567 1532 1749 1576 exaltavi

375 1618 515 1648 cornu
530 1604 737 1649 Ecclesiae
754 1621 843 1648 suae
860 1605 903 1649 in
922 1605 1068 1649 electis
1086 1606 1171 1648 suis
1188 1640 1199 1658 ‚
1219 1614 1267 1648 ut
1289 1619 1450 1648 cornua
1472 1613 1756 1662 peccatorum

376 1676 486 1718 sicut
508 1690 584 1734 per
609 1676 870 1734 Prophetam
895 1676 1082 1734 spondet
1098 1711 1108 1730 ‚
1131 1677 1212 1720 hoc
1235 1685 1296 1719 est
1327 1675 1646 1720 Donatistarum
1673 1677 1756 1719 Ma·

377 1745 760 1804 nichaeot·umque‚
783 1743 1044 1804 confringat.
1074 1765 1093 1786 »

436 1817 517 1858 111.
559 1834 577 1855 «
605 1816 778 1859 Utinam
813 1816 905 1859 haec
942 1831 1058 1860 nune
1095 1815 1269 1859 Domini
1293 1815 1422 1870 tuba,
1457 1831 1543 1875 qua
1568 1829 1643 1874 per
1677 1819 1781 1876 Au·¹

379 1885 599 1943 gustinum
623 1885 816 1939 intonat⁷
843 1884 920 1928 filii
944 1887 1077 1929 nostri
1106 1885 1284 1929 Licentii
1303 1885 1445 1944 pulset
1467 1885 1646 1929 auditus
1665 1919 1675 1939 ‚
1696 1899 1755 1928 set

379 1965 428 1999 ut
452 1955 523 1999 illa
548 1955 695 2000 audiat
717 1972 840 2011 aure,
867 1972 953 2015 qua
977 1957 1172 2001 Christus
1196 1956 1435 2013 ingreditur
1455 1991 1465 2011 ‚
1494 1956 1548 1999 de
1570 1972 1657 2015 qua
1682 1971 1756 1999 nor

379 2026 491 2083 rapit
512 2026 586 2068 Dei
608 2040 754 2069 semen
775 2027 991 2070 inimicus.
1020 2029 1142 2069 Tunc
1168 2041 1267 2069 vere
1290 2026 1369 2069 sibi
1394 2041 1588 2069 summus
1613 2026 1756 2070 Christ

379 2096 574 2154 pontifex
588 2098 858 2155 Augustinus
874 2096 1094 2141 videbitur
1109 2132 1119 2150 ,
1141 2098 1238 2156 quia
1261 2112 1305 2140 se
1330 2106 1432 2140 tunc
1456 2106 1499 2140 et
1521 2096 1756 2140 exauditun

380 2158 535 2210 sentiet
558 2167 612 2209 ab
631 2166 797 2211 excelso
815 2202 825 2222 ,
851 2167 1031 2226 siquem
1057 2167 1136 2210 tibi
1161 2167 1342 2224 dignum
1367 2168 1513 2225 genuit
1535 2168 1580 2210 in
1600 2167 1751 2210 litteris

381 2238 500 2281 hunc
517 2246 560 2280 et
581 2237 661 2280 sibi
686 2237 814 2294 digne
838 2237 975 2281 filium
996 2237 1133 2295 pariat
1159 2238 1199 2279 in
1223 2238 1410 2281 Christo.
1439 2240 1546 2281 Nam
1569 2247 1611 2280 et
1634 2252 1751 2280 nunc

383 2306 511 2352 velim
541 2308 716 2359 eredas,
755 2308 1083 2365 flagrantissima
1120 2308 1174 2351 dc
1204 2309 1296 2366 ipso
1327 2309 1451 2352 nobis
1479 2306 1756 2352 sollicitudini

383 2378 565 2437 scripsit.
587 2379 814 2423 Credimus
829 2379 873 2422 in
888 2380 1229 2437 omnipotentem
1255 2379 1475 2423 Christum
1495 2414 1504 2433 ,
1531 2377 1649 2438 quod
1666 2377 1747 2421 ado

383 2447 582 2492 lescentis
606 2449 741 2493 nostri
765 2449 875 2493 votis
904 2447 1147 2492 carnalibus
1177 2449 1380 2507 spiritalia
1413 2460 1513 2493 vota
1542 2435 1762 2504 Augustinl

385 2517 662 2578 praevaleant.
695 2520 904 2565 Vincetur
931 2520 1000 2564 vel
1030 2520 1211 2574 invitus,
1243 2520 1377 2576 (mihi
1401 2519 1551 2577 crede)
1577 2520 1762 2564 vincetui

436 2610 442 2625 ¹
470 2605 546 2637 Luc.
573 2614 659 2645 xvm,
679 2613 733 2647 27.

1778 2011 1790 2089 t

1784 2105 1790 2163 ε

1784 2172 1790 2194 ,Ι

1786 2195 1790 2209 ι

1758 2564 1762 2742 ἓ

1758 2745 1762 2892 ἶ

1759 2964 1762 3052 w

1758 3095 1762 3185 Ι
