<?xml version="1.0" encoding="UTF-8"?>
<!DOCTYPE html PUBLIC "-//W3C//DTD XHTML 1.0 Transitional//EN"
    "http://www.w3.org/TR/xhtml1/DTD/xhtml1-transitional.dtd">
<html xmlns="http://www.w3.org/1999/xhtml" xml:lang="en" lang="en">
 <head>
  <title>
</title>
<meta http-equiv="Content-Type" content="text/html;charset=utf-8" />
  <meta name='ocr-system' content='tesseract 3.04.00' />
  <meta name='ocr-capabilities' content='ocr_page ocr_carea ocr_par ocr_line ocrx_word'/>
</head>
<body>
  <div class='ocr_page' id='page_1' title='image "./operaomniaaccura38auguuoft/operaomniaaccura38auguuoft_0149.png"; bbox 0 0 1790 3187; ppageno 0'>
   <div class='ocr_carea' id='block_1_1' title="bbox 322 200 1491 242">
    <p class='ocr_par' dir='ltr' id='par_1_1' title="bbox 322 200 1491 242">
     <span class='ocr_line' id='line_1_1' title="bbox 322 200 1491 242; baseline 0.006 -10"><span class='ocrx_word' id='word_1_1' title='bbox 322 207 376 232; x_wconf 70' lang='lat' dir='ltr'><strong>nn</strong></span> <span class='ocrx_word' id='word_1_2' title='bbox 409 205 598 234; x_wconf 75' lang='lat' dir='ltr'><strong>mvmtsts</strong></span> <span class='ocrx_word' id='word_1_3' title='bbox 629 207 787 242; x_wconf 62' lang='lat' dir='ltr'><strong>quas-r.</strong></span> <span class='ocrx_word' id='word_1_4' title='bbox 824 208 972 236; x_wconf 66' lang='lat' dir='ltr'><strong>ocoeoe.</strong></span> <span class='ocrx_word' id='word_1_5' title='bbox 1008 210 1171 238; x_wconf 77' lang='lat' dir='ltr'><strong>TRIBUS.</strong></span> <span class='ocrx_word' id='word_1_6' title='bbox 1359 200 1442 239; x_wconf 86' lang='lat'><strong>139</strong></span> <span class='ocrx_word' id='word_1_7' title='bbox 1488 238 1491 239; x_wconf 13' lang='grc' dir='ltr'><em>γ</em></span> 
     </span>
    </p>
   </div>
   <div class='ocr_carea' id='block_1_2' title="bbox 44 270 1444 2525">
    <p class='ocr_par' dir='ltr' id='par_1_2' title="bbox 44 270 1444 2525">
     <span class='ocr_line' id='line_1_2' title="bbox 60 270 1443 329; baseline 0.001 -11"><span class='ocrx_word' id='word_1_8' title='bbox 60 271 222 318; x_wconf 81' lang='lat' dir='ltr'><strong>ficaret.</strong></span> <span class='ocrx_word' id='word_1_9' title='bbox 256 270 384 323; x_wconf 88' lang='lat' dir='ltr'><strong>Quod</strong></span> <span class='ocrx_word' id='word_1_10' title='bbox 418 279 563 313; x_wconf 88' lang='lat' dir='ltr'><strong>autem</strong></span> <span class='ocrx_word' id='word_1_11' title='bbox 598 279 724 329; x_wconf 88' lang='lat' dir='ltr'><strong>rupta</strong></span> <span class='ocrx_word' id='word_1_12' title='bbox 755 281 857 316; x_wconf 91' lang='lat' dir='ltr'><strong>sunt</strong></span> <span class='ocrx_word' id='word_1_13' title='bbox 885 273 1018 328; x_wconf 88' lang='lat' dir='ltr'><strong>retia,</strong></span> <span class='ocrx_word' id='word_1_14' title='bbox 1045 274 1255 318; x_wconf 84' lang='lat' dir='ltr'>charitate</span> <span class='ocrx_word' id='word_1_15' title='bbox 1283 275 1443 320; x_wconf 85' lang='lat' dir='ltr'><strong>violata</strong></span> 
     </span>
     <span class='ocr_line' id='line_1_3' title="bbox 59 341 1438 401; baseline 0.003 -14"><span class='ocrx_word' id='word_1_16' title='bbox 59 342 216 388; x_wconf 83' lang='lat' dir='ltr'><strong>multas</strong></span> <span class='ocrx_word' id='word_1_17' title='bbox 230 341 411 384; x_wconf 81' lang='lat' dir='ltr'><strong>haereses</strong></span> <span class='ocrx_word' id='word_1_18' title='bbox 425 342 573 384; x_wconf 81' lang='lat' dir='ltr'>exiisse</span> <span class='ocrx_word' id='word_1_19' title='bbox 586 341 813 399; x_wconf 84' lang='lat' dir='ltr'><strong>significat.</strong></span> <span class='ocrx_word' id='word_1_20' title='bbox 835 346 935 387; x_wconf 91' lang='lat' dir='ltr'><strong>Post</strong></span> <span class='ocrx_word' id='word_1_21' title='bbox 948 345 1305 389; x_wconf 78' lang='lat' dir='ltr'><strong>resurrectionem</strong></span> <span class='ocrx_word' id='word_1_22' title='bbox 1319 361 1438 401; x_wconf 87' lang='lat' dir='ltr'><strong>vero,</strong></span> 
     </span>
     <span class='ocr_line' id='line_1_4' title="bbox 58 409 1443 473; baseline 0.002 -16"><span class='ocrx_word' id='word_1_23' title='bbox 58 427 158 457; x_wconf 86' lang='lat' dir='ltr'><strong>cum</strong></span> <span class='ocrx_word' id='word_1_24' title='bbox 180 409 313 457; x_wconf 86' lang='lat' dir='ltr'><strong>vellet</strong></span> <span class='ocrx_word' id='word_1_25' title='bbox 336 411 571 455; x_wconf 84' lang='lat' dir='ltr'><strong>Ecclesiam</strong></span> <span class='ocrx_word' id='word_1_26' title='bbox 596 410 731 455; x_wconf 87' lang='lat' dir='ltr'><strong>futuri</strong></span> <span class='ocrx_word' id='word_1_27' title='bbox 754 415 960 470; x_wconf 87' lang='lat' dir='ltr'><strong>temporis</strong></span> <span class='ocrx_word' id='word_1_28' title='bbox 977 424 1310 473; x_wconf 66' lang='lat' dir='ltr'><strong>praemonstrare</strong></span> <span class='ocrx_word' id='word_1_29' title='bbox 1326 450 1336 469; x_wconf 87' lang='lat'><strong>,</strong></span> <span class='ocrx_word' id='word_1_30' title='bbox 1365 417 1443 460; x_wconf 91' lang='lat' dir='ltr'><strong>ubi</strong></span> 
     </span>
     <span class='ocr_line' id='line_1_5' title="bbox 55 480 1441 544; baseline 0.003 -19"><span class='ocrx_word' id='word_1_31' title='bbox 55 496 203 529; x_wconf 89' lang='lat' dir='ltr'><strong>omnes</strong></span> <span class='ocrx_word' id='word_1_32' title='bbox 225 480 405 540; x_wconf 87' lang='lat' dir='ltr'><strong>perfecti</strong></span> <span class='ocrx_word' id='word_1_33' title='bbox 429 490 560 540; x_wconf 86' lang='lat' dir='ltr'><strong>atque</strong></span> <span class='ocrx_word' id='word_1_34' title='bbox 578 481 715 526; x_wconf 85' lang='lat' dir='ltr'><strong>sancti</strong></span> <span class='ocrx_word' id='word_1_35' title='bbox 737 480 873 526; x_wconf 87' lang='lat' dir='ltr'><strong>futuri</strong></span> <span class='ocrx_word' id='word_1_36' title='bbox 897 493 1022 537; x_wconf 86' lang='lat' dir='ltr'><strong>sunt,</strong></span> <span class='ocrx_word' id='word_1_37' title='bbox 1043 485 1170 544; x_wconf 90' lang='lat' dir='ltr'><strong>jussit</strong></span> <span class='ocrx_word' id='word_1_38' title='bbox 1193 485 1308 528; x_wconf 87' lang='lat' dir='ltr'><strong>mitti</strong></span> <span class='ocrx_word' id='word_1_39' title='bbox 1333 486 1441 530; x_wconf 87' lang='lat' dir='ltr'><strong>retia</strong></span> 
     </span>
     <span class='ocr_line' id='line_1_6' title="bbox 54 551 1443 614; baseline 0.002 -17"><span class='ocrx_word' id='word_1_40' title='bbox 54 553 98 597; x_wconf 88' lang='lat' dir='ltr'><strong>in</strong></span> <span class='ocrx_word' id='word_1_41' title='bbox 128 551 348 596; x_wconf 84' lang='lat' dir='ltr'><strong>dexteram</strong></span> <span class='ocrx_word' id='word_1_42' title='bbox 372 553 563 610; x_wconf 78' lang='lat' dir='ltr'><strong>partem¹</strong></span> <span class='ocrx_word' id='word_1_43' title='bbox 589 570 598 595; x_wconf 90' lang='lat'>:</span> <span class='ocrx_word' id='word_1_44' title='bbox 626 561 668 595; x_wconf 91' lang='lat' dir='ltr'><strong>et</strong></span> <span class='ocrx_word' id='word_1_45' title='bbox 695 554 809 611; x_wconf 90' lang='lat' dir='ltr'><strong>capti</strong></span> <span class='ocrx_word' id='word_1_46' title='bbox 837 563 938 598; x_wconf 87' lang='lat' dir='ltr'><strong>sunt</strong></span> <span class='ocrx_word' id='word_1_47' title='bbox 960 554 1158 612; x_wconf 83' lang='lat' dir='ltr'><strong>ingentes</strong></span> <span class='ocrx_word' id='word_1_48' title='bbox 1180 556 1316 614; x_wconf 84' lang='lat' dir='ltr'><strong>pisces</strong></span> <span class='ocrx_word' id='word_1_49' title='bbox 1339 570 1443 600; x_wconf 90' lang='lat' dir='ltr'><strong>cen-</strong></span> 
     </span>
     <span class='ocr_line' id='line_1_7' title="bbox 56 621 1444 684; baseline 0.002 -17"><span class='ocrx_word' id='word_1_50' title='bbox 56 621 610 680; x_wconf 84' lang='lat' dir='ltr'><strong>tum-quinquaginta-tres</strong></span> <span class='ocrx_word' id='word_1_51' title='bbox 632 656 642 676; x_wconf 88' lang='lat'><strong>,</strong></span> <span class='ocrx_word' id='word_1_52' title='bbox 665 622 922 667; x_wconf 86' lang='lat' dir='ltr'><strong>mirantibus</strong></span> <span class='ocrx_word' id='word_1_53' title='bbox 945 623 1174 684; x_wconf 86' lang='lat' dir='ltr'><strong>Discipulis</strong></span> <span class='ocrx_word' id='word_1_54' title='bbox 1199 625 1318 684; x_wconf 87' lang='lat' dir='ltr'><strong>quod</strong></span> <span class='ocrx_word' id='word_1_55' title='bbox 1343 641 1444 670; x_wconf 88' lang='lat' dir='ltr'><strong>cum</strong></span> 
     </span>
     <span class='ocr_line' id='line_1_8' title="bbox 54 691 1444 754; baseline 0.002 -18"><span class='ocrx_word' id='word_1_56' title='bbox 54 701 140 736; x_wconf 88' lang='lat' dir='ltr'><strong>tam</strong></span> <span class='ocrx_word' id='word_1_57' title='bbox 157 691 300 749; x_wconf 88' lang='lat' dir='ltr'><strong>magni</strong></span> <span class='ocrx_word' id='word_1_58' title='bbox 318 700 481 745; x_wconf 81' lang='lat' dir='ltr'><strong>essent,</strong></span> <span class='ocrx_word' id='word_1_59' title='bbox 507 693 615 736; x_wconf 88' lang='lat' dir='ltr'><strong>retia</strong></span> <span class='ocrx_word' id='word_1_60' title='bbox 633 707 720 736; x_wconf 91' lang='lat' dir='ltr'><strong>non</strong></span> <span class='ocrx_word' id='word_1_61' title='bbox 744 702 844 737; x_wconf 89' lang='lat' dir='ltr'><strong>sunt</strong></span> <span class='ocrx_word' id='word_1_62' title='bbox 858 693 1068 753; x_wconf 87' lang='lat' dir='ltr'><strong>disrupta.</strong></span> <span class='ocrx_word' id='word_1_63' title='bbox 1092 698 1257 739; x_wconf 87' lang='lat' dir='ltr'><strong>Horum</strong></span> <span class='ocrx_word' id='word_1_64' title='bbox 1276 697 1444 754; x_wconf 89' lang='lat' dir='ltr'><strong>magni—</strong></span> 
     </span>
     <span class='ocr_line' id='line_1_9' title="bbox 53 761 1442 824; baseline 0.003 -17"><span class='ocrx_word' id='word_1_65' title='bbox 53 762 160 807; x_wconf 90' lang='lat' dir='ltr'><strong>tudo</strong></span> <span class='ocrx_word' id='word_1_66' title='bbox 189 761 538 819; x_wconf 84' lang='lat' dir='ltr'><strong>magnitudinem</strong></span> <span class='ocrx_word' id='word_1_67' title='bbox 561 763 784 821; x_wconf 78' lang='lat' dir='ltr'><strong>sapientia:</strong></span> <span class='ocrx_word' id='word_1_68' title='bbox 801 765 1070 824; x_wconf 87' lang='lat' dir='ltr'><strong>justitiaeque</strong></span> <span class='ocrx_word' id='word_1_69' title='bbox 1096 767 1335 824; x_wconf 66' lang='lat' dir='ltr'><strong>significat,</strong></span> <span class='ocrx_word' id='word_1_70' title='bbox 1356 783 1442 811; x_wconf 87' lang='lat' dir='ltr'><strong>nu-</strong></span> 
     </span>
     <span class='ocr_line' id='line_1_10' title="bbox 54 832 1444 894; baseline 0.003 -18"><span class='ocrx_word' id='word_1_71' title='bbox 54 847 198 877; x_wconf 86' lang='lat' dir='ltr'><strong>merus</strong></span> <span class='ocrx_word' id='word_1_72' title='bbox 220 847 323 876; x_wconf 90' lang='lat' dir='ltr'><strong>vero</strong></span> <span class='ocrx_word' id='word_1_73' title='bbox 344 832 478 891; x_wconf 87' lang='lat' dir='ltr'><strong>ipsam</strong></span> <span class='ocrx_word' id='word_1_74' title='bbox 505 832 777 891; x_wconf 86' lang='lat' dir='ltr'><strong>disciplinam</strong></span> <span class='ocrx_word' id='word_1_75' title='bbox 801 843 844 877; x_wconf 88' lang='lat' dir='ltr'><strong>et</strong></span> <span class='ocrx_word' id='word_1_76' title='bbox 868 834 1097 893; x_wconf 90' lang='lat' dir='ltr'><strong>temporali</strong></span> <span class='ocrx_word' id='word_1_77' title='bbox 1125 836 1444 894; x_wconf 87' lang='lat' dir='ltr'><strong>dispensatione</strong></span> 
     </span>
     <span class='ocr_line' id='line_1_11' title="bbox 53 902 1442 965; baseline 0.002 -18"><span class='ocrx_word' id='word_1_78' title='bbox 53 911 96 947; x_wconf 92' lang='lat' dir='ltr'><strong>et</strong></span> <span class='ocrx_word' id='word_1_79' title='bbox 121 912 280 946; x_wconf 87' lang='lat' dir='ltr'><strong>aeterna</strong></span> <span class='ocrx_word' id='word_1_80' title='bbox 309 902 633 960; x_wconf 81' lang='lat' dir='ltr'><strong>regeneratione</strong></span> <span class='ocrx_word' id='word_1_81' title='bbox 651 903 887 962; x_wconf 87' lang='lat' dir='ltr'><strong>perfectam</strong></span> <span class='ocrx_word' id='word_1_82' title='bbox 904 938 914 958; x_wconf 89' lang='lat'><strong>,</strong></span> <span class='ocrx_word' id='word_1_83' title='bbox 941 921 1073 964; x_wconf 90' lang='lat' dir='ltr'><strong>quam</strong></span> <span class='ocrx_word' id='word_1_84' title='bbox 1096 906 1283 949; x_wconf 84' lang='lat' dir='ltr'><strong>diximus</strong></span> <span class='ocrx_word' id='word_1_85' title='bbox 1309 907 1442 965; x_wconf 90' lang='lat' dir='ltr'><strong>quin-</strong></span> 
     </span>
     <span class='ocr_line' id='line_1_12' title="bbox 52 973 1442 1034; baseline 0.004 -18"><span class='ocrx_word' id='word_1_86' title='bbox 52 974 314 1034; x_wconf 87' lang='lat' dir='ltr'><strong>quagenario</strong></span> <span class='ocrx_word' id='word_1_87' title='bbox 337 989 519 1018; x_wconf 89' lang='lat' dir='ltr'><strong>numero</strong></span> <span class='ocrx_word' id='word_1_88' title='bbox 536 973 848 1018; x_wconf 86' lang='lat' dir='ltr'><strong>commendari.</strong></span> <span class='ocrx_word' id='word_1_89' title='bbox 870 975 980 1028; x_wconf 89' lang='lat' dir='ltr'><strong>Quia</strong></span> <span class='ocrx_word' id='word_1_90' title='bbox 998 975 1112 1019; x_wconf 91' lang='lat' dir='ltr'><strong>enim</strong></span> <span class='ocrx_word' id='word_1_91' title='bbox 1132 986 1237 1020; x_wconf 91' lang='lat' dir='ltr'><strong>tunc</strong></span> <span class='ocrx_word' id='word_1_92' title='bbox 1252 992 1340 1021; x_wconf 90' lang='lat' dir='ltr'><strong>non</strong></span> <span class='ocrx_word' id='word_1_93' title='bbox 1363 978 1442 1021; x_wconf 92' lang='lat' dir='ltr'><strong>erit</strong></span> 
     </span>
     <span class='ocr_line' id='line_1_13' title="bbox 53 1043 1444 1104; baseline 0.001 -15"><span class='ocrx_word' id='word_1_94' title='bbox 53 1059 160 1104; x_wconf 90' lang='lat' dir='ltr'><strong>opus</strong></span> <span class='ocrx_word' id='word_1_95' title='bbox 177 1044 473 1103; x_wconf 86' lang='lat' dir='ltr'><strong>corporalibus</strong></span> <span class='ocrx_word' id='word_1_96' title='bbox 489 1043 749 1104; x_wconf 89' lang='lat' dir='ltr'><strong>adjumentis</strong></span> <span class='ocrx_word' id='word_1_97' title='bbox 764 1080 774 1098; x_wconf 87' lang='lat'><strong>,</strong></span> <span class='ocrx_word' id='word_1_98' title='bbox 795 1054 837 1088; x_wconf 91' lang='lat' dir='ltr'><strong>et</strong></span> <span class='ocrx_word' id='word_1_99' title='bbox 854 1046 998 1090; x_wconf 88' lang='lat' dir='ltr'><strong>animo</strong></span> <span class='ocrx_word' id='word_1_100' title='bbox 1022 1046 1321 1090; x_wconf 82' lang='lat' dir='ltr'><strong>continebitur</strong></span> <span class='ocrx_word' id='word_1_101' title='bbox 1337 1046 1444 1091; x_wconf 91' lang='lat' dir='ltr'><strong>fides</strong></span> 
     </span>
     <span class='ocr_line' id='line_1_14' title="bbox 51 1117 1444 1175; baseline 0.001 -14"><span class='ocrx_word' id='word_1_102' title='bbox 51 1125 180 1175; x_wconf 86' lang='lat' dir='ltr'><strong>atque</strong></span> <span class='ocrx_word' id='word_1_103' title='bbox 193 1117 399 1175; x_wconf 88' lang='lat' dir='ltr'><strong>sapientia</strong></span> <span class='ocrx_word' id='word_1_104' title='bbox 419 1137 429 1173; x_wconf 73' lang='lat'>3</span> <span class='ocrx_word' id='word_1_105' title='bbox 446 1118 545 1175; x_wconf 90' lang='lat' dir='ltr'><strong>quia</strong></span> <span class='ocrx_word' id='word_1_106' title='bbox 563 1117 710 1161; x_wconf 89' lang='lat' dir='ltr'><strong>animo</strong></span> <span class='ocrx_word' id='word_1_107' title='bbox 725 1118 963 1160; x_wconf 88' lang='lat' dir='ltr'><strong>ternarium</strong></span> <span class='ocrx_word' id='word_1_108' title='bbox 981 1133 1211 1162; x_wconf 88' lang='lat' dir='ltr'><strong>numerum</strong></span> <span class='ocrx_word' id='word_1_109' title='bbox 1227 1119 1444 1162; x_wconf 87' lang='lat' dir='ltr'><strong>tributum</strong></span> 
     </span>
     <span class='ocr_line' id='line_1_15' title="bbox 49 1185 1444 1248; baseline 0.001 -17"><span class='ocrx_word' id='word_1_110' title='bbox 49 1185 248 1239; x_wconf 84' lang='lat' dir='ltr'><strong>diximus,</strong></span> <span class='ocrx_word' id='word_1_111' title='bbox 273 1187 592 1246; x_wconf 84' lang='lat' dir='ltr'><strong>quinquaginta</strong></span> <span class='ocrx_word' id='word_1_112' title='bbox 610 1186 812 1231; x_wconf 90' lang='lat' dir='ltr'><strong>ducimus</strong></span> <span class='ocrx_word' id='word_1_113' title='bbox 833 1198 895 1231; x_wconf 88' lang='lat' dir='ltr'><strong>ter</strong></span> <span class='ocrx_word' id='word_1_114' title='bbox 913 1197 956 1231; x_wconf 90' lang='lat' dir='ltr'><strong>et</strong></span> <span class='ocrx_word' id='word_1_115' title='bbox 977 1188 1090 1231; x_wconf 89' lang='lat' dir='ltr'><strong>fiunt</strong></span> <span class='ocrx_word' id='word_1_116' title='bbox 1111 1191 1444 1248; x_wconf 89' lang='lat' dir='ltr'><strong>centum—quin-</strong></span> 
     </span>
     <span class='ocr_line' id='line_1_16' title="bbox 49 1256 1443 1317; baseline 0.001 -18"><span class='ocrx_word' id='word_1_117' title='bbox 49 1256 255 1316; x_wconf 82' lang='lat' dir='ltr'><strong>quaginta</strong></span> <span class='ocrx_word' id='word_1_118' title='bbox 272 1277 283 1314; x_wconf 76' lang='lat'><em>3</em></span> <span class='ocrx_word' id='word_1_119' title='bbox 299 1257 369 1300; x_wconf 83' lang='lat' dir='ltr'><strong>eui</strong></span> <span class='ocrx_word' id='word_1_120' title='bbox 386 1272 569 1301; x_wconf 87' lang='lat' dir='ltr'><strong>numero</strong></span> <span class='ocrx_word' id='word_1_121' title='bbox 588 1258 754 1301; x_wconf 80' lang='lat' dir='ltr'><strong>trinitas</strong></span> <span class='ocrx_word' id='word_1_122' title='bbox 778 1257 970 1311; x_wconf 80' lang='lat' dir='ltr'><strong>additur,</strong></span> <span class='ocrx_word' id='word_1_123' title='bbox 988 1261 1088 1317; x_wconf 85' lang='lat' dir='ltr'><strong>quia</strong></span> <span class='ocrx_word' id='word_1_124' title='bbox 1107 1258 1248 1302; x_wconf 88' lang='lat' dir='ltr'><strong>omnis</strong></span> <span class='ocrx_word' id='word_1_125' title='bbox 1265 1257 1338 1301; x_wconf 85' lang='lat' dir='ltr'><strong>illa</strong></span> <span class='ocrx_word' id='word_1_126' title='bbox 1351 1273 1443 1317; x_wconf 89' lang='lat' dir='ltr'><strong>per—</strong></span> 
     </span>
     <span class='ocr_line' id='line_1_17' title="bbox 49 1325 1443 1388; baseline 0.001 -17"><span class='ocrx_word' id='word_1_127' title='bbox 49 1325 180 1372; x_wconf 87' lang='lat' dir='ltr'><strong>fectio</strong></span> <span class='ocrx_word' id='word_1_128' title='bbox 197 1328 240 1371; x_wconf 89' lang='lat' dir='ltr'><strong>in</strong></span> <span class='ocrx_word' id='word_1_129' title='bbox 258 1328 433 1372; x_wconf 88' lang='lat' dir='ltr'><strong>nomine</strong></span> <span class='ocrx_word' id='word_1_130' title='bbox 450 1329 585 1372; x_wconf 87' lang='lat' dir='ltr'><strong>Patris</strong></span> <span class='ocrx_word' id='word_1_131' title='bbox 602 1337 643 1372; x_wconf 75' lang='lat' dir='ltr'><strong>et</strong></span> <span class='ocrx_word' id='word_1_132' title='bbox 660 1328 759 1372; x_wconf 87' lang='lat' dir='ltr'><strong>Filii</strong></span> <span class='ocrx_word' id='word_1_133' title='bbox 783 1337 825 1372; x_wconf 91' lang='lat' dir='ltr'><strong>et</strong></span> <span class='ocrx_word' id='word_1_134' title='bbox 843 1328 1027 1388; x_wconf 87' lang='lat' dir='ltr'><strong>Spiritus</strong></span> <span class='ocrx_word' id='word_1_135' title='bbox 1043 1329 1178 1373; x_wconf 86' lang='lat' dir='ltr'><strong>sancti</strong></span> <span class='ocrx_word' id='word_1_136' title='bbox 1195 1338 1443 1373; x_wconf 87' lang='lat' dir='ltr'><strong>consecrata</strong></span> 
     </span>
     <span class='ocr_line' id='line_1_18' title="bbox 47 1400 1443 1459; baseline 0.001 -17"><span class='ocrx_word' id='word_1_137' title='bbox 47 1407 111 1444; x_wconf 88' lang='lat' dir='ltr'><strong>est</strong></span> <span class='ocrx_word' id='word_1_138' title='bbox 143 1418 150 1443; x_wconf 79' lang='lat' dir='ltr'><strong><em>z</em></strong></span> <span class='ocrx_word' id='word_1_139' title='bbox 190 1400 248 1442; x_wconf 87' lang='lat' dir='ltr'><strong>ita</strong></span> <span class='ocrx_word' id='word_1_140' title='bbox 287 1400 401 1442; x_wconf 82' lang='lat' dir='ltr'><strong>fiunt</strong></span> <span class='ocrx_word' id='word_1_141' title='bbox 433 1400 1086 1459; x_wconf 82' lang='lat' dir='ltr'><strong>centum-quinquaginta-tres‚</strong></span> <span class='ocrx_word' id='word_1_142' title='bbox 1126 1401 1202 1459; x_wconf 88' lang='lat' dir='ltr'><strong>qui</strong></span> <span class='ocrx_word' id='word_1_143' title='bbox 1235 1415 1443 1444; x_wconf 90' lang='lat' dir='ltr'><strong>numerus</strong></span> 
     </span>
     <span class='ocr_line' id='line_1_19' title="bbox 47 1469 1288 1530; baseline 0 -16"><span class='ocrx_word' id='word_1_144' title='bbox 47 1469 226 1530; x_wconf 87' lang='lat' dir='ltr'><strong>piscium</strong></span> <span class='ocrx_word' id='word_1_145' title='bbox 272 1469 326 1513; x_wconf 89' lang='lat' dir='ltr'><strong>ad</strong></span> <span class='ocrx_word' id='word_1_146' title='bbox 353 1471 573 1514; x_wconf 83' lang='lat' dir='ltr'><strong>dexteram</strong></span> <span class='ocrx_word' id='word_1_147' title='bbox 597 1480 764 1529; x_wconf 87' lang='lat' dir='ltr'><strong>partem</strong></span> <span class='ocrx_word' id='word_1_148' title='bbox 791 1480 1018 1529; x_wconf 85' lang='lat' dir='ltr'><strong>captorum</strong></span> <span class='ocrx_word' id='word_1_149' title='bbox 1052 1471 1288 1515; x_wconf 88' lang='lat' dir='ltr'><strong>invenitur.</strong></span> 
     </span>
     <span class='ocr_line' id='line_1_20' title="bbox 105 1541 1442 1593; baseline 0.001 -10"><span class='ocrx_word' id='word_1_150' title='bbox 105 1543 305 1593; x_wconf 73' lang='lat' dir='ltr'><strong>QuAEsTio</strong></span> <span class='ocrx_word' id='word_1_151' title='bbox 329 1543 553 1585; x_wconf 83' lang='lat' dir='ltr'><strong>LXXXlI.</strong></span> <span class='ocrx_word' id='word_1_152' title='bbox 582 1568 636 1574; x_wconf 85' lang='lat'>—</span> <span class='ocrx_word' id='word_1_153' title='bbox 660 1545 717 1584; x_wconf 78' lang='lat'><strong>1⁰.</strong></span> <span class='ocrx_word' id='word_1_154' title='bbox 741 1541 868 1585; x_wconf 85' lang='lat' dir='ltr'><strong>Multi</strong></span> <span class='ocrx_word' id='word_1_155' title='bbox 905 1550 1226 1585; x_wconf 78' lang='lat' dir='ltr'><strong>murmurantes</strong></span> <span class='ocrx_word' id='word_1_156' title='bbox 1247 1543 1330 1585; x_wconf 90' lang='lat' dir='ltr'><strong>sub</strong></span> <span class='ocrx_word' id='word_1_157' title='bbox 1353 1541 1442 1585; x_wconf 89' lang='lat' dir='ltr'><strong>dis-</strong></span> 
     </span>
     <span class='ocr_line' id='line_1_21' title="bbox 47 1610 1440 1671; baseline 0.001 -17"><span class='ocrx_word' id='word_1_158' title='bbox 47 1610 203 1669; x_wconf 82' lang='lat' dir='ltr'><strong>ciplina</strong></span> <span class='ocrx_word' id='word_1_159' title='bbox 224 1611 313 1663; x_wconf 79' lang='lat' dir='ltr'><strong>Dei,</strong></span> <span class='ocrx_word' id='word_1_160' title='bbox 346 1612 635 1670; x_wconf 78' lang='lat' dir='ltr'><strong>quaestionem</strong></span> <span class='ocrx_word' id='word_1_161' title='bbox 662 1621 854 1665; x_wconf 87' lang='lat' dir='ltr'><strong>movent,</strong></span> <span class='ocrx_word' id='word_1_162' title='bbox 876 1627 975 1655; x_wconf 87' lang='lat' dir='ltr'><strong>cum</strong></span> <span class='ocrx_word' id='word_1_163' title='bbox 1000 1611 1303 1671; x_wconf 74' lang='lat' dir='ltr'><strong>videntjustos</strong></span> <span class='ocrx_word' id='word_1_164' title='bbox 1326 1627 1440 1671; x_wconf 86' lang='lat' dir='ltr'><strong>saepe</strong></span> 
     </span>
     <span class='ocr_line' id='line_1_22' title="bbox 47 1682 1441 1744; baseline 0.001 -18"><span class='ocrx_word' id='word_1_165' title='bbox 47 1697 194 1741; x_wconf 87' lang='lat' dir='ltr'><strong>graves</strong></span> <span class='ocrx_word' id='word_1_166' title='bbox 215 1682 430 1727; x_wconf 82' lang='lat' dir='ltr'><strong>molestias</strong></span> <span class='ocrx_word' id='word_1_167' title='bbox 452 1684 694 1727; x_wconf 85' lang='lat' dir='ltr'><strong>secundum</strong></span> <span class='ocrx_word' id='word_1_168' title='bbox 712 1684 825 1726; x_wconf 84' lang='lat' dir='ltr'><strong>hanc</strong></span> <span class='ocrx_word' id='word_1_169' title='bbox 843 1684 975 1726; x_wconf 87' lang='lat' dir='ltr'><strong>vitam</strong></span> <span class='ocrx_word' id='word_1_170' title='bbox 998 1684 1085 1742; x_wconf 90' lang='lat' dir='ltr'><strong>pati</strong></span> <span class='ocrx_word' id='word_1_171' title='bbox 1100 1687 1117 1709; x_wconf 76' lang='lat'><strong>‘²</strong></span> <span class='ocrx_word' id='word_1_172' title='bbox 1136 1703 1144 1728; x_wconf 74' lang='grc' dir='ltr'>ε</span> <span class='ocrx_word' id='word_1_173' title='bbox 1168 1685 1290 1744; x_wconf 85' lang='lat' dir='ltr'><strong>quasi</strong></span> <span class='ocrx_word' id='word_1_174' title='bbox 1311 1700 1441 1743; x_wconf 81' lang='lat' dir='ltr'><strong>prop-</strong></span> 
     </span>
     <span class='ocr_line' id='line_1_23' title="bbox 45 1753 1441 1813; baseline 0.001 -15"><span class='ocrx_word' id='word_1_175' title='bbox 45 1761 157 1798; x_wconf 83' lang='lat' dir='ltr'><strong>terea</strong></span> <span class='ocrx_word' id='word_1_176' title='bbox 192 1753 301 1796; x_wconf 84' lang='lat' dir='ltr'><strong>nihil</strong></span> <span class='ocrx_word' id='word_1_177' title='bbox 330 1754 389 1797; x_wconf 87' lang='lat' dir='ltr'><strong>eis</strong></span> <span class='ocrx_word' id='word_1_178' title='bbox 418 1755 552 1813; x_wconf 84' lang='lat' dir='ltr'><strong>prosit</strong></span> <span class='ocrx_word' id='word_1_179' title='bbox 578 1754 696 1813; x_wconf 84' lang='lat' dir='ltr'><strong>quod</strong></span> <span class='ocrx_word' id='word_1_180' title='bbox 723 1757 811 1797; x_wconf 89' lang='lat' dir='ltr'><strong>Deo</strong></span> <span class='ocrx_word' id='word_1_181' title='bbox 838 1755 1058 1807; x_wconf 86' lang='lat' dir='ltr'><strong>serviunt,</strong></span> <span class='ocrx_word' id='word_1_182' title='bbox 1085 1755 1186 1813; x_wconf 87' lang='lat' dir='ltr'><strong>quia</strong></span> <span class='ocrx_word' id='word_1_183' title='bbox 1217 1755 1284 1799; x_wconf 90' lang='lat' dir='ltr'><strong>vel</strong></span> <span class='ocrx_word' id='word_1_184' title='bbox 1321 1771 1441 1799; x_wconf 89' lang='lat' dir='ltr'><strong>com-</strong></span> 
     </span>
     <span class='ocr_line' id='line_1_24' title="bbox 45 1824 1440 1885; baseline 0.002 -18"><span class='ocrx_word' id='word_1_185' title='bbox 45 1839 198 1868; x_wconf 89' lang='lat' dir='ltr'><strong>munes</strong></span> <span class='ocrx_word' id='word_1_186' title='bbox 214 1824 407 1877; x_wconf 80' lang='lat' dir='ltr'><strong>labores,</strong></span> <span class='ocrx_word' id='word_1_187' title='bbox 433 1833 563 1884; x_wconf 88' lang='lat' dir='ltr'><strong>atque</strong></span> <span class='ocrx_word' id='word_1_188' title='bbox 578 1825 880 1868; x_wconf 83' lang='lat' dir='ltr'><strong>indifferenter</strong></span> <span class='ocrx_word' id='word_1_189' title='bbox 902 1840 1135 1883; x_wconf 88' lang='lat' dir='ltr'><strong>corporum</strong></span> <span class='ocrx_word' id='word_1_190' title='bbox 1159 1835 1292 1885; x_wconf 87' lang='lat' dir='ltr'><strong>atque</strong></span> <span class='ocrx_word' id='word_1_191' title='bbox 1314 1825 1440 1870; x_wconf 88' lang='lat' dir='ltr'><strong>dam-</strong></span> 
     </span>
     <span class='ocr_line' id='line_1_25' title="bbox 45 1896 1442 1956; baseline 0.001 -18"><span class='ocrx_word' id='word_1_192' title='bbox 45 1910 201 1939; x_wconf 88' lang='lat' dir='ltr'><strong>norum</strong></span> <span class='ocrx_word' id='word_1_193' title='bbox 224 1905 267 1938; x_wconf 89' lang='lat' dir='ltr'><strong>et</strong></span> <span class='ocrx_word' id='word_1_194' title='bbox 295 1896 660 1939; x_wconf 88' lang='lat' dir='ltr'><strong>contumeliarum</strong></span> <span class='ocrx_word' id='word_1_195' title='bbox 696 1905 1045 1956; x_wconf 85' lang='lat' dir='ltr'><strong>caeterorumque</strong></span> <span class='ocrx_word' id='word_1_196' title='bbox 1083 1898 1278 1940; x_wconf 86' lang='lat' dir='ltr'><strong>omnium</strong></span> <span class='ocrx_word' id='word_1_197' title='bbox 1298 1932 1308 1951; x_wconf 85' lang='lat'><strong>,</strong></span> <span class='ocrx_word' id='word_1_198' title='bbox 1342 1912 1442 1956; x_wconf 88' lang='lat' dir='ltr'><strong>quae</strong></span> 
     </span>
     <span class='ocr_line' id='line_1_26' title="bbox 44 1965 1442 2028; baseline 0.001 -18"><span class='ocrx_word' id='word_1_199' title='bbox 44 1965 155 2010; x_wconf 85' lang='lat' dir='ltr'><strong>mala</strong></span> <span class='ocrx_word' id='word_1_200' title='bbox 181 1965 382 2010; x_wconf 85' lang='lat' dir='ltr'><strong>mortales</strong></span> <span class='ocrx_word' id='word_1_201' title='bbox 402 1976 572 2025; x_wconf 88' lang='lat' dir='ltr'><strong>putant,</strong></span> <span class='ocrx_word' id='word_1_202' title='bbox 598 1966 665 2010; x_wconf 89' lang='lat' dir='ltr'><strong>vel</strong></span> <span class='ocrx_word' id='word_1_203' title='bbox 683 1967 811 2010; x_wconf 87' lang='lat' dir='ltr'><strong>etiam</strong></span> <span class='ocrx_word' id='word_1_204' title='bbox 831 1968 996 2011; x_wconf 70' lang='lat' dir='ltr'><strong>caeteris</strong></span> <span class='ocrx_word' id='word_1_205' title='bbox 1015 1968 1245 2027; x_wconf 89' lang='lat' dir='ltr'><strong>ampliores</strong></span> <span class='ocrx_word' id='word_1_206' title='bbox 1264 1969 1442 2028; x_wconf 78' lang='lat' dir='ltr'><strong>patiun-</strong></span> 
     </span>
     <span class='ocr_line' id='line_1_27' title="bbox 45 2038 1442 2100; baseline 0.001 -18"><span class='ocrx_word' id='word_1_207' title='bbox 45 2047 115 2082; x_wconf 89' lang='lat' dir='ltr'><strong>tur</strong></span> <span class='ocrx_word' id='word_1_208' title='bbox 146 2046 324 2097; x_wconf 87' lang='lat' dir='ltr'><strong>propter</strong></span> <span class='ocrx_word' id='word_1_209' title='bbox 359 2039 540 2081; x_wconf 88' lang='lat' dir='ltr'><strong>verbum</strong></span> <span class='ocrx_word' id='word_1_210' title='bbox 584 2038 659 2081; x_wconf 92' lang='lat' dir='ltr'><strong>Dei</strong></span> <span class='ocrx_word' id='word_1_211' title='bbox 687 2047 818 2098; x_wconf 87' lang='lat' dir='ltr'><strong>atque</strong></span> <span class='ocrx_word' id='word_1_212' title='bbox 847 2040 1082 2098; x_wconf 81' lang='lat' dir='ltr'><strong>justitiam,</strong></span> <span class='ocrx_word' id='word_1_213' title='bbox 1122 2056 1221 2100; x_wconf 84' lang='lat' dir='ltr'><strong>quae</strong></span> <span class='ocrx_word' id='word_1_214' title='bbox 1262 2055 1442 2084; x_wconf 83' lang='lat' dir='ltr'><strong>onerosa</strong></span> 
     </span>
     <span class='ocr_line' id='line_1_28' title="bbox 44 2109 1442 2168; baseline 0.001 -16"><span class='ocrx_word' id='word_1_215' title='bbox 44 2109 325 2168; x_wconf 88' lang='lat' dir='ltr'><strong>peccantibus</strong></span> <span class='ocrx_word' id='word_1_216' title='bbox 359 2109 402 2152; x_wconf 85' lang='lat' dir='ltr'><strong>in</strong></span> <span class='ocrx_word' id='word_1_217' title='bbox 438 2110 530 2168; x_wconf 83' lang='lat' dir='ltr'><strong>ejus</strong></span> <span class='ocrx_word' id='word_1_218' title='bbox 554 2109 861 2167; x_wconf 60' lang='lat' dir='ltr'><strong>praedicatores</strong></span> <span class='ocrx_word' id='word_1_219' title='bbox 894 2111 1185 2155; x_wconf 85' lang='lat' dir='ltr'><strong>tumultuosas</strong></span> <span class='ocrx_word' id='word_1_220' title='bbox 1209 2111 1442 2155; x_wconf 77' lang='lat' dir='ltr'><strong>seditiones</strong></span> 
     </span>
     <span class='ocr_line' id='line_1_29' title="bbox 46 2179 1441 2240; baseline 0.002 -17"><span class='ocrx_word' id='word_1_221' title='bbox 46 2189 119 2223; x_wconf 85' lang='lat' dir='ltr'><strong>aut</strong></span> <span class='ocrx_word' id='word_1_222' title='bbox 137 2179 310 2223; x_wconf 86' lang='lat' dir='ltr'><strong>insidias</strong></span> <span class='ocrx_word' id='word_1_223' title='bbox 327 2189 402 2224; x_wconf 86' lang='lat' dir='ltr'><strong>aut</strong></span> <span class='ocrx_word' id='word_1_224' title='bbox 424 2180 522 2224; x_wconf 86' lang='lat' dir='ltr'><strong>odia</strong></span> <span class='ocrx_word' id='word_1_225' title='bbox 536 2181 740 2224; x_wconf 88' lang='lat' dir='ltr'><strong>concitat.</strong></span> <span class='ocrx_word' id='word_1_226' title='bbox 762 2182 932 2234; x_wconf 86' lang='lat' dir='ltr'><strong>Quibus</strong></span> <span class='ocrx_word' id='word_1_227' title='bbox 956 2182 1262 2240; x_wconf 84' lang='lat' dir='ltr'><strong>respondetur,</strong></span> <span class='ocrx_word' id='word_1_228' title='bbox 1283 2182 1385 2240; x_wconf 87' lang='lat' dir='ltr'><strong>quia</strong></span> <span class='ocrx_word' id='word_1_229' title='bbox 1408 2184 1441 2226; x_wconf 89' lang='lat' dir='ltr'><strong>si</strong></span> 
     </span>
     <span class='ocr_line' id='line_1_30' title="bbox 45 2249 1438 2311; baseline 0 -15"><span class='ocrx_word' id='word_1_230' title='bbox 45 2250 128 2296; x_wconf 86' lang='lat' dir='ltr'><strong>vita</strong></span> <span class='ocrx_word' id='word_1_231' title='bbox 147 2252 224 2294; x_wconf 89' lang='lat' dir='ltr'><strong>ista</strong></span> <span class='ocrx_word' id='word_1_232' title='bbox 246 2249 335 2294; x_wconf 89' lang='lat' dir='ltr'><strong>sola</strong></span> <span class='ocrx_word' id='word_1_233' title='bbox 353 2261 464 2295; x_wconf 87' lang='lat' dir='ltr'><strong>esset</strong></span> <span class='ocrx_word' id='word_1_234' title='bbox 483 2252 726 2306; x_wconf 83' lang='lat' dir='ltr'><strong>hominum,</strong></span> <span class='ocrx_word' id='word_1_235' title='bbox 749 2262 824 2295; x_wconf 86' lang='lat' dir='ltr'><strong>aut</strong></span> <span class='ocrx_word' id='word_1_236' title='bbox 842 2253 951 2296; x_wconf 87' lang='lat' dir='ltr'><strong>nihil</strong></span> <span class='ocrx_word' id='word_1_237' title='bbox 971 2253 1188 2311; x_wconf 83' lang='lat' dir='ltr'><strong>prodesse,</strong></span> <span class='ocrx_word' id='word_1_238' title='bbox 1216 2262 1289 2296; x_wconf 88' lang='lat' dir='ltr'><strong>aut</strong></span> <span class='ocrx_word' id='word_1_239' title='bbox 1309 2253 1438 2297; x_wconf 88' lang='lat' dir='ltr'><strong>etiam</strong></span> 
     </span>
     <span class='ocr_line' id='line_1_31' title="bbox 45 2323 1435 2384; baseline 0.002 -19"><span class='ocrx_word' id='word_1_240' title='bbox 45 2337 198 2366; x_wconf 82' lang='lat' dir='ltr'><strong>nocere</strong></span> <span class='ocrx_word' id='word_1_241' title='bbox 223 2323 337 2381; x_wconf 81' lang='lat' dir='ltr'><strong>justa</strong></span> <span class='ocrx_word' id='word_1_242' title='bbox 371 2323 456 2367; x_wconf 84' lang='lat' dir='ltr'><strong>vita</strong></span> <span class='ocrx_word' id='word_1_243' title='bbox 490 2339 579 2366; x_wconf 87' lang='lat' dir='ltr'><strong>non</strong></span> <span class='ocrx_word' id='word_1_244' title='bbox 616 2339 933 2384; x_wconf 80' lang='lat' dir='ltr'><strong>usquequaque</strong></span> <span class='ocrx_word' id='word_1_245' title='bbox 971 2323 1157 2367; x_wconf 86' lang='lat' dir='ltr'><strong>absurde</strong></span> <span class='ocrx_word' id='word_1_246' title='bbox 1198 2323 1435 2368; x_wconf 87' lang='lat' dir='ltr'><strong>videretur.</strong></span> 
     </span>
     <span class='ocr_line' id='line_1_32' title="bbox 45 2393 1438 2455; baseline 0.001 -19"><span class='ocrx_word' id='word_1_247' title='bbox 45 2394 302 2453; x_wconf 85' lang='lat' dir='ltr'><strong>Quanquam</strong></span> <span class='ocrx_word' id='word_1_248' title='bbox 331 2409 418 2437; x_wconf 89' lang='lat' dir='ltr'><strong>non</strong></span> <span class='ocrx_word' id='word_1_249' title='bbox 443 2393 689 2449; x_wconf 86' lang='lat' dir='ltr'><strong>defuerint,</strong></span> <span class='ocrx_word' id='word_1_250' title='bbox 716 2395 791 2454; x_wconf 86' lang='lat' dir='ltr'><strong>qui</strong></span> <span class='ocrx_word' id='word_1_251' title='bbox 812 2395 990 2455; x_wconf 79' lang='lat' dir='ltr'><strong>justitiae</strong></span> <span class='ocrx_word' id='word_1_252' title='bbox 1014 2395 1270 2439; x_wconf 86' lang='lat' dir='ltr'><strong>suavitatem</strong></span> <span class='ocrx_word' id='word_1_253' title='bbox 1303 2404 1344 2439; x_wconf 86' lang='lat' dir='ltr'><strong>et</strong></span> <span class='ocrx_word' id='word_1_254' title='bbox 1372 2396 1438 2438; x_wconf 87' lang='lat' dir='ltr'><strong>in-</strong></span> 
     </span>
     <span class='ocr_line' id='line_1_33' title="bbox 49 2463 1434 2525; baseline 0.001 -17"><span class='ocrx_word' id='word_1_255' title='bbox 49 2472 213 2508; x_wconf 85' lang='lat' dir='ltr'><strong>ternum</strong></span> <span class='ocrx_word' id='word_1_256' title='bbox 236 2465 325 2523; x_wconf 87' lang='lat' dir='ltr'><strong>ejus</strong></span> <span class='ocrx_word' id='word_1_257' title='bbox 349 2463 555 2523; x_wconf 86' lang='lat' dir='ltr'><strong>gaudium</strong></span> <span class='ocrx_word' id='word_1_258' title='bbox 585 2480 686 2509; x_wconf 85' lang='lat' dir='ltr'><strong>eum</strong></span> <span class='ocrx_word' id='word_1_259' title='bbox 718 2466 1017 2525; x_wconf 85' lang='lat' dir='ltr'><strong>corporalibus</strong></span> <span class='ocrx_word' id='word_1_260' title='bbox 1046 2466 1250 2510; x_wconf 90' lang='lat' dir='ltr'><strong>omnibus</strong></span> <span class='ocrx_word' id='word_1_261' title='bbox 1271 2464 1434 2510; x_wconf 86' lang='lat' dir='ltr'><strong>labori-</strong></span> 
     </span>
    </p>
   </div>
   <div class='ocr_carea' id='block_1_3' title="bbox 94 2551 682 2592">
    <p class='ocr_par' dir='ltr' id='par_1_3' title="bbox 94 2551 682 2592">
     <span class='ocr_line' id='line_1_34' title="bbox 94 2551 682 2592; baseline -0.002 -10"><span class='ocrx_word' id='word_1_262' title='bbox 94 2556 102 2573; x_wconf 88' lang='lat'><strong>¹</strong></span> <span class='ocrx_word' id='word_1_263' title='bbox 121 2552 209 2583; x_wconf 84' lang='lat' dir='ltr'><strong>Joan.</strong></span> <span class='ocrx_word' id='word_1_264' title='bbox 228 2561 295 2592; x_wconf 74' lang='lat' dir='ltr'><strong>xxi,</strong></span> <span class='ocrx_word' id='word_1_265' title='bbox 316 2551 349 2582; x_wconf 81' lang='lat'><strong>6.</strong></span> <span class='ocrx_word' id='word_1_266' title='bbox 366 2568 405 2574; x_wconf 91' lang='lat'><em>-</em></span> <span class='ocrx_word' id='word_1_267' title='bbox 421 2557 432 2574; x_wconf 86' lang='lat'>²</span> <span class='ocrx_word' id='word_1_268' title='bbox 454 2551 550 2583; x_wconf 79' lang='lat' dir='ltr'><strong>[lehr.</strong></span> <span class='ocrx_word' id='word_1_269' title='bbox 574 2562 630 2589; x_wconf 70' lang='lat' dir='ltr'><strong>im,</strong></span> <span class='ocrx_word' id='word_1_270' title='bbox 647 2553 682 2582; x_wconf 70' lang='grc' dir='ltr'><strong>(ἲ.</strong></span> 
     </span>
    </p>
   </div>
  </div>
 </body>
</html>
