1790 3187
351 206 433 246 248
795 222 827 246 s.
865 220 1094 247 Avensa-im
1125 220 1306 248 muscom

350 286 588 330 insinuaret
620 284 735 329 unde
754 283 864 328 facta
888 293 930 329 et
948 284 1131 329 formata
1154 285 1239 329 sint
1260 284 1403 328 omnia
1418 320 1429 335 ‚
1457 300 1555 342 quae
1576 286 1619 329 in
1641 287 1726 332 suis

350 356 579 415 generibus
606 356 695 415 jam
729 354 981 413 dignoscere
1014 371 1270 414 possumus3
1302 354 1522 413 appellans
1552 371 1724 415 aquam,

344 425 448 486 quia
462 440 512 468 ex
536 424 716 468 humida
739 434 889 468 natura
909 424 1106 469 videmus
1123 424 1267 469 omnia
1285 425 1330 467 in
1350 434 1459 468 terra
1475 414 1550 483 per
1567 425 1725 484 species

343 496 481 541 varias
512 494 686 540 formari
708 505 839 555 atque
868 511 1143 541 concrescere
1170 514 1179 536 :
1205 495 1293 538 sive
1321 494 1558 554 spiritalem
1593 495 1727 540 vitam

344 567 581 628 quamdam
621 575 720 610 ante
750 565 936 610 formam
969 566 1262 611 conversionis
1294 567 1416 626 quasi
1450 567 1724 625 fluitantem3

342 637 695 698 superferebatur
709 638 860 697 utique
880 638 1064 696 Spiritus
1086 638 1158 681 Dei
1180 653 1190 682 ·:
1217 639 1317 697 quia
1340 638 1590 698 subjacebat
1609 637 1724 682 scili-

341 719 411 754 cet
440 709 567 752 bonae
589 708 804 752 voluntati
826 708 1031 752 creatoris
1049 744 1060 763 ‚
1087 708 1305 768 quidquid
1330 708 1441 752 illud
1474 718 1580 762 erat,
1605 708 1726 769 quod
1766 719 1768 722 ’

345 779 621 825 formandum
663 779 1065 839 perficiendumque
1104 780 1387 823 inchoaverat
1420 801 1432 838 3
1471 789 1518 824 ut
1554 780 1726 824 dicente

343 854 432 896 Deo
455 851 499 894 in
518 850 664 894 Verbo
687 866 765 893 suo
783 885 793 904 ‚
823 869 841 891 «
868 851 964 894 Fiat
985 850 1059 894 lux
1086 871 1097 908 3
1125 869 1144 890 »
1168 851 1212 894 in
1235 850 1348 894 bona
1376 849 1622 905 voluntate,
1644 851 1726 896 boc

340 931 418 978 est,
445 922 486 965 in
526 921 796 981 beneplacito
822 923 939 982 ejus,
966 938 1045 981 pro
1069 921 1199 966 modo
1234 923 1299 967 sui
1333 924 1497 980 generis
1533 932 1726 968 maneret

339 992 458 1054 quod
484 991 644 1036 sactum
668 1003 744 1037 est.
769 996 824 1037 Et
845 993 944 1036 ideo
969 1004 1134 1037 rectum
1161 1002 1224 1037 est
1244 994 1361 1053 quod
1387 993 1594 1052 placuerit
1618 997 1722 1050 Deo,

345 1065 564 1122 Scriptura
587 1062 775 1118 dicente,
808 1083 825 1103 «
847 1066 901 1106 Et
922 1061 1032 1107 facta
1057 1073 1118 1107 est
1142 1063 1231 1106 lux.
1254 1067 1308 1107 Et
1330 1064 1436 1107 vidit
1457 1067 1568 1107 Deus
1587 1064 1728 1108 lucem
1764 1070 1765 1074 ’

348 1153 368 1175 n
390 1134 492 1194 quia
518 1133 630 1176 bona
654 1142 730 1176 est.
760 1151 779 1174 »
811 1135 867 1176 Ut
893 1133 1262 1193 quemadmodum
1279 1134 1322 1176 in
1347 1134 1439 1192 ipso
1467 1135 1642 1178 exordio
1664 1135 1725 1179 in-

340 1206 508 1249 choatae
531 1214 741 1248 creaturae
759 1239 769 1258 ‚
800 1221 899 1264 quae
919 1204 1020 1248 coeli
1044 1214 1086 1249 et
1111 1213 1234 1248 terrae
1259 1205 1458 1259 nomine,
1483 1215 1662 1264 propter
1683 1206 1728 1250 id
1764 1223 1767 1254 ;

338 1277 459 1336 quod
485 1274 538 1319 de
557 1274 628 1319 illa
653 1275 966 1335 perficiendum
988 1284 1096 1329 erat,
1121 1285 1460 1319 commemorata
1481 1285 1560 1330 est,
1585 1276 1727 1320 Trini-

342 1355 405 1391 tas
427 1347 670 1390 insinuatur
688 1346 890 1390 creatoris
911 1366 920 1391 :
940 1348 1057 1403 (nam
1071 1346 1242 1391 dicente
1261 1346 1589 1405 Scriptura,«1n
1616 1347 1726 1406 prin·
1758 1335 1763 1408 l

344 1437 362 1460 n
381 1418 494 1477 cipio
513 1417 612 1461 fecit
636 1420 747 1461 Deus
765 1417 926 1461 coelum
945 1427 986 1461 et
1012 1427 1187 1472 terram,
1213 1437 1232 1459 »
1255 1418 1535 1476 intelligimus
1559 1422 1730 1463 Patrem
1758 1409 1762 1475 ξ

342 1490 389 1532 in
424 1489 497 1532 Dei
521 1488 697 1532 nomine
718 1523 728 1543 ‚
754 1497 797 1531 et
820 1488 979 1532 Filium
1002 1489 1045 1531 in
1070 1488 1271 1547 principii
1304 1490 1480 1532 nomine
1497 1524 1508 1543 ,
1533 1490 1608 1548 qui
1642 1505 1731 1534 non

347 1560 478 1613 Patri,
505 1559 580 1602 sed
610 1574 685 1618 per
709 1574 751 1603 se
781 1559 921 1618 ipsum
951 1568 1103 1602 creatae
1133 1559 1333 1618 primitus
1350 1594 1361 1614 ‚
1386 1574 1434 1602 ac
1458 1560 1728 1618 potissimum

347 1629 526 1688 spiritali
548 1638 760 1673 creaturae
779 1663 789 1684 ,
815 1638 858 1673 et
879 1639 1195 1688 consequenter
1226 1629 1353 1672 etiam
1378 1630 1589 1673 universae
1611 1645 1732 1674 crea-

349 1710 457 1744 turae
479 1700 737 1759 principium
762 1709 825 1743 est
843 1720 858 1756 -3
889 1700 1061 1744 dicente
1078 1709 1220 1743 autem
1238 1701 1457 1759 Scriptura
1475 1735 1485 1755 ‚
1502 1719 1520 1742 «
1549 1701 1731 1759 Spiritus

351 1790 370 1812 »
401 1770 473 1814 Dei
493 1770 845 1829 superferebatur
865 1786 993 1829 super
1015 1786 1188 1831 aquam,
1212 1789 1232 1811 υ
1256 1769 1514 1830 completam
1540 1787 1730 1816 comme-

346 1840 632 1884 morationem
666 1840 883 1884 Trinitatis
906 1842 1176 1899 agnoscimus
1198 1845 1226 1897 ε)
1253 1842 1310 1884 ita
1333 1840 1432 1884 etin
1451 1841 1730 1886 conversione
1757 1846 1783 1904 l⁸

345 1919 476 1970 atque
499 1910 765 1970 perfectione
788 1920 997 1955 creaturae
1014 1947 1024 1966 ‚
1044 1921 1094 1955 ut
1115 1927 1255 1955 rerum
1281 1911 1440 1968 species
1459 1912 1726 1970 digerantur,
1757 1901 1790 1970 'i

344 1982 495 2025 eadem
518 1981 701 2025 Trinitas
723 1982 967 2025 insinuetur
993 2003 1004 2039 3
1029 1982 1219 2025 Verbum
1250 1983 1321 2025 Dei
1337 1981 1512 2035 scilicet,
1538 1991 1581 2025 et
1600 1983 1730 2028 Verbi
1776 1978 1790 2026 l*-

347 2053 601 2106 Generator,
622 2068 721 2096 cum
745 2051 926 2107 dicitur,
954 2053 1065 2096 Dixit
1089 2055 1200 2096 Deus
1219 2073 1229 2110 3
1249 2062 1292 2095 et
1309 2062 1452 2096 sancta
1471 2053 1661 2107 Bonitas,
1684 2053 1729 2097 in
1777 2053 1790 2098 i]

347 2139 432 2183 qua
470 2126 560 2167 Deo
602 2122 743 2182 placet
778 2122 992 2183 quidquid
1034 2123 1071 2166 ei
1106 2138 1185 2182 pro
1219 2138 1308 2166 suae
1345 2132 1512 2166 naturae
1549 2123 1729 2168 modulo
1773 2123 1790 2167 't

348 2192 589 2253 perfectum
612 2193 768 2252 placet,
792 2208 892 2238 cum
916 2192 1102 2251 dicitur3
1127 2212 1147 2236 «
1170 2193 1290 2238 Vidit
1309 2196 1421 2238 Deus
1443 2194 1544 2254 quia
1564 2194 1727 2238 bonum
1756 2232 1760 2264 Ι
1784 2209 1790 2236 t

350 2282 372 2305 »
399 2272 477 2307 est.
509 2283 526 2305 »

405 2335 466 2378 3⁰.
505 2334 589 2379 Sed
621 2349 699 2378 cur
721 2342 1056 2378 commemorata
1080 2334 1225 2393 prius,
1251 2334 1449 2394 quamvis
1476 2333 1732 2393 imperfecta·
1787 2374 1790 2375 γ

346 2413 556 2458 creatura,
576 2413 722 2463 postea
737 2414 1098 2466 commemoratur
1111 2405 1294 2463 Spiritus
1315 2405 1403 2459 Dei,
1423 2405 1539 2463 prius
1557 2405 1728 2448 dicente

349 2474 585 2533 Scriptura,
616 2495 630 2515 α
664 2477 793 2519 Terra
819 2484 963 2519 autem
987 2483 1077 2518 erat
1105 2475 1330 2519 invisibilis
1358 2484 1401 2519 et
1423 2475 1723 2534 incomposita,
1755 2462 1758 2539 l

360 2563 380 2586 »
405 2554 448 2589 et
461 2544 651 2589 tenebrae
673 2555 795 2591 erant
814 2561 943 2605 super
960 2545 1162 2604 abyssum
1191 2565 1199 2590 :
1224 2559 1304 2590 »ac
1325 2544 1482 2590 deinde
1499 2544 1726 2601 inferente,
1754 2541 1758 2604 ᾗ

1754 2611 1758 2716 l

1754 2723 1757 2778 !

1753 2781 1757 2961 l
