1790 3187
324 210 374 236 im
409 210 593 236 Dtvffltsts
626 211 781 245 Quies‘r.
818 212 962 239 omum.
1000 214 1160 239 TlttuUs.
1382 206 1427 241 123

67 276 155 318 haec
176 274 320 317 divina
340 273 608 332 providentia
628 288 705 332 pro
723 275 882 318 meritis
908 275 1152 320 moderatur
1175 276 1430 322 animarum.

65 346 147 391 Sed
165 355 308 388 tamen
326 360 413 389 non
428 345 507 388 sibi
523 344 689 403 eligunt
703 345 802 389 boni
823 347 1104 391 ministerium
1125 347 1431 403 tribulationis,

59 432 137 461 nec
159 415 260 460 mali
283 426 428 460 amant
455 431 619 476 pacem.
647 420 790 470 Quare
818 419 895 476 ipsi
920 434 1094 479 quoque
1113 455 1123 474 ‚
1150 435 1226 478 per
1253 436 1361 480 quos
1390 420 1434 464 id

60 488 199 546 agitur
213 486 332 547 quod
350 488 565 546 ignorant,
583 488 860 547 nonjustitiae
877 505 975 548 quae
998 490 1180 534 refertur
1202 489 1257 534 ad
1281 494 1431 546 Deum,

58 558 132 603 sed
160 557 474 603 malevolentiae
497 574 584 602 suae
616 558 856 603 mercedem
881 561 1113 620 accipiunt.
1140 561 1435 614 Quemadmo-

58 630 162 675 dum
185 645 264 674 nec
281 629 405 674 bonis
426 630 682 690 imputatur,
708 630 826 690 quod
849 631 950 690 ipsis
974 630 1171 691 prodesse
1189 633 1434 677 volentibus

57 709 237 746 nocetur
256 700 410 755 alicui,
442 700 514 744 sed
546 701 662 745 bono
691 702 834 745 animo
864 701 1178 747 benevolentiae
1206 704 1434 762 praemium

57 773 262 817 tribuitur
288 792 295 817 :
322 773 378 817 ita
396 772 522 816 etiam
538 781 689 815 caetera
709 781 902 817 creatura
919 788 997 831 pro
1013 775 1174 818 meritis
1192 776 1431 819 animarum

58 842 328 888 rationalium
351 843 418 888 vel
441 843 621 887 sentitur
655 842 721 886 vel
755 843 882 898 latet,
917 842 983 888 vel
1022 844 1200 889 molesta
1222 848 1288 890 vel
1315 861 1434 890 com-

54 914 181 960 moda
209 924 284 959 est.
314 917 491 960 Summo
525 915 639 958 enim
667 917 756 959 Deo
783 923 940 958 cuncta
972 915 1083 959 bene
1111 916 1434 961 administrante

52 1002 151 1045 quae
171 985 271 1030 fecit
287 1021 297 1040 ‚
318 985 427 1029 nihii
448 985 743 1030 inordinatum
769 985 814 1028 in
830 985 1030 1030 universo
1046 1021 1056 1039 ,
1080 987 1275 1047 nihilque
1296 988 1432 1047 injus-

55 1066 146 1102 tum
174 1066 266 1112 est,
303 1057 390 1102 sive
414 1057 647 1101 scientibus
669 1057 756 1101 sive
779 1058 1070 1102 nescientibus
1097 1058 1239 1103 nobis.
1273 1059 1358 1104 Sed
1390 1060 1434 1104 in

53 1138 171 1187 parte
192 1130 430 1174 offenditur
453 1130 594 1174 anima
609 1130 823 1189 peccatrix
843 1149 851 1174 :
879 1139 1024 1174 tamen
1048 1131 1147 1190 quia
1174 1145 1250 1190 pro
1273 1131 1434 1176 meritis

0 1203 1 1214 ³
51 1199 110 1243 ibi
133 1209 216 1255 est,
237 1200 314 1244 ubi
336 1199 466 1245 talem
489 1216 578 1244 esse
600 1202 746 1255 decet,
765 1210 807 1245 et
829 1216 876 1245 ea
899 1201 1063 1260 patitur
1078 1217 1177 1261 quae
1191 1200 1320 1245 talem
1343 1201 1433 1261 pati

50 1288 225 1333 aequum
242 1282 326 1328 est,
343 1273 592 1318 universum
610 1287 790 1331 regnum
810 1274 886 1317 Dei
903 1273 1023 1318 nulla
1047 1289 1122 1318 sua
1144 1273 1342 1318 foeditate
1356 1274 1434 1318 de-

51 1342 222 1388 format.
239 1345 529 1397 Quamobrem
550 1345 754 1404 quoniam
775 1359 863 1388 non
882 1345 1025 1388 omnia
1048 1345 1246 1388 novimus
1264 1360 1362 1404 quae
1377 1343 1432 1389 de

50 1414 171 1458 nobis
185 1415 296 1458 bene
308 1417 396 1474 agit
408 1414 515 1460 ordo
532 1415 719 1469 divinus,
743 1414 788 1457 in
812 1413 900 1458 sola
915 1415 1028 1458 bona
1048 1414 1272 1459 voluntate
1284 1431 1428 1460 secun-

47 1484 152 1528 dum
178 1488 335 1544 Legem
359 1488 555 1545 agimus,
584 1485 626 1528 in
653 1485 817 1530 caeteris
842 1494 985 1529 autem
1007 1487 1249 1530 secundum
1273 1489 1431 1545 Legem

47 1557 215 1616 agimur
235 1592 245 1611 ‚
271 1573 371 1602 cum
395 1561 481 1602 Lex
504 1558 592 1617 ipsa
615 1557 982 1602 incommutabilis
1000 1568 1198 1614 maneat,
1224 1568 1267 1603 et
1289 1559 1432 1603 omnia

46 1629 274 1673 mutabilia
292 1630 584 1690 pulcherrima
611 1629 927 1687 gubernatione
948 1629 1212 1674 moderetuiu
1245 1650 1259 1670 «
1288 1630 1432 1675 Gloria

49 1718 68 1741 »
94 1700 224 1758 igitur
237 1701 282 1744 in
308 1699 520 1746 altissimis
544 1703 649 1755 Deo,
675 1710 717 1745 et
734 1701 779 1745 in
801 1709 914 1746 terra
930 1717 1012 1759 pax
1027 1701 1280 1747 hominibus
1304 1701 1431 1747 bonae

49 1788 69 1812 »
94 1771 328 1816 voluntatis
350 1775 380 1815 ¹.
404 1791 422 1813 »

104 1845 300 1896 Qum-sno
337 1844 546 1887 XXVIII.
572 1869 627 1875 —-
649 1843 733 1896 Qui
758 1843 914 1902 quaerit
942 1858 1079 1902 quare
1103 1843 1289 1888 voluerit
1320 1848 1431 1888 Deus

52 1915 265 1958 mundum
291 1914 449 1968 facere,
475 1929 646 1958 causam
670 1914 826 1973 quaerit
846 1913 1083 1958 voluntatis
1114 1915 1206 1958 Dei.
1234 1914 1317 1960 Sed
1338 1931 1432 1959 om-

44 1985 110 2030 nis
140 2002 268 2031 causa
289 1985 480 2030 efficiens
500 1995 577 2030 est.
616 1986 755 2029 Omne
788 1994 933 2030 autem
960 1986 1154 2030 efficiens
1177 1988 1314 2047 majus
1342 1997 1426 2041 est,

42 2072 173 2118 quam
198 2056 243 2101 id
273 2057 392 2117 quod
420 2057 622 2101 eflicitur.
653 2056 768 2101 Nihil
791 2066 935 2100 autem
962 2057 1098 2116 majus
1120 2066 1183 2101 est
1206 2055 1429 2101 voluntate

43 2128 135 2172 Dei.
156 2130 253 2174 Non
274 2143 377 2186 ergo
393 2128 482 2187 ejus
498 2143 623 2172 causa
645 2127 881 2188 quaerenda
904 2137 982 2172 est.

100 2201 297 2252 Quaeszrio
311 2201 473 2243 XXIX.
488 2226 543 2231 —
557 2219 575 2240 «
592 2201 700 2252 Quae
714 2214 882 2243 sursum
901 2209 1002 2244 sunt
1015 2200 1151 2258 sapite
1165 2202 1196 2243 2.
1213 2202 1312 2244 »Ea
1327 2215 1426 2259 quae

43 2286 210 2315 sursum
228 2280 329 2315 sunt
351 2285 498 2330 sapere
514 2270 723 2330 jubemur
742 2305 753 2325 ‚
779 2269 981 2329 spiritalia
1003 2270 1168 2315 scilicet
1182 2305 1193 2325 ,
1214 2287 1312 2330 quae
1336 2285 1425 2315 non

41 2340 145 2387 locis
177 2351 219 2386 et
248 2342 442 2401 partibus
473 2341 602 2400 hujus
633 2341 787 2385 mundi
820 2357 988 2386 sursum
1023 2357 1112 2386 esse
1143 2341 1424 2401 intelligenda

41 2424 155 2470 sunt,
174 2414 250 2459 sed
267 2414 422 2458 merito
443 2412 706 2458 excellentiae
728 2429 816 2458 suae
838 2434 849 2472 3
874 2429 928 2458 ne
950 2412 995 2457 in
1018 2414 1110 2474 ejus
1133 2413 1285 2458 mundi
1301 2423 1422 2474 parte

40 2487 221 2547 figamus
254 2486 448 2532 animum
484 2494 679 2531 nostrum
701 2521 712 2542 ,
747 2501 836 2548 quo
867 2485 1072 2531 universo
1106 2501 1184 2531 nos
1211 2485 1421 2531 debemus

89 2577 99 2594 ¹
119 2572 194 2606 Luc.
216 2581 252 2610 n,
271 2570 321 2613 πή.
338 2587 378 2596 -—·
392 2577 404 2595 ²
422 2570 540 2605 Coloss.
560 2582 608 2612 ιιι,
632 2579 662 2606 2.
