1790 3187
104 299 204 403 S.
264 296 593 400 AUR.
661 296 1462 404 AUGUSTINI

411 513 806 552 HIPPONENSIS
851 516 1125 565 EPISCngl

116 684 230 749 DE
278 682 700 751 DIVERSIS
727 683 1416 774 QUAESTIONIBUS

448 864 1108 919 OCTOGINTA-TRIBUS.

92 1028 1469 1069 e-zsswaawaawfflwe-awa-aws-awaaoee-ewe-aweoeae—avesna-saaoe—aws-aoes-awaavso

589 1178 758 1221 LIBER
792 1178 938 1224 UNUS
950 1179 980 1222 ².

149 1345 344 1397 Quffisno
382 1346 417 1387 I.
446 1370 501 1377 ——
538 1346 678 1390 Omne
708 1359 860 1390 verum
884 1360 908 1388 a
936 1344 1116 1389 veritate
1136 1356 1288 1388 verum
1304 1351 1368 1387 est
1392 1362 1404 1400 3
1427 1350 1471 1386 et
1494 1348 1497 1356 “

91 1414 230 1459 omnis
263 1415 404 1459 anima
433 1430 485 1459 eo
505 1416 649 1460 anima
685 1425 778 1471 est,
803 1431 891 1475 quo
911 1430 1011 1460 vera
1033 1414 1176 1459 anima
1208 1424 1284 1460 est.
1317 1415 1468 1460 Omnis

90 1485 219 1544 igitur
239 1485 380 1530 anima
396 1501 445 1530 ea
465 1487 645 1531 veritate
666 1487 800 1531 habet
819 1495 869 1530 ut
883 1487 1062 1531 omnino
1079 1486 1221 1531 anima
1242 1487 1311 1531 sit.
1335 1486 1469 1532 Aliud

88 1566 233 1602 autem
257 1558 398 1602 anima
422 1567 486 1602 est
506 1593 517 1614 ,
542 1557 661 1603 aliud
690 1559 860 1603 veritas.
901 1561 1011 1604 Nam
1051 1558 1205 1603 veritas
1236 1558 1468 1603 falsitatem

88 1644 311 1689 nunquam
335 1629 499 1688 patitu‘r
516 1665 528 1686 ‚
557 1631 694 1677 anims
722 1645 824 1675 vero
851 1645 963 1689 saepe
985 1628 1166 1674 fallitur.
1186 1632 1284 1676 Non
1304 1630 1436 1690 igitur
1453 1665 1464 1685 ‚

88 1715 188 1744 eum
204 1715 227 1744 a
244 1699 423 1745 veritate
445 1700 588 1745 anima
612 1709 675 1745 est
695 1736 705 1756 ‚
727 1717 750 1744 a
771 1716 814 1744 se
835 1702 926 1760 ipsa
947 1709 1023 1745 est.
1045 1703 1122 1745 Est
1144 1710 1290 1745 autem
1313 1701 1467 1746 veritas

87 1773 201 1815 Deus
222 1789 232 1815 ι
253 1773 393 1816 Deum
414 1771 546 1830 igitur
564 1771 698 1816 habet
719 1780 937 1815 auctorem
956 1781 1006 1815 ut
1026 1772 1079 1814 sit
1101 1771 1258 1815 anima.

146 1844 342 1895 Quffisno
366 1843 424 1885 ΙΙ.
449 1842 654 1886 —Omne
671 1840 789 1901 quod
807 1842 872 1896 fit,
893 1841 930 1885 ei
953 1857 974 1885 a
998 1857 1086 1901 quo
1108 1842 1157 1886 fit
1174 1857 1251 1901 par
1271 1856 1360 1886 esse
1377 1857 1468 1886 non

87 1922 242 1973 potest.
267 1913 473 1973 Alioquin
490 1914 678 1973 justitia,
702 1929 801 1973 quae
822 1928 898 1957 sua
919 1913 1079 1973 cuique
1105 1913 1295 1958 tribuere
1313 1913 1460 1969 debet,

86 1984 141 2030 de
161 1984 289 2030 rebus
311 1982 531 2029 auferatur
552 1999 723 2029 necesse
745 1993 822 2028 est.
844 1984 1075 2029 Hominem
1100 1999 1200 2042 ergo
1222 1988 1336 2029 Deus
1364 2000 1465 2029 cum

83 2056 188 2101 fecit
207 2091 218 2111 ‚
244 2070 496 2116 quanquam
524 2055 738 2115 optimum
773 2055 958 2113 secerit3
997 2070 1086 2100 non
1111 2064 1259 2100 tamen
1282 2055 1329 2100 id
1361 2055 1466 2100 fecit

84 2126 205 2188 quod
225 2136 316 2172 erat
346 2128 451 2187 ipse.
484 2126 639 2173 Melior
661 2135 802 2171 autem
837 2126 970 2171 homo
1001 2135 1065 2170 est
1095 2128 1171 2186 qui
1202 2126 1429 2175 voluntate
1448 2161 1460 2182 ‚

83 2214 216 2259 quam
248 2198 322 2259 qui
347 2198 599 2243 necessitate
631 2198 774 2243 bonus
805 2207 883 2242 est.
925 2196 1137 2243 Voluntas
1164 2198 1295 2256 igitur
1326 2198 1462 2243 libera

84 2269 228 2316 danda
243 2270 493 2315 hominibus
508 2269 609 2314 fuit.

141 2344 337 2396 Quffisno
358 2340 644 2388 III.——Nullo
666 2340 856 2401 sapiente
876 2341 1052 2386 homine
1072 2349 1248 2386 auctore
1262 2342 1311 2386 fit
1325 2341 1458 2386 homo

83 2413 283 2459 deterior.
311 2416 409 2459 Non
430 2414 545 2458 enim
566 2428 697 2473 parva
718 2413 796 2456 ista
823 2410 951 2471 eulpa
976 2423 1065 2468 est,
1089 2412 1177 2458 imo
1213 2421 1334 2457 tanta
1364 2423 1428 2458 est
1445 2449 1456 2470 ,

82 2500 183 2545 quae
202 2486 248 2529 in
264 2485 502 2545 sapientem
523 2484 718 2545 quemvis
739 2483 961 2529 hominem
983 2482 1137 2529 cadere
1155 2494 1358 2546 nequeat.
1380 2486 1460 2529 Est

133 2591 141 2606 ¹
157 2583 326 2617 Inchoatus
338 2584 395 2617 sub
412 2584 503 2616 finem
521 2583 596 2616 anni
616 2581 690 2615 388.
715 2599 728 2604 ν
762 2589 774 2604 2
795 2581 871 2614 Vide
893 2583 1037 2615 Retract.
1059 2582 1113 2615 lib.
1132 2594 1154 2624 1,
1173 2595 1244 2626 cap.
1266 2585 1318 2615 πό.

1231 2641 1266 2677 1.
