1790 3187
229 131 280 157 DE
312 131 497 156 nivi—11:51⁵*
530 131 686 164 Quics'r.
725 128 779 154 An
811 112 1069 158 siuPLtciitN.
1109 134 1189 158 ΜΒ.
1218 135 1244 157 1.
1348 124 1427 161 157

29 205 32 245 t
57 219 74 240 «
100 202 193 243 Non
219 196 481 241 adulterabis
504 214 511 238 ι
538 198 632 240 Non
659 196 941 241 homicidium
957 198 1111 243 iacies:
1133 201 1230 243 Non
1250 198 1429 243 furabe-

30 256 32 324 ᾖ
55 288 73 309 »
102 269 153 312 ris
174 287 180 312 :
206 270 299 312 Non
323 265 647 323 concupisces¹,
677 284 696 306 »
727 275 807 310 etc.
838 270 977 320 Quam
999 268 1136 328 legem
1159 268 1267 313 dicit
1290 273 1430 328 Apos-

30 359 32 386 ς
53 340 161 384 tolus
182 337 347 397 impleri
364 352 438 395 per
460 337 713 381 charitatem
731 372 741 392 ,
764 337 822 382 ita
841 338 1024 400 loquens
1047 359 1055 385 ε
1082 340 1167 394 Qui
1189 340 1304 384 enim
1328 340 1431 384 dili-

30 427 32 432 *
51 411 111 469 git
128 408 330 462 alterum,
350 405 491 465 legem
509 407 718 467 implevit.
749 427 768 450 «
791 411 897 453 Nam
923 426 1011 456 non
1033 410 1320 465 adulterabis,
1342 427 1431 456 non

30 475 72 527 ἱ»
100 478 380 524 homicidium
408 476 538 522 facies
554 496 572 531 ‚·
600 494 688 522 non
723 477 937 524 furaberis
956 516 966 536 ,
1002 497 1091 526 non
1121 481 1401 559 concupisces
1417 516 1428 535 ‚

31 569 71 596 »
97 559 138 594 et
154 549 187 593 si
209 549 327 609 quod
351 558 414 593 est
436 548 554 593 aliud
572 548 856 605 mandatum,
881 551 926 594 in
946 553 1027 596 hoc
1045 567 1243 596 sermone
1262 552 1430 611 recapi-

31 630 33 666 1
53 639 72 663 »
97 620 285 673 tulatur,
306 618 464 678 Diliges
487 620 732 679 ploximum
751 629 871 664 tuum
892 630 1101 682 tanquam
1119 632 1160 667 te
1181 623 1322 682 ipsum
1337 626 1381 650 2·
1372 641 1381 667 :
1407 641 1428 664 »

31 677 147 756 iquia
165 699 205 734 et
228 689 342 734 hoc
332 705 374 733 ln
394 688 545 734 eadem
565 689 660 749 lege
682 692 890 751 scriptum
908 702 988 736 est.
1014 695 1104 739 Cur
1133 713 1152 735 «
1174 703 1310 738 virtus
1328 709 1431 754 pec-

53 780 72 804 »
96 761 176 806 cati
197 760 317 816 lexss,
348 778 367 800 »
392 761 426 803 si
448 760 517 804 lex
536 761 650 805 bona
668 764 758 806 est?
781 764 890 815 Quia
914 774 1139 822 peccatum
1164 780 1241 824 pei
1266 765 1431 809 bonum

49 841 270 892 operatum
297 840 361 875 est
391 841 601 887 mortem,
638 842 687 877 ut
719 834 793 878 fiat
822 850 950 893 supra
980 835 1189 891 modum,
1224 836 1308 880 hoc
1334 844 1429 890 est,

49 905 223 964 majores
254 903 363 948 vires
392 918 443 946 ex
465 903 819 963 praevaricatione
843 905 1072 964 concipiat.
1106 908 1196 951 Cur
1222 925 1242 947 «
1271 905 1430 950 mortui

53 995 72 1017 »
96 990 241 1020 sumus
255 974 340 1034 legi
357 990 434 1035 per
456 991 612 1035 corpus
631 976 790 1021 Christi
807 978 822 1001 4
842 1011 852 1031 ,
880 995 898 1017 »
925 976 959 1020 si
982 976 1098 1021 bona
1122 986 1185 1021 est
1206 976 1304 1020 lex?
1323 977 1433 1030 Quia

49 1047 204 1092 mortui
221 1062 369 1091 sumus
389 1045 474 1106 legi
491 1046 719 1091 damnanti
736 1083 746 1103 ,
770 1047 942 1092 liberati
967 1048 1021 1092 ab
1043 1064 1093 1093 eo
1118 1048 1282 1093 affectu
1300 1063 1431 1108 quem

47 1117 110 1162 lex
132 1117 258 1177 punit
279 1126 321 1161 et
343 1117 535 1162 damnat.
571 1118 777 1163 Usitatius
800 1119 914 1162 enim
938 1129 1120 1164 vocatur
1138 1119 1207 1163 lex
1222 1154 1232 1174 ,
1253 1118 1434 1179 quando

48 1190 232 1233 minatur
253 1197 295 1232 et
317 1197 450 1232 terret
474 1198 517 1232 et
538 1188 747 1233 vindicat.
776 1192 929 1249 Itaque
948 1189 1063 1234 idem
1086 1199 1354 1250 praeceptum
1376 1189 1432 1234 ti-

31 1260 261 1303 mentibus
282 1259 350 1304 lex
373 1269 458 1315 est,
491 1260 736 1304 amantibus
761 1261 897 1319 gratia
918 1271 996 1305 est.
1033 1260 1143 1305 Inde
1165 1271 1229 1306 est
1255 1260 1365 1305 illud
1388 1261 1432 1304 in

48 1331 277 1390 Evangelio
304 1351 312 1376 z
343 1350 361 1373 «
390 1335 477 1376 Lex
498 1347 575 1391 per
597 1335 779 1390 Moysen
807 1331 907 1377 data
934 1342 1018 1387 est,
1046 1334 1181 1391 gratia
1213 1342 1256 1377 et
1278 1333 1434 1377 veritas

51 1422 68 1444 »
91 1418 166 1463 per
197 1406 344 1447 Jesum
378 1404 599 1448 Christum
638 1404 751 1448 facta
786 1406 894 1448 est5.
928 1422 948 1445 »
980 1404 1145 1448 Eadem
1180 1404 1343 1464 quippe
1366 1403 1434 1448 lex

46 1489 141 1534 quae
160 1489 233 1534 per
254 1477 436 1531 Moysen
459 1472 557 1518 data
581 1482 667 1529 est,
694 1483 742 1518 ut
773 1474 1106 1530 formidaretur,
1133 1475 1269 1534 gratia
1291 1483 1334 1519 et
1354 1490 1432 1519 ve-

47 1545 144 1589 ritas
172 1560 247 1604 per
278 1547 427 1589 Jesum
454 1545 676 1589 Christum
701 1543 814 1589 facta
844 1554 935 1600 est,
972 1554 1020 1589 ut
1049 1545 1322 1604 impleretur.
1363 1545 1433 1591 Sic

33 1631 146 1678 ¹ergo
177 1615 342 1660 dictum
374 1624 468 1659 est:
498 1634 518 1657 «
546 1616 709 1660 Mortui
731 1615 830 1660 estis
859 1615 965 1674 legi,
995 1635 1014 1657 »
1048 1632 1093 1660 ac
1122 1616 1155 1660 si
1186 1615 1430 1671 diceretur,

34 1685 203 1750 Mortui
233 1687 332 1731 estis
359 1685 569 1745 supplicio
599 1686 733 1745 legis,
775 1706 794 1729 «
820 1702 898 1746 per
922 1702 1080 1747 corpus
1102 1687 1288 1743 Christi,
1311 1706 1331 1729 »
1359 1703 1435 1747 per

46 1758 163 1817 quod
190 1768 291 1802 suut
319 1757 476 1802 delicta
501 1756 661 1802 donata
680 1792 690 1812 ,
718 1773 816 1818 quae
845 1758 1039 1817 legitimo
1066 1758 1282 1818 supplicio
1305 1774 1434 1804 cons-

46 1829 307 1888 tringebant.
340 1830 429 1873 Cur
457 1847 476 1870 «
504 1829 720 1887 passiones
745 1837 1020 1887 peccatorum
1055 1845 1155 1890 quae
1189 1845 1266 1889 per
1293 1830 1433 1888 legem

50 1918 68 1940 »
92 1908 193 1944 sunt
210 1935 220 1954 ‚
246 1899 539 1958 operabantur
561 1900 605 1943 in
625 1899 828 1943 membris
847 1901 1001 1943 nostris
1018 1934 1028 1953 ‚
1049 1909 1098 1944 ut
1120 1900 1433 1944 fructificarent

34 1989 67 2033 ¹»
92 1972 241 2025 morti,
271 1990 289 2011 »
316 1971 350 2014 si
371 1970 439 2014 lex
463 1971 578 2016 bona
611 1979 701 2015 est
694 1972 711 2005 9
733 1971 844 2023 Quia
868 1970 962 2014 illas
990 1971 1059 2015 hic
1081 1971 1221 2016 voluit
1247 1971 1430 2031 intelligi

34 2051 317 2100 peccatorum
346 2042 586 2101 passiones,
612 2040 667 2085 de
702 2041 861 2102 quibus
887 2042 977 2101 jam
1007 2058 1121 2102 saepe
1144 2041 1311 2087 dictum
1342 2052 1426 2098 est,

33 2122 320 2171 laugmeutum
349 2112 715 2172 concupiscentiae
749 2113 804 2156 de
832 2113 1153 2192 prohibitione,
1186 2123 1230 2158 et
1260 2123 1428 2159 reatum

47 2199 186 2242 poenae
208 2183 262 2229 de
283 2184 668 2244 praevaricatione.
693 2185 777 2229 hoc
800 2193 885 2240 est,
912 2185 1014 2245 quia
1037 2201 1114 2245 per
1131 2186 1297 2230 bonum
1321 2201 1428 2245 ope-

48 2265 185 2300 ratum
202 2265 265 2301 est
283 2265 466 2301 mortem
483 2291 494 2311 ,
514 2265 564 2300 ut
581 2256 654 2300 fiat
672 2271 801 2316 supra
819 2256 1000 2300 modum
1020 2266 1220 2316 peccator
1234 2267 1310 2302 aut
1324 2273 1427 2318 pec-

49 2335 187 2371 catum
207 2342 284 2386 per
304 2326 575 2371 mandatum.
602 2328 691 2372 Cur
713 2345 732 2369 «
752 2326 923 2371 liberati
938 2342 1086 2372 sumus
1103 2327 1238 2388 alege
1259 2330 1425 2385 mortis,

95 2434 102 2450 ¹
123 2431 214 2462 Deut.
233 2441 264 2469 v,
287 2441 336 2472 17·
350 2447 390 2455 --
408 2436 419 2452 2
440 2431 535 2464 Rom.
558 2428 625 2468 x1i1,
644 2430 676 2462 8.
699 2446 735 2452 —
751 2427 765 2452 3
786 2432 799 2461 1
821 2431 893 2462 Cor·
916 2441 969 2471 xv,
988 2429 1043 2463 56.
1061 2429 1128 2461 -4
1148 2433 1239 2464 Rom.
1259 2442 1314 2474 vu,
1334 2430 1365 2474 4.
1386 2449 1427 2455 --

52 2481 65 2506 5
85 2486 171 2518 Joan.
190 2498 211 2526 1,
236 2498 285 2529 ¹7·
