1790 3187
681 217 881 262 zris‘rom·
912 217 962 244 ιν
973 232 982 242 .
1442 209 1523 249 523

137 292 276 344 potes,
310 291 359 328 ut
391 296 446 327 ne
473 282 519 327 in
541 296 585 326 se
618 281 784 326 irritam
816 281 979 326 iaciant
1007 280 1188 340 gratiam
1211 282 1310 337 Dei,
1343 283 1447 342 quia
1482 284 1526 329 in

137 353 385 399 libertatem
403 351 544 397 vocati
566 361 689 409 sunt3
717 360 885 396 tantum
909 367 963 395 ne
983 350 1229 396 libertatem
1258 352 1303 396 in
1333 355 1523 400 occasio-

139 439 237 469 nem
256 424 395 468 carnis
418 431 653 477 assumant,
667 431 709 467 et
726 421 824 467 ideo
832 424 920 482 jam
939 421 1081 467 nolint
1098 421 1370 468 refrenandae
1386 426 1527 470 carnis

137 494 502 553 concupiscentiae
524 508 649 538 causa
673 508 696 538 a
721 493 992 553 quibuslibet
1014 494 1122 538 cibis
1142 503 1399 553 temperare,
1423 496 1527 554 quia

137 582 227 612 non
249 567 307 610 eis
331 565 598 624 permittitur
620 565 915 623 superstitiose
943 574 1075 626 atque
1101 565 1337 611 infideliter
1368 565 1524 611 facere.

195 638 426 681 XXXVII.
463 636 518 680 Hi
540 651 642 681 vero
664 636 740 696 qui
762 635 817 680 de
839 637 1007 695 paginis
1029 635 1286 695 evangelicis
1309 646 1444 682 sortes
1465 636 1528 682 le-

137 717 246 767 gunt
265 709 376 766 (46),
402 707 482 751 etsi
507 707 750 766 optandum
773 716 837 751 est
861 715 910 751 ut
928 708 1011 753 1100
1032 709 1177 767 potius
1196 705 1374 763 faciant,
1395 723 1528 769 quam

136 779 191 825 ad
208 778 422 824 daemonia
440 778 706 824 consulenda
721 788 981 824 concurrant
997 798 1006 825 z
1024 788 1171 824 tamen
1184 780 1312 824 etiarn
1332 779 1410 824 ista
1422 778 1528 824 mihi

136 851 335 911 displicet
352 850 648 910 consuetudo3
667 851 722 896 ad
744 852 916 910 negotia
933 851 1173 907 saecularia,
1192 861 1234 896 et
1253 850 1307 896 ad
1330 852 1429 897 vitae
1449 852 1530 896 liu·

133 925 203 984 jus
226 923 459 968 vanitatem
473 957 483 977 ,
516 932 693 982 propter
714 922 841 968 aliam
862 923 995 967 vitam
1016 922 1242 983 loquentia
1263 922 1438 967 oracula
1459 922 1530 965 di-

137 994 236 1039 vina
258 993 369 1037 velle
390 1003 656 1037 convertere.

196 1051 448 1108 XXXVIII.
487 1067 591 1108 Haec
614 1064 693 1107 tibi
717 1063 750 1107 si
773 1063 872 1107 satis
895 1078 984 1107 csse
1012 1062 1067 1106 ad
1085 1078 1150 1118 ea,
1177 1079 1275 1123 quae
1298 1063 1528 1123 requisisti,

137 1152 226 1181 non
243 1137 478 1196 putaveris,
494 1136 620 1179 nimis
640 1135 810 1193 ignoras
825 1144 866 1179 et
885 1136 995 1180 vires
1014 1144 1056 1179 ct
1075 1135 1381 1194 occupationes
1399 1150 1527 1179 meas.

142 1210 329 1252 Tantum
351 1208 468 1251 enim
489 1207 642 1250 absum
666 1206 719 1250 ab
742 1222 805 1261 eo,
830 1209 947 1266 quod
972 1208 1131 1265 putasti
1156 1207 1266 1249 nihil
1290 1222 1357 1249 me
1379 1206 1529 1261 latere,

141 1288 189 1322 ut
214 1279 323 1322 nihil
346 1280 388 1322 in
412 1278 599 1337 Epistola
631 1287 705 1321 tua
727 1277 905 1335 legerim
929 1278 1118 1335 tristius3
1148 1278 1248 1337 quia
1271 1286 1314 1321 et
1348 1277 1530 1336 apertis—

139 1350 245 1394 sime
272 1349 429 1394 falsum
453 1359 516 1393 est
544 1369 552 1394 :
579 1359 622 1393 ct
643 1350 775 1393 miror
805 1350 908 1409 quia
931 1350 1014 1393 hoc
1048 1358 1088 1393 10
1116 1348 1250 1404 latet,
1289 1348 1409 1408 quod
1443 1364 1532 1393 non

139 1422 279 1466 solum
298 1423 342 1466 in
366 1422 457 1466 aliis
480 1420 872 1465 innumerabilibus
893 1422 1022 1465 rebus
1037 1421 1176 1465 multa
1195 1435 1264 1464 me
1282 1420 1435 1474 latent,
1458 1419 1533 1462 sed

139 1494 267 1537 etiam
289 1493 333 1536 in
351 1493 450 1551 ipsis
472 1492 629 1536 sanctis
647 1492 875 1548 Scripturis
894 1492 1034 1536 multo
1054 1493 1241 1536 nesciam
1257 1490 1379 1550 plura
1400 1505 1533 1550 quam

139 1565 286 1609 sciam.
316 1563 400 1609 Sed
421 1564 523 1608 ideo
545 1579 665 1623 spem
693 1565 737 1606 in
769 1564 945 1607 nomine
977 1563 1138 1607 Christi
1160 1579 1250 1608 non
1283 1562 1534 1606 infructuo-

139 1651 228 1680 sam
251 1651 368 1694 gero,
391 1637 494 1695 quia
526 1651 615 1679 non
642 1634 786 1679 solum
807 1633 972 1678 credidi
1002 1640 1087 1678 Deo
1109 1649 1224 1687 meri,
1250 1634 1296 1676 in
1318 1632 1401 1676 illis
1420 1632 1533 1676 duo-

139 1707 220 1751 bus
246 1707 472 1766 praeceptis
494 1716 630 1751 totam
653 1709 813 1764 Legem
840 1706 1167 1765 Prophetasque
1197 1703 1434 1763 pendere¹‚
1459 1702 1535 1747 sed

141 1779 272 1822 etiam
290 1787 490 1837 expertus
504 1793 616 1832 sum,
631 1777 917 1837 experiorque
935 1777 1131 1837 quotidie
1145 1798 1156 1835 3
1174 1774 1534 1836 quandoquidem

142 1849 313 1894 nullum
337 1849 444 1893 mihi
465 1858 800 1904 sacramentum,
832 1858 908 1894 aut
935 1847 1089 1908 aliquis
1121 1863 1262 1892 sermo
1297 1845 1534 1891 admodum

143 1920 367 1965 obscurior
389 1920 444 1963 de
465 1920 593 1964 sacris
611 1920 783 1963 Litteris
799 1920 1006 1978 aperitur,
1029 1919 1106 1962 ubi
1130 1934 1219 1963 non
1241 1917 1393 1962 eadem
1419 1932 1534 1977 prae-

143 2000 269 2051 cepta
306 1991 534 2051 reperiam.
565 2010 586 2033 «
611 1991 730 2034 Finis
763 1991 879 2034 enim
919 1990 1126 2050 praecepti
1163 1999 1227 2034 051
1261 1990 1446 2034 charitas
1482 1988 1536 2033 de

148 2081 168 2105 »
205 2063 335 2107 corde
358 2078 490 2121 puro,
527 2072 570 2107 et
591 2062 856 2106 conscientia
879 2064 993 2107 bona
1023 2071 1067 2106 et
1087 2061 1175 2105 fide
1204 2077 1293 2106 non
1314 2062 1468 2118 ficta23
1494 2070 1536 2104 et

149 2152 170 2175 »
205 2134 440 2178 Plenitudo
470 2134 573 2192 legis
595 2134 826 2177 0113111353.
866 2151 885 2174 »

203 2207 412 2249 XXXIX.
434 2208 588 2264 Itaque
606 2214 648 2249 et
666 2214 729 2258 tu,
748 2204 1009 2254 charissime,
1032 2204 1119 2248 sive
1134 2203 1212 2247 ista
1233 2203 1320 2247 sive
1338 2202 1456 2257 talia,
1476 2202 1536 2246 sic

145 2276 257 2335 lege,
282 2277 341 2320 sic
363 2277 494 2330 disce,
514 2285 564 2320 ut
582 2277 826 2320 memineris
849 2275 1069 2320 verissime
1093 2275 1278 2329 dictum,
1303 2293 1322 2316 «
1348 2274 1536 2320 Scientia

149 2366 170 2389 »
206 2347 345 2402 inflat,
371 2347 556 2391 charitas
576 2347 776 2392 acdificat.
799 2348 994 2392 Charitas
1013 2356 1158 2390 autem
1174 2362 1262 2391 non
1285 2344 1536 2401 aemulatur,

150 2437 171 2459 »
206 2435 296 2463 non
316 2420 486 2464 inssat4.
516 2436 536 2461 1)
565 2420 632 2464 Sic
662 2420 810 2480 itaque
833 2419 1092 2463 adhibeatur
1120 2418 1296 2462 scientia
1328 2426 1534 2477 tanquam

197 2528 206 2542 ¹
232 2521 354 2553 Matth.
387 2533 465 2562 xxii,
501 2521 554 2563 4ο.
572 2529 638 2545 —²
664 2533 676 2553 1
710 2523 788 2554 Tim.
812 2533 835 2563 1,
866 2521 898 2553 5.
915 2519 986 2544 -3
1013 2524 1104 2553 Rom.
1125 2531 1194 2560 xm,
1230 2531 1280 2553 ro.
1300 2536 1333 2543 ·-
1359 2518 1375 2548 4
1410 2530 1421 2550 1
1462 2522 1536 2552 Cor.

152 2588 220 2615 vni,
245 2589 254 2609 1
