1790 3187
295 195 317 232 8
724 206 756 230 s.
792 202 1020 231 Auousrxm
1051 203 1230 230 EPISCOPI

291 271 562 330 sempiternae
580 269 798 330 sapientiae
817 284 905 312 suae
927 284 1052 313 causa
1066 279 1129 313 est
1150 271 1406 330 sempiterna
1427 291 1436 315 :
1461 287 1540 317 nec
1553 282 1656 317 tem·

292 356 395 402 pore
415 340 530 400 prior
551 349 615 384 est
631 355 761 400 quam
778 355 854 383 sua
874 339 1095 399 sapientia.
1123 339 1283 384 Deinde
1302 342 1335 385 si
1360 345 1529 386 Patrem
1551 359 1658 388 sem·
1704 350 1707 353 ’

292 413 508 472 piternum
529 426 618 454 esse
651 412 760 454 inest
781 412 870 454 Deo
886 445 898 466 ,
922 425 1000 454 nec
1021 409 1105 455 fuit
1126 410 1356 471 aliquando
1383 427 1472 458 non
1507 417 1653 471 Pater,

290 497 514 544 nunquam
531 483 623 526 sine
640 481 750 526 Filio
772 480 869 525 fuit.

348 557 546 607 Quffisno
569 553 774 596 xV11.-
786 553 924 596 Omne
937 554 1204 612 praeteritum
1218 555 1304 614 jam
1318 570 1406 600 non
1422 565 1486 601 est
1501 577 1512 614 3
1531 571 1658 602 omne

290 627 489 670 {uturum
527 623 724 669 nondum
745 632 808 668 est
834 643 842 669 ε
868 639 993 668 omne
1015 625 1146 683 igitur
1166 634 1208 669 et
1230 627 1495 684 praeteritum
1519 637 1562 672 et
1591 627 1660 672 fu-

289 707 437 741 turum
463 695 596 739 deest.
622 693 751 754 Apud
773 697 910 740 Deum
931 704 1075 739 autem
1100 695 1207 740 nihil
1226 695 1340 740 deest
1366 717 1374 742 :
1404 713 1484 742 nec
1500 707 1658 758 praete-

291 768 423 811 ritum
449 767 581 825 igitur
611 781 690 811 nec
721 764 918 812 futurum
939 802 950 823 ‚
991 766 1065 812 sed
1096 782 1224 812 omne
1245 783 1431 828 praesens
1453 779 1517 815 est
1542 770 1659 831 apud

288 842 441 884 Deum.

347 913 544 964 Quffisno
565 911 725 954 XVIII.
752 937 805 943 —
827 911 968 955 Omne
983 910 1103 972 quod
1116 920 1200 968 est,
1219 912 1336 957 aliud
1357 922 1421 958 est
1440 929 1528 974 quo
1550 929 1657 958 eon-

290 991 373 1027 stat
387 1017 398 1037 ‚
419 981 536 1026 aliud
557 997 645 1042 quo
661 981 918 1027 discernitur
936 1017 947 1038 ‚
968 982 1084 1027 aliud
1106 998 1193 1043 quo
1217 985 1430 1043 congruit.
1455 985 1659 1030 Universa

289 1051 418 1111 igitur
452 1061 646 1097 creatura
672 1054 706 1096 si
739 1061 782 1096 et
810 1062 871 1097 est
893 1069 1070 1114 quoquo
1100 1054 1230 1099 modo
1255 1090 1266 1112 ‚
1303 1064 1344 1099 et
1377 1057 1429 1101 ab
1460 1070 1510 1100 eo
1542 1056 1661 1116 quod

289 1124 467 1168 omnino
482 1124 590 1168 nihil
605 1132 666 1168 est
687 1123 923 1183 plurimum
948 1125 1099 1181 distat,
1120 1135 1163 1169 et
1178 1126 1263 1170 suis
1278 1127 1472 1186 partibus
1493 1127 1663 1171 sibimet

289 1196 490 1253 congruit
510 1229 522 1249 ‚
547 1210 719 1239 causam
741 1211 916 1255 quoque
935 1197 1025 1256 ejus
1048 1197 1206 1240 trinam
1235 1212 1323 1241 esse
1351 1207 1521 1257 oportet
1537 1233 1548 1253 ‚
1573 1214 1660 1258 qua

290 1266 358 1319 sit,
379 1280 465 1324 qua
484 1265 567 1308 hoc
590 1265 659 1320 sit,
680 1280 765 1324 qua
793 1266 875 1308 sibi
896 1267 1031 1309 amica
1054 1267 1122 1310 sit.
1145 1269 1362 1311 Creaturae
1391 1278 1536 1312 autem
1559 1284 1665 1312 cau-

289 1350 376 1379 sam
395 1370 405 1390 ,
431 1334 475 1378 id
494 1343 555 1378 est
570 1370 581 1390 ‚
608 1344 826 1379 auctorem
850 1338 986 1379 Deum
1009 1335 1204 1381 dicimus.
1241 1338 1422 1396 Oportet
1452 1353 1553 1396 ergo
1577 1353 1666 1383 esse

292 1406 561 1460 Trinitatem,
578 1421 662 1465 qua
680 1405 787 1449 nihil
808 1407 1095 1465 praestantius,
1107 1406 1417 1466 intelligentius
1440 1418 1482 1453 et
1500 1409 1667 1453 beatius

289 1477 482 1522 invenire
503 1476 694 1537 perfecta
715 1477 819 1521 ratio
841 1487 999 1537 potest,
1028 1478 1220 1538 Ideoque
1243 1479 1372 1523 etiam
1393 1495 1496 1524 cum
1512 1480 1666 1524 veritas

292 1548 500 1609 quaeritur
517 1583 528 1603 ‚
554 1547 651 1608 plus
686 1564 815 1609 quam
846 1549 926 1593 tria
953 1565 1108 1607 genera
1141 1551 1428 1610 quaestionum
1457 1566 1546 1595 esse
1578 1567 1667 1596 non

294 1629 490 1679 possunt,
511 1628 657 1663 utrum
675 1620 852 1664 omnino
869 1620 938 1675 sit,
961 1630 1030 1663 utr
1036 1636 1105 1664 um
1121 1621 1203 1665 hoc
1221 1637 1275 1665 an
1291 1621 1409 1665 aliud
1430 1621 1500 1677 sit,
1518 1631 1664 1667 utrum

293 1688 624 1749 approbandum
645 1689 1036 1749 improbandumve
1065 1692 1134 1734 sit.

352 1762 680 1814 QnffisrrioXIX.
694 1761 887 1813 Quod
901 1760 1345 1816 incommutabileest
1356 1772 1567 1808 aeternum
1582 1773 1665 1809 est:

293 1847 461 1891 semper
487 1833 602 1875 enim
635 1831 828 1891 ejusdem
862 1832 980 1876 modi
1002 1842 1080 1877 est.
1107 1833 1231 1887 Quod
1260 1843 1405 1878 autem
1432 1844 1671 1880 commuta-

293 1902 380 1947 bile
397 1911 460 1946 est
477 1937 488 1957 ,
528 1902 712 1961 tempori
745 1902 977 1947 obnoxium
1002 1913 1064 1947 est
1090 1923 1098 1949 ;
1124 1920 1213 1948 non
1236 1906 1348 1948 enim
1370 1921 1537 1965 semper
1554 1907 1670 1966 ejus-

296 1972 396 2016 dem
420 1973 538 2017 modi
562 1981 625 2016 est
645 2007 656 2027 ‚
683 1981 726 2016 et
744 1974 841 2017 ideo
863 1983 1073 2018 aeternum
1097 1991 1185 2019 non
1205 1984 1321 2019 reete
1344 1975 1516 2021 dicitur.
1543 1977 1672 2031 Quod

297 2045 413 2088 enim
437 2054 629 2089 mutatur
647 2080 657 2100 ,
684 2060 773 2089 non
802 2054 978 2089 manet:
1003 2046 1122 2105 quod
1155 2062 1243 2091 non
1276 2056 1448 2098 manet,
1481 2063 1570 2092 non
1609 2059 1673 2094 est

298 2124 526 2159 aeternum.
560 2114 697 2174 quue
724 2115 837 2159 inter
873 2115 1112 2160 immortale
1149 2125 1191 2159 et
1225 2126 1437 2162 aeternum
1470 2118 1670 2169 interest„

299 2184 420 2245 quod
434 2200 562 2229 omne
584 2194 797 2230 aeternum
819 2186 1060 2231 immortale
1078 2196 1156 2242 est,
1174 2203 1262 2232 non
1284 2203 1411 2232 omne
1433 2187 1675 2234 immortale

299 2257 399 2301 satis
437 2257 651 2302 subtiliter
685 2267 894 2302 aeternum
927 2258 1085 2303 dicitur
1115 2278 1124 2303 ;
1160 2260 1262 2319 quia
1294 2260 1370 2304 etsi
1394 2275 1559 2322 semper
1593 2261 1674 2305 ali-

301 2327 409 2387 quid
429 2328 561 2383 vivat,
585 2337 730 2372 tamen
752 2329 785 2372 si
806 2328 1136 2373 mutabilitatem
1162 2330 1364 2388 patiatur,
1390 2346 1476 2375 non
1503 2333 1675 2391 proprie

304 2408 515 2443 aeternum
535 2399 793 2459 appellatur,
813 2401 913 2460 quia
932 2415 1020 2444 non
1043 2415 1210 2460 semper
1235 2400 1424 2460 ejusdem
1446 2402 1563 2446 modi
1583 2413 1645 2447 est
1663 2424 1671 2447 :

308 2469 501 2529 quamvis
520 2471 784 2528 immortale,
807 2472 905 2532 quia
927 2487 1094 2532 semper
1115 2472 1221 2517 vivit
1240 2508 1250 2527 ,
1283 2482 1397 2517 recte
1423 2473 1508 2517 dici
1525 2474 1672 2533 possit.

310 2544 499 2587 Vocatur
519 2551 664 2587 autem
681 2551 889 2588 aeternum
907 2542 1124 2588 interdum
1147 2543 1274 2588 etiam
1297 2544 1415 2604 quod
1436 2544 1676 2589 immortale
