1790 3187
328 166 406 202 146
753 179 785 199 s.
824 175 1051 201 AUGUSTnNt
1086 174 1265 199 Eriscom

324 239 619 295 praeterissem,
638 237 804 281 cautius
823 236 1118 296 attentiusque
1143 236 1319 279 rimatus
1340 250 1451 278 sum.
1470 238 1566 280 Non
1588 237 1700 279 enim

325 320 371 352 tu
404 323 453 351 ea
485 306 780 365 percontanda
811 321 1005 350 censeres
1023 340 1034 361 ‚
1064 305 1099 350 si
1130 320 1280 349 eorum
1302 303 1547 350 intellectus
1569 303 1703 350 facilis

325 387 455 437 atque
478 377 702 437 expeditus
726 374 852 420 foret.

383 451 580 501 QuAEsrio
605 452 639 492 Ι.
665 473 723 480 --
758 450 815 490 1⁰.
841 449 949 493 Nam
982 463 1033 491 ex
1056 462 1107 491 eo
1135 446 1231 491 loco
1259 446 1336 491 ubi
1367 446 1575 505 scriptum
1605 455 1669 490 est
1692 465 1700 490 z

331 538 351 560 «
374 518 489 571 Quid
505 534 607 576 ergo
628 519 854 561 dicemus?
876 519 963 561 Lex
982 525 1208 576 peccatum
1227 517 1322 560 est?
1344 516 1467 559 Absit
1488 535 1496 560 :
1525 534 1544 556 »
1571 531 1706 575 usque

328 588 381 632 ad
405 603 502 632 eum
524 588 688 640 locum,
714 588 788 630 ubi
807 587 891 631 ait:
921 606 941 628 «
969 588 1106 646 Igitur
1132 590 1215 630 Lex
1238 585 1397 630 volenti
1420 586 1525 629 mihi
1540 587 1705 630 bonum

328 657 347 699 ἠ
373 669 436 702 est
466 680 477 715 3
511 677 529 699 υ
557 669 601 702 et
621 667 776 702 caetera
796 693 807 711 ‚
843 651 1136 717 credo'usque
1170 656 1222 700 ad
1245 656 1355 701 illud
1382 677 1390 702 ;
1419 676 1439 698 «
1468 658 1597 701 Miser
1626 671 1705 716 ego
1759 666 1760 679 ³

330 730 504 772 »homo
530 764 540 783 ,
575 730 670 788 quis
710 744 777 771 me
806 728 1008 772 liberabit
1042 728 1096 771 de
1131 743 1312 786 corpore
1354 728 1501 771 mortis
1533 727 1662 785 hujus
1689 728 1707 768 ‘3

329 817 347 840 n
371 799 517 843 Gratia
543 800 615 842 Dei
639 813 714 858 per
731 801 878 842 Jesum
901 799 1120 843 Christum
1147 798 1377 844 Dominum
1401 806 1599 843 nostrum
1625 799 1658 841 ¹:
1683 815 1703 837 »
1757 805 1758 808 ’

329 868 507 927 primam
533 883 610 911 nos
641 867 815 912 voluisti
849 868 1036 911 enodare
1059 869 1359 927 quaestionem.
1387 870 1484 921 Quo
1518 867 1615 912 loco
1643 866 1708 910 vi·-
1756 883 1758 889 ·

328 937 456 982 detur
486 938 590 981 mihi
621 938 853 997 Apostolus
890 939 1213 996 transfigurasse
1243 941 1286 982 in
1310 954 1353 983 se
1384 939 1605 983 hominem
1629 937 1709 981 sub

329 1011 443 1067 Lege
467 1009 654 1068 positum
677 1043 687 1062 ,
713 1010 836 1067 cujus
858 1009 999 1052 verbis
1021 1025 1072 1051 ex
1095 1024 1277 1068 persona
1311 1025 1387 1053 sua
1417 1008 1627 1068 loquitur.
1654 1009 1710 1051 Et

327 1080 429 1138 quia
445 1079 574 1138 paulo
597 1088 696 1122 ante
720 1080 911 1123 dixerat:
942 1098 956 1118 «
986 1080 1194 1123 Evacuati
1216 1094 1363 1122 sumus
1387 1078 1520 1137 alege
1540 1077 1706 1132 mortis,

331 1167 352 1190 »
377 1150 423 1192 in
446 1166 531 1209 qua
556 1150 858 1194 detinebamur
881 1184 892 1204 ,
917 1151 973 1194 ita
995 1159 1043 1193 ut
1062 1151 1297 1195 serviamus
1314 1150 1357 1193 in
1380 1150 1571 1194 novitate
1592 1148 1711 1208 spiri-

335 1237 355 1259 »
382 1229 467 1273 tus,
491 1228 534 1262 et
556 1235 644 1262 non
671 1220 713 1261 in
738 1228 952 1262 vetustate
973 1218 1128 1263 litterae
1156 1239 1165 1264 ε
1204 1238 1224 1260 »
1261 1229 1390 1278 atque
1420 1219 1478 1263 ita
1510 1234 1586 1278 per
1619 1218 1711 1262 haec
1753 1219 1755 1271 ξ

331 1290 464 1334 verba
497 1291 619 1350 quasi
648 1290 961 1348 reprehensisse
990 1288 1126 1348 legem
1157 1300 1299 1349 posset
1335 1289 1495 1344 videri,
1530 1289 1713 1349 subjecit
1752 1317 1754 1331 .

331 1361 473 1405 statim
504 1380 512 1405 ;
542 1380 561 1402 «
595 1360 711 1414 Quid
729 1376 831 1419 ergo
853 1360 1075 1405 dicemus?
1096 1365 1183 1405 Lex
1205 1371 1430 1420 peccatum
1462 1363 1556 1405 est?
1572 1360 1708 1405 Absit.
1751 1397 1754 1408 ,

333 1450 351 1472 »
376 1430 459 1476 Sed
483 1440 708 1489 peccatum
734 1446 823 1474 non
845 1432 1028 1488 cognovi
1050 1432 1130 1474 nisi
1158 1447 1234 1490 per
1260 1435 1435 1490 Legem.
1471 1433 1579 1475 Nam
1609 1446 1713 1474 con-
1751 1462 1752 1466 ,

332 1521 351 1543 n
377 1501 688 1560 cupiscentiam
710 1501 951 1545 nesciebam
971 1537 980 1556 ‚
1007 1502 1086 1545 nisi
1105 1505 1191 1545 Lex
1210 1501 1372 1545 diceret
1394 1521 1403 1546 2
1431 1504 1528 1546 Non
1549 1516 1709 1545 concu-

331 1591 350 1613 »
378 1573 559 1630 pisceret
576 1575 608 1615 2.
634 1591 652 1612 »

389 1646 449 1686 2⁰.
478 1644 558 1686 Hic
593 1658 737 1685 rursus
766 1651 908 1685 movet
933 1662 941 1685 ι
982 1645 1023 1687 Si
1050 1642 1117 1685 lex
1141 1658 1227 1686 non
1262 1652 1325 1686 cst
1359 1651 1585 1700 peccatum
1603 1677 1613 1696 ‚
1638 1641 1711 1686 sed

330 1713 585 1756 insinuatrix
613 1713 776 1770 pcccati
795 1747 804 1765 ,
825 1711 1104 1755 nihilominus
1121 1713 1187 1755 his
1204 1713 1344 1756 verbis
1363 1711 1708 1772 reprehenditur.

327 1785 471 1836 Quare
493 1782 827 1840 intelligendum
850 1791 928 1837 est,
954 1781 1095 1840 legem
1124 1783 1178 1826 ad
1209 1783 1291 1826 hoc
1314 1782 1458 1826 datam
1482 1797 1570 1826 esse
1588 1817 1598 1837 ‚
1625 1798 1711 1827 non

331 1862 377 1896 ut
400 1862 626 1911 peccatum
643 1853 904 1896 insereretur
921 1887 931 1905 ‚
952 1868 1095 1911 neque
1109 1862 1158 1895 ut
1184 1853 1468 1911 extirparetur
1484 1887 1495 1907 ,
1519 1851 1594 1896 sed
1614 1860 1710 1896 tan-

327 1933 421 1966 tum
446 1932 494 1966 ut
517 1924 887 1967 demonstraretur
909 1957 919 1976 ,
938 1938 1026 1982 quo
1048 1923 1234 1966 animam
1256 1924 1490 1966 humanam
1518 1925 1641 1983 quasi
1658 1923 1711 1966 de

327 1993 575 2037 innocentia
594 2008 789 2037 securam
808 1993 896 2052 ipsa
917 1993 1080 2052 peccati
1113 1993 1480 2038 demonstratione
1507 2008 1624 2037 ream
1646 1991 1712 2037 fa-

327 2072 443 2106 ceret
467 2084 479 2121 3
507 2073 555 2124 ut
576 2064 678 2123 quia
702 2073 928 2122 peccatum
949 2064 1040 2108 sine
1060 2065 1192 2121 gratia
1213 2065 1288 2108 Dei
1309 2065 1422 2108 vinci
1439 2080 1527 2108 non
1547 2073 1710 2122 posset,
1744 2077 1746 2095 ²

327 2134 414 2192 ipsa
438 2143 581 2178 reatus
600 2134 895 2179 sollicitudine
919 2135 972 2178 ad
996 2134 1318 2194 percipiendam
1337 2134 1514 2192 gratiam
1530 2149 1712 2178 conver-2

331 2212 507 2247 teretur.
528 2207 681 2264 Itaque
703 2221 791 2249 non
811 2206 891 2249 ait:
912 2208 1141 2249 Peccatum
1163 2221 1250 2250 non
1264 2205 1349 2250 feci
1363 2206 1443 2249 nisi
1456 2220 1531 2264 per
1547 2204 1710 2263 legem:
1742 2253 1743 2259 ¹

325 2274 426 2328 sed,
451 2278 723 2319 «Peccatum
751 2291 838 2319 non
874 2276 1059 2334 cognovi
1093 2277 1173 2320 nisi
1206 2292 1281 2335 per
1306 2276 1462 2333 legem.
1506 2294 1524 2316 »
1564 2278 1712 2335 Neque
1741 2323 1743 2334 ⁴

328 2358 472 2387 rursus
496 2344 554 2388 ait
580 2360 588 2386 :
614 2348 721 2389 Nam
747 2345 1139 2404 concupiscentiam
1165 2361 1253 2390 non
1276 2346 1487 2389 habebam
1507 2380 1518 2399 ‚
1543 2345 1624 2388 nisi
1647 2344 1712 2388 lex
1740 2345 1743 2406 J

326 2411 488 2457 diceret
521 2432 530 2458 ε
561 2416 658 2459 Non
686 2415 968 2475 concupisces
999 2434 1006 2459 ι
1032 2415 1106 2459 sed
1130 2416 1187 2459 ait
1222 2435 1231 2460 ι
1267 2437 1284 2456 «
1310 2414 1710 2473 Concupiscentiam
1740 2407 1741 2411 ¹

372 2500 382 2520 ¹
412 2499 504 2530 Rom.
528 2509 585 2536 vn,
615 2508 645 2540 7.
662 2515 703 2521 —
720 2504 733 2522 ²
754 2498 832 2532 lbid.
853 2501 884 2531 6.
