1790 3187
306 177 390 218 284
740 187 773 216 s.
811 188 1040 217 Auevsnm
1072 190 1251 217 EPISCOPI

304 253 408 297 sima
425 262 504 308 est,
529 253 751 312 epistolam
773 253 854 297 tibi
875 253 1130 298 mittendam
1144 268 1233 298 esse
1253 254 1573 312 praescripseris,
1596 270 1683 299 non
1729 260 1731 262 ’
1752 236 1753 250 l

306 334 451 369 tamen
473 334 641 368 tantum
662 324 872 368 habemus
893 326 987 378 otii,
1005 334 1216 384 quantum
1236 324 1463 378 existimas,
1489 333 1532 367 et
1550 340 1686 384 quan·

308 405 399 440 tum
425 412 503 439 nos
523 410 692 454 semper
708 405 875 454 optasse
893 396 1003 439 nosti
1021 406 1063 439 et
1081 405 1297 454 optamus.
1314 397 1400 438 Nec
1420 410 1587 454 quaeras
1609 409 1686 439 cur

307 466 385 509 ista
418 467 486 509 sit.
521 465 599 508 Illa
631 465 746 508 enim
782 465 948 510 facilius
981 466 1139 526 quibus
1172 465 1409 524 impedior,
1443 479 1574 525 quam
1609 480 1687 509 cur
1753 519 1755 523 Ι

308 536 519 594 impediar
535 535 820 594 exposuerim.

369 609 426 649 11.
449 606 604 650 Scribis
618 621 696 649 cur
717 621 797 664 ego
813 615 855 649 et
875 614 923 649 tu
941 621 1040 650 cum
1054 606 1186 649 simus
1201 604 1359 663 singuli
1378 605 1528 647 eadem
1551 604 1690 648 multa

310 677 532 730 faciamus,
560 676 787 720 solantem
815 692 903 720 non
925 677 1038 720 idem
1065 675 1193 719 faciat
1212 676 1331 735 quod
1359 686 1512 720 caetera
1530 674 1685 719 sidera.

310 747 444 805 Cujus
477 747 536 790 rei
568 761 742 790 eausam
780 762 973 790 conarer.
1016 749 1121 791 Nam
1159 747 1191 789 si
1219 746 1369 789 eadem
1399 761 1477 790 nos
1505 746 1688 804 agimus,

310 815 447 860 multa
471 826 514 860 et
534 816 607 860 ille
632 831 732 860 curn
756 817 919 860 caeteris
941 817 1043 875 agit.
1075 817 1117 861 Si
1140 832 1229 860 non
1254 816 1340 865 ille,
1367 831 1446 860 nec
1469 831 1562 859 nos.
1588 818 1693 859 Am·

313 886 417 929 bulo
440 895 482 929 et
506 886 718 942 ambulas,
744 895 942 930 movetur
967 896 1010 930 ct
1034 896 1290 943 moventur,
1313 886 1444 944 vigilo
1461 895 1504 930 et
1525 884 1690 944 vigilas,
1754 877 1757 887 ¹

314 956 428 999 lucet
463 966 506 1000 et
536 957 716 1014 lucent,
749 957 922 1016 disputo
948 966 989 1000 et
1023 957 1231 1016 disputas,
1256 957 1409 1000 circuit
1440 966 1483 1000 et
1512 956 1695 1000 circum·

312 1035 440 1070 eunt:
468 1028 646 1070 tamensi
672 1037 791 1070 aetus
812 1028 941 1071 animi
966 1027 1087 1071 nullo
1112 1029 1241 1071 modo
1264 1037 1327 1070 est
1353 1028 1417 1081 iis,
1441 1042 1539 1086 quae
1566 1025 1693 1070 vide-
1755 1016 1758 1056 ἶ
1783 1031 1785 1039 ’

316 1111 426 1148 mus,
452 1098 785 1155 comparandus.
815 1098 856 1142 Si
880 1107 1023 1141 autem
1053 1099 1244 1141 animum
1269 1098 1325 1141 ita
1351 1107 1400 1140 ut
1417 1112 1590 1156 acquum
1615 1105 1693 1150 est,

316 1167 460 1210 animo
482 1166 694 1222 conferas,
714 1168 847 1225 magis
870 1168 982 1210 idem
1005 1167 1075 1212 vel
1097 1168 1287 1225 cogitare
1305 1167 1373 1210 vel
1395 1166 1694 1225 contemplari,

316 1235 386 1281 vel
407 1237 441 1281 si
463 1237 570 1297 quid
594 1239 865 1282 commodius
888 1237 1063 1289 dicitur,
1080 1238 1112 1281 si
1141 1236 1256 1280 ullus
1287 1238 1345 1280 eis
1373 1237 1484 1280 inest
1511 1236 1695 1291 animus,

318 1307 455 1351 sidera
473 1324 602 1367 quarn
621 1308 818 1351 homines
834 1308 1145 1352 consideranda
1162 1317 1278 1351 sunt.
1296 1309 1512 1352 Caeterum
1535 1307 1577 1349 in
1600 1321 1698 1350 cor·
1756 1335 1759 1360 ξ

318 1393 474 1436 porum
497 1380 703 1432 motibus,
720 1380 770 1433 si,
797 1387 846 1422 ut
862 1377 987 1432 soles,
1006 1378 1237 1436 diligenter
1258 1375 1593 1431 attendas,nihil
1611 1392 1700 1420 om-
1756 1375 1759 1421 Ϊ

319 1448 424 1492 nino
441 1449 650 1492 aduobus
674 1448 787 1492 idem
802 1449 892 1492 fieri
913 1457 1069 1507 potest.
1088 1453 1150 1493 An
1173 1458 1217 1492 tu
1248 1463 1347 1492 cum
1370 1446 1700 1491 deambulamus

320 1518 470 1568 simul,
496 1519 638 1562 statim
655 1519 764 1562 idem
785 1534 861 1562 nos
886 1534 1011 1576 agere
1028 1519 1274 1562 existimas?
1295 1517 1447 1561 absita
1469 1516 1699 1577 prudentia

320 1598 408 1633 tua.
438 1590 729 1648 Septentrioni
752 1605 940 1649 namque
971 1589 1152 1633 vicinior
1174 1597 1369 1632 nostrum
1391 1588 1466 1647 qui
1489 1589 1612 1632 deam
1623 1589 1703 1631 bu-

320 1660 396 1714 lat,
422 1669 497 1703 aut
519 1659 702 1702 alterum
731 1660 820 1718 pari
852 1667 976 1703 motu
1000 1659 1249 1712 antecedat,
1270 1668 1345 1702 aut
1370 1658 1534 1702 tardius
1555 1658 1702 1716 ingre-

321 1730 464 1775 diatur
481 1745 652 1775 necesse
669 1740 756 1775 est:
778 1740 983 1774 neutrum
1000 1739 1146 1774 tamen
1172 1730 1320 1774 sentiri
1342 1738 1500 1789 potest.
1529 1728 1611 1773 Sed
1638 1737 1700 1783 tu,

323 1803 366 1846 ni
390 1801 530 1855 fallor,
544 1801 651 1861 quid
675 1800 982 1859 intelligamus,
1005 1817 1092 1845 non
1113 1800 1219 1860 quid
1238 1802 1472 1844 sentiamus
1489 1808 1701 1858 expectas.

325 1872 453 1925 Quod
480 1872 514 1915 si
536 1872 590 1915 ab
614 1887 688 1915 axe
716 1872 760 1914 in
785 1870 1006 1915 meridiem
1039 1871 1267 1914 tendamus
1286 1906 1295 1923 ,
1328 1870 1547 1930 conjuncti
1581 1868 1705 1913 nobis

325 1951 457 2001 atque
478 1942 756 1994 inhaerentes,
771 1951 982 1999 quantum
1008 1941 1216 1995 valemus,
1243 1941 1569 1998 innitamurque
1590 1954 1701 1983 mar·

325 2011 527 2054 marmori
555 2011 638 2054 levi
659 2020 701 2054 et
731 2011 914 2070 aequali,
938 2010 1007 2054 vel
1029 2011 1157 2054 etiam
1179 2011 1316 2065 ebori,
1349 2020 1435 2053 tani
1456 2026 1543 2053 non
1569 2017 1708 2068 potest

327 2095 416 2124 esse
453 2081 681 2124 amborum
717 2080 831 2123 idem
864 2089 1028 2134 motus,
1057 2096 1187 2139 quam
1211 2095 1332 2122 venae
1373 2079 1549 2137 pulsus,
1576 2092 1706 2137 quam

327 2150 482 2205 forma,
508 2166 640 2209 quam
670 2150 813 2194 facies.
841 2153 1033 2194 Remove
1055 2165 1132 2193 nos
1152 2159 1194 2193 et
1214 2165 1329 2208 pone
1359 2149 1581 2193 Glauciam
1614 2163 1710 2207 pro-

327 2220 430 2274 lem,
477 2220 585 2263 nihil
622 2220 771 2278 egeris.
811 2220 982 2279 Quippe
1021 2221 1086 2263 his
1114 2221 1241 2263 etiam
1274 2219 1500 2263 simillimis
1528 2217 1709 2277 geminis
1758 2230 1760 2270 ξ

329 2301 445 2335 tanta
467 2300 530 2334 est
553 2291 796 2346 necessitas,
811 2300 860 2335 ut
882 2291 1055 2350 proprie
1073 2301 1341 2344 moveantur,
1368 2300 1531 2350 quanta
1554 2288 1640 2332 fuit
1662 2297 1710 2332 ut
1758 2313 1760 2330 ;

330 2363 488 2419 singuli
506 2371 798 2406 nascerentur.

391 2434 471 2476 111.
493 2436 548 2476 At
566 2434 679 2476 enim
703 2434 806 2487 hoc,
833 2433 1024 2492 inquies,
1041 2433 1197 2476 rationi
1218 2440 1409 2475 tantum:
1431 2430 1548 2491 quod
1566 2438 1707 2473 autem

331 2500 393 2546 sol
413 2503 466 2546 ab
490 2503 611 2547 astris
626 2503 788 2556 differt,
814 2504 1008 2547 sensibus
1032 2504 1157 2547 etiam
1178 2503 1341 2546 clarum
1358 2511 1488 2560 atque
1506 2498 1708 2545 manifes—
