1790 3187
353 179 438 220 354
785 191 818 216 s.
854 187 1085 215 Avensa-11³1
1121 188 1300 215 nmscom

351 264 440 300 tate
462 253 661 307 fervoris,
684 252 787 312 quia
807 249 1037 310 spiritualis
1060 250 1250 295 ecclesiae
1267 250 1624 308 Thagastensium
1645 259 1732 294 tam
1766 262 1767 266 ’

349 325 500 370 crebra
513 323 638 367 nobis
651 321 765 366 dona
779 322 1051 365 nuntiantur.
1063 321 1190 366 Navis
1202 335 1303 365 cum
1315 318 1522 363 fratribus
1535 318 1734 364 nondum
1778 329 1781 336 '

353 396 486 440 venit.
509 394 639 454 Apud
666 396 872 447 Hasnam,
903 393 980 436 ubi
1003 401 1065 436 est
1082 392 1308 450 presbyter
1330 389 1461 434 frater
1482 390 1732 448 Argentius‚

347 465 729 513 Circumcelliones
745 463 999 507 invadentes
1018 462 1237 507 basilicam
1253 470 1442 506 nostram
1467 459 1600 505 altare
1622 475 1736 504 com-

348 539 619 581 minuerunt.
641 538 780 580 Causa
803 549 921 578 nunc
950 535 1093 593 agitur
1116 554 1127 591 3
1152 549 1251 593 quae
1273 542 1323 577 ut
1349 541 1499 591 pacate
1520 540 1673 590 agatur
1694 538 1738 575 et
1788 580 1790 584 .

348 616 397 651 ut
429 607 664 652 Ecclesiam
703 604 961 649 catholicam
992 604 1117 648 decet
1152 602 1207 647 ad
1240 601 1548 662 opprimendas
1569 601 1738 660 linguas

344 679 556 723 haereseos
579 679 829 737 impacatae,
855 675 1040 720 multum
1068 691 1144 719 vos
1163 675 1352 733 petimus
1371 684 1421 718 ut
1442 674 1586 718 oretis.
1613 673 1735 732 Epis·
1771 673 1773 685 '

343 749 476 794 tolam
514 749 732 794 Asiarchae
767 748 978 791 misimus.
1006 746 1248 792 Beatissimi
1264 745 1550 806 perseveretis
1572 745 1618 788 in
1646 747 1737 789 Do-

346 821 482 875 mino,
507 835 720 865 memores
734 819 886 864 nostri.
902 821 1056 863 Amen.

366 958 1736 981 ἏΜΜΜΜΜΜΝΝἋΜἋΜΛΝἏΜΝΝΜΜΜΜΜΜΜΜΜΜΜΜ
1774 967 1777 989 i

768 1072 1086 1121 EPISTULA
1121 1071 1310 1119 XXX¹.

458 1209 592 1242 Domino
604 1208 699 1241 fratri
714 1212 826 1241 sancto
841 1214 872 1239 et
889 1207 1039 1239 unanimo
1057 1206 1324 1240 AUGUSTINO
1344 1204 1574 1239 PAULINUS
1592 1209 1626 1237 et

817 1261 1053 1295 THERASIA
1072 1266 1271 1304 peccatores.

346 1378 584 1424 Paulinus
605 1380 894 1441 Augustino,
934 1393 1030 1422 non
1065 1385 1255 1438 recepto
1292 1375 1356 1421 ab
1387 1392 1443 1422 eo
1482 1391 1733 1436 responso,

724 1448 881 1495 denuo
899 1466 990 1509 per
1009 1448 1133 1494 alios
1164 1446 1343 1493 scribit.

407 1587 441 1628 Ι.
485 1603 505 1626 «
523 1587 797 1640 hainnoum,
818 1584 953 1628 frater
973 1585 1018 1628 in
1041 1585 1213 1629 Christo
1229 1583 1414 1627 Domino
1438 1583 1497 1626 mi
1510 1582 1734 1636 unanime,

346 1664 396 1699 ut
417 1665 460 1699 te
480 1655 527 1698 in
548 1656 704 1700 sanctis
734 1665 777 1699 et
808 1656 887 1713 piis
907 1655 1132 1699 laboribus
1154 1655 1239 1698 tuis
1262 1654 1524 1698 nescientem
1557 1654 1733 1712 agnovi,

349 1727 664 1786 absentemque
680 1726 786 1781 vidi,
812 1735 900 1770 tota
917 1735 1063 1770 mente
1078 1726 1342 1784 complexus,
1354 1725 1544 1785 alloquio
1558 1740 1736 1784 quoque

348 1797 549 1841 familiari
579 1807 710 1857 atque
731 1797 925 1842 fraterno
947 1813 1023 1856 per
1044 1796 1208 1841 litteras
1239 1797 1389 1841 audire
1412 1796 1653 1855 properavi.
1680 1798 1737 1839 Et
1789 1850 1790 1854 Ἰ

349 1869 481 1913 credo
500 1870 546 1912 in
570 1884 720 1923 manu,
755 1878 798 1913 et
819 1869 864 1912 in
890 1870 1024 1927 gratia
1048 1868 1220 1912 Domini
1247 1883 1489 1912 sermonem
1511 1882 1656 1911 meum
1681 1866 1736 1910 ad
1789 1888 1790 1910 ;

353 1948 393 1982 te
416 1937 547 1982 fuisse
567 1939 782 1997 perlatum
807 1958 815 1983 :
849 1939 924 1982 sed
961 1949 1159 1982 morante
1181 1937 1324 1982 adhuc
1347 1953 1499 1996 puero,
1519 1952 1648 1996 quem
1681 1935 1736 1980 ad

350 2017 393 2052 te
413 2009 604 2066 aliosque
625 2008 805 2052 dilectos
826 2023 952 2067 aeque
976 2012 1066 2051 Deo
1082 2007 1347 2061 salutandos,
1380 2016 1478 2051 ante
1500 2007 1701 2063 hyemem
1718 2009 1735 2032 2
1764 2045 1772 2070 .-

350 2078 602 2121 miseramus
620 2112 630 2129 ,
651 2093 739 2120 non
759 2078 981 2136 potuimus
1003 2077 1117 2121 ultra
1138 2086 1180 2120 et
1202 2077 1396 2121 officium
1419 2086 1614 2120 nostrum
1638 2091 1734 2120 sus·
1764 2075 1768 2112 ῗ·

348 2147 539 2206 pendere
556 2183 566 2199 ,
596 2156 638 2190 et
661 2147 922 2190 desiderium
949 2147 1154 2190 sermonis
1179 2148 1240 2190 tui
1269 2147 1594 2205 cupidissimum
1622 2155 1733 2190 tem·
1765 2170 1767 2188 ;

347 2233 513 2277 perare.
543 2217 798 2275 Scripsimus
826 2217 975 2276 itaque
1007 2218 1160 2261 iterato
1189 2232 1327 2272 nunc,
1358 2218 1390 2262 si
1426 2218 1588 2277 priores
1612 2216 1667 2262 ad
1690 2226 1732 2261 te
1765 2243 1766 2248 =

346 2288 503 2331 litterae
528 2297 686 2332 nostrae
721 2288 945 2345 pervenire
973 2297 1227 2331 meruerunt
1253 2307 1262 2331 ε
1297 2297 1373 2331 aut
1401 2288 1564 2346 primo,
1589 2288 1622 2331 si
1649 2287 1732 2331 illis
1764 2307 1769 2328 μ

344 2359 387 2401 in
412 2374 565 2403 manus
587 2368 684 2403 tuas
703 2358 984 2416 perveniendi
1002 2358 1184 2403 felicitas
1206 2375 1292 2403 non
1315 2359 1416 2404 fuit.
1441 2377 1462 2399 »

390 2474 396 2488 ¹
415 2461 498 2499 Alias
514 2478 628 2499 xxxin.
639 2478 707 2510 quae
718 2472 824 2499 autem
839 2479 852 2498 x
863 2478 899 2499 xx
912 2471 993 2504 erat,
1011 2478 1092 2499 nunc
1108 2467 1400 2508 emur--Scripta
1417 2467 1503 2499 circa
1518 2477 1634 2499 annum
1650 2465 1725 2508 395.
1765 2463 1767 2466 ⁴

343 2539 382 2546 —-
397 2528 411 2544 ²
431 2522 495 2555 Sub
513 2521 607 2555 finem
626 2522 699 2555 anni
719 2522 793 2566 394.
