1790 3187
365 203 447 241 242
800 219 831 243 s.
857 209 1099 244 ‘mensum
1132 217 1170 240 El
1186 212 1311 243 iscom

362 288 403 322 et
439 280 610 324 Saiilem
637 280 799 322 latebat
824 314 834 333 ‚
859 281 1120 324 consentiret
1142 281 1315 339 spiritus
1349 281 1574 339 Prophetas
1590 281 1762 324 sanctii

361 364 406 392 se
429 349 600 393 ostendi
632 350 875 407 aspectibus
897 351 1027 407 regis,
1047 349 1189 394 divina
1213 365 1312 393 eum
1329 350 1538 393 sententia
1562 365 1759 409 percus-22

361 435 500 464 surus.
515 423 604 465 Cur
618 421 733 464 enim
748 420 888 464 anima
909 420 1230 474 bonihominis,
1248 437 1270 464 a
1291 419 1413 464 malis
1433 420 1538 464 vivis
1559 429 1758 484 evocatat

360 491 393 535 si
424 492 618 544 venerit,
650 491 848 535 amittere
880 491 1077 536 videatur
1098 492 1354 550 dignitatem
1379 507 1498 535 suam
1528 512 1539 548 3
1569 507 1671 536 cum
1692 499 1758 537 et»

358 562 443 607 vivi
468 562 724 621 plerumque
755 562 862 606 boni
895 563 1037 607 vocati
1059 562 1114 606 ad
1137 561 1273 606 malos
1301 562 1476 607 veniant
1495 597 1506 617 ‚
1533 571 1577 606 et
1609 570 1757 620 agant}

359 648 459 677 cum
482 633 541 676 eis
566 632 686 692 quod
708 633 899 676 officium
923 632 1117 692 postulat
1139 633 1356 692 aequitatis
1375 667 1386 687 ,
1417 641 1585 677 servato
1605 635 1758 692 atque}-

359 703 617 747 inconcusso
639 704 795 747 decore
815 703 985 748 virtutis
1006 719 1109 758 suae,
1129 713 1171 747 et
1188 694 1483 748 illorumvitiis
1496 719 1576 762 pro
1593 710 1754 753 rerum}

358 775 639 832 praesentium
662 775 730 818 vel
750 790 829 818 usu
851 774 918 818 vel
942 775 1193 819 necessitate
1215 774 1404 818 tractatis
1426 776 1444 818 P
1740 794 1750 818 ι

418 846 478 888 3⁰.
515 847 777 904 Quanquam
804 845 850 888 in
884 845 968 889 hoc
1005 844 1120 889 facto
1141 854 1283 904 potest
1313 860 1403 888 esse
1437 843 1545 888 alius
1567 843 1751 889 faciliori

357 914 495 957 exitus
521 925 563 958 et
593 916 830 973 expeditior
857 915 1124 969 intellectus,
1144 924 1300 959 utnon
1317 930 1416 958 vere
1433 914 1632 973 spiritum
1660 916 1748 961 Sa-‚

354 984 509 1029 maelis
536 987 769 1030 excitatum
806 1002 830 1030 a
859 987 1006 1046 requie
1043 1002 1120 1030 sua
1154 985 1409 1038 credamus,
1450 984 1525 1029 sed
1556 983 1747 1043 aliquod!

355 1055 626 1114 phantasma,
653 1067 696 1100 et
723 1057 1019 1116 imaginariam
1041 1057 1284 1101 illusionem
1320 1056 1480 1100 diaboli
1508 1056 1748 1100 machinam

354 1126 546 1170 tionibus
582 1127 761 1179 factam,
792 1143 922 1185 quam
949 1138 1171 1185 propterea
1199 1127 1418 1185 Scriptura
1453 1126 1628 1170 nomine
1653 1128 1744 1172 Sa-f·

353 1196 506 1239 muelis
529 1197 734 1256 appellat,
755 1198 856 1257 quia
879 1198 1018 1241 solent
1036 1198 1240 1254 imagines
1264 1212 1407 1240 rerum
1430 1212 1576 1240 earum
1597 1197 1743 1239 nomi-2

353 1266 481 1311 nibus
503 1268 710 1326 appellari
726 1304 736 1320 ‚
758 1284 943 1328 quarum
963 1267 1170 1325 imagines
1188 1277 1303 1312 sunt.
1333 1267 1451 1312 Sicut
1470 1268 1611 1311 onmia
1631 1283 1739 1326 quaez

351 1338 595 1396 pinguntur
623 1348 754 1397 atque
785 1340 1012 1397 finguntur
1033 1354 1082 1382 ex
1105 1338 1245 1398 aliqua
1270 1339 1446 1381 materie
1468 1337 1631 1381 mctalli
1656 1346 1739 1383 auh

349 1402 482 1465 ligni,
504 1408 573 1453 vel
590 1411 799 1468 cujusque
822 1410 883 1453 rei
906 1419 1017 1468 aptae
1041 1409 1094 1452 ad
1116 1425 1242 1468 opera
1262 1408 1528 1469 hujusmodi,
1545 1423 1736 1468 quaeque

350 1479 479 1522 etiam
503 1479 706 1524 videntur
727 1482 770 1523 in
795 1480 971 1533 somnis,
993 1492 1035 1524 et
1052 1495 1201 1524 omnes
1222 1479 1312 1523 fere
1335 1480 1556 1537 imagines,
1582 1492 1738 1531 earum:¹

349 1565 492 1594 rerum
510 1566 694 1610 quarum
714 1551 919 1608 imagines
936 1564 1053 1603 sunt,
1075 1550 1279 1609 appellari
1299 1551 1549 1594 nominibus
1570 1550 1724 1594 solent.

347 1621 453 1673 Quis
470 1631 534 1664 est
556 1623 687 1675 enim,
704 1622 779 1681 qui
799 1623 1016 1665 hominem
1038 1623 1206 1680 pictum
1229 1621 1401 1665 dubitet
1418 1637 1571 1665 vocare
1593 1621 1728 1665 homi·

347 1707 445 1735 nem
460 1694 478 1736 P
500 1692 864 1752 Quandoquidem
879 1702 920 1736 et
936 1692 1205 1749 singulorum
1223 1708 1499 1751 quorumque
1514 1692 1732 1751 picturam

346 1777 447 1806 cum
491 1764 719 1822 aspicimus
740 1798 750 1818 ,
789 1763 962 1821 propria
1003 1777 1182 1822 quoque
1215 1762 1392 1805 nomina
1425 1761 1728 1806 incunctanter

347 1833 606 1876 adhibemus
627 1853 636 1878 :
662 1833 783 1877 velut
813 1849 912 1878 cum
936 1833 1158 1876 intuentes
1181 1832 1371 1875 tabulam
1397 1841 1472 1875 aut
1496 1832 1736 1890 parietem,»

344 1904 526 1947 dicimus
546 1923 555 1948 ε
582 1903 662 1948 llle
682 1905 834 1948 Cicero
856 1914 934 1957 est,
967 1903 1039 1947 ille
1061 1903 1302 1957 Sallustius,
1328 1902 1402 1946 ille
1426 1903 1628 1956 Achilles,
1653 1903 1734 1964 illeq

346 1977 529 2028 Hector,
555 1975 638 2018 hoc
660 1975 825 2017 flumen
851 1975 1026 2025 Simois,
1053 1973 1125 2016 illa
1149 1977 1288 2017 Roma
1311 1995 1322 2029 ς
1353 1989 1453 2017 cum
1476 1974 1594 2020 aliud
1617 1973 1734 2019 nihili

342 2045 428 2088 sint
449 2061 578 2105 quam
602 2045 730 2104 pictae
753 2046 975 2104 imagines.
1000 2046 1126 2089 Unde
1148 2045 1386 2089 Cherubim
1411 2061 1508 2089 cum
1525 2046 1611 2089 sint
1632 2061 1733 2092 coeet

342 2115 468 2159 lestes
490 2124 736 2174 potestates,
763 2117 861 2159 ficta
893 2125 1038 2159 tamen
1060 2131 1110 2158 ex
1135 2115 1326 2170 metallo,
1353 2115 1472 2174 quod
1497 2116 1733 2174 imperavit

341 2189 470 2240 Deus,
488 2201 617 2245 super
641 2202 782 2230 arcam
814 2187 1075 2229 Testamenti
1093 2189 1124 2240 ¹,
1143 2202 1310 2243 maguae
1341 2187 1404 2232 rei
1427 2185 1733 2244 significandae}

340 2257 490 2315 gratia,
517 2272 605 2300 non
625 2255 742 2300 aliud
765 2272 896 2316 quam
923 2257 1160 2301 Cherubim
1194 2255 1263 2300 illa
1291 2272 1470 2316 quoque
1512 2258 1722 2315 figmenta·

338 2327 599 2371 vocitantur.
628 2330 737 2370 Item
759 2327 952 2387 quisquis
972 2326 1089 2370 videt
1111 2329 1343 2376 somn-ium,
1362 2343 1448 2370 non
1470 2326 1597 2372 dicit:
1618 2326 1729 2373 Vidi·-

337 2398 569 2456 imaginem
593 2398 822 2455 Augustini
846 2407 921 2441 aut
951 2397 1216 2457 Simpliciani
1237 2419 1248 2456 3
1272 2397 1343 2442 sed
1361 2433 1371 2453 ‚
1394 2397 1493 2442 Vidi
1517 2398 1727 2455 Augusti..

338 2483 442 2511 num
467 2478 542 2512 aut
561 2468 911 2528 simplicianum:
931 2484 1030 2512 cum
1054 2484 1104 2512 co
1125 2478 1334 2528 tempore,
1355 2484 1443 2528 quo
1457 2467 1542 2512 tale
1552 2466 1725 2528 aliquid

387 2559 392 2573 ¹
418 2552 512 2584 Exotl.
532 2563 604 2591 xxv,
631 2554 679 2583 ¹8.
