1790 3187
361 237 415 277 74
801 246 834 274 s.
870 246 1098 276 Aueuszrnu
1132 249 1311 277 znscom

359 314 554 374 quinque
580 312 702 357 libris
727 312 897 369 Moysi,
922 313 1042 372 quasi
1063 312 1257 373 quinque
1286 312 1386 357 viris
1405 313 1570 359 servisti
1589 335 1602 372 3
1618 329 1735 362 nunc

359 394 503 430 autem
519 398 648 444 quem
661 383 809 437 habeS,
824 381 868 426 id
882 392 959 437 est,
975 398 1102 442 quem
1118 384 1256 439 audis,
1274 384 1349 444 qui
1363 384 1732 444 loquiturtecum‚
1767 411 1770 414 ·

358 470 444 499 non
476 465 538 499 est
559 463 661 498 tuus
692 454 756 497 vir
775 488 786 507 ,
818 453 920 513 quia
953 453 1150 498 nondum
1183 455 1228 497 in
1259 456 1359 497 eum
1388 455 1623 499 credidisti.
1652 457 1736 501 Sed
1789 483 1790 495 ι

356 525 564 584 quoniam
587 524 780 568 nondum
811 522 990 567 credens
1006 523 1193 578 Christo,
1221 522 1363 568 adhuc
1386 525 1538 584 utique
1559 524 1735 570 illorum

356 596 549 654 quinque
577 595 793 647 virorum,
820 592 869 636 id.
887 600 965 648 est,
992 594 1188 652 quinque
1216 593 1426 639 librorum
1459 594 1735 654 copulatione

355 664 601 718 tenebatur,
621 671 762 722 potest
782 676 956 707 movere
976 661 1199 722 quomodo
1220 662 1305 707 dici
1323 664 1534 722 potuerit,
1560 683 1580 707 «
1594 665 1735 718 Quin-

357 751 377 774 »
404 748 490 792 que
513 733 624 776 viros
641 731 832 776 habuisti
852 767 863 787 ,
893 750 912 772 »
935 733 1056 791 quasi
1077 748 1194 776 nunc
1217 747 1289 777 eos
1308 734 1398 793 jam
1422 749 1510 778 non
1536 735 1733 790 haberet,

353 817 454 846 cum
477 803 621 846 adhuc
642 803 794 861 utique
811 802 910 860 ipsis
932 802 1104 846 subdita
1118 803 1295 848 viveret.
1314 803 1477 847 Deinde
1495 818 1594 848 cum
1610 805 1733 864 quin·

350 888 437 931 que
468 872 568 916 libri
592 872 735 929 Moysi
771 872 880 915 nihil
901 870 1020 915 aliud
1047 887 1179 931 quam
1214 872 1435 917 Christum
1466 874 1731 932 praedicent,

351 942 567 1001 sicutipse
585 942 643 985 ait
668 961 676 986 :
706 961 726 984 «
749 942 791 986 Si
814 941 1043 986 crederetis
1060 943 1217 1000 Moysi,
1242 942 1471 987 crederetis
1494 942 1674 988 forsitan
1693 954 1736 990 et

355 1033 374 1056 »
395 1015 525 1069 mihi,
547 1015 619 1058 ille
645 1015 760 1058 enim
780 1015 835 1058 de
857 1030 926 1058 me
948 1015 1115 1074 scripsit
1136 1017 1150 1041 ¹
1178 1034 1187 1061 ε
1218 1033 1237 1056 »
1261 1014 1484 1075 quomodo
1507 1023 1648 1073 potest
1666 1015 1734 1059 in·-

353 1084 488 1142 telligi
517 1100 538 1127 a
567 1084 762 1143 quinque
792 1083 874 1128 illis
905 1084 1025 1128 libris
1063 1083 1262 1129 recedere
1296 1085 1518 1129 hominem
1539 1119 1550 1138 ,
1590 1093 1639 1128 ut
1681 1084 1734 1129 ad

349 1154 572 1198 Christum
601 1163 814 1208 transeat,
841 1170 939 1197 cum
963 1153 1036 1197 ille
1056 1154 1131 1213 qui
1161 1154 1298 1198 credit
1318 1156 1362 1198 in
1384 1154 1623 1208 Christum,
1646 1169 1735 1198 non

349 1223 658 1282 relinquendos
680 1224 878 1282 quinque
899 1223 995 1267 illos
1016 1222 1147 1267 libros
1167 1259 1178 1278 ,
1208 1226 1282 1268 sed
1305 1222 1554 1283 spiritaliter
1575 1223 1735 1268 intelli-

349 1292 513 1351 gendos
539 1293 680 1336 multo
703 1292 870 1337 avidius
894 1292 1181 1351 amplectatur
1201 1295 1220 1336 P
1775 1283 1776 1286 Ἴ

408 1365 469 1406 7⁰.
492 1365 568 1407 Est
585 1378 688 1421 ergo
706 1363 814 1407 alius
836 1361 1095 1416 intellectus,
1116 1372 1165 1406 ut
1178 1362 1373 1422 quinque
1392 1362 1473 1406 viri
1493 1361 1733 1419 intelligan·
1772 1398 1775 1422 ξ

347 1442 419 1476 tur
435 1432 630 1492 quinque
652 1433 843 1491 corporis
858 1446 1006 1475 sensus
1026 1451 1034 1476 :
1057 1448 1171 1475 unus
1192 1432 1266 1491 qui
1285 1432 1339 1475 ad
1357 1431 1505 1476 oculos
1525 1431 1727 1490 pertinet,
1770 1486 1773 1491 Ι

345 1518 434 1561 quo
454 1501 598 1546 lucem
616 1504 742 1547 istam
758 1501 972 1546 visibilem
991 1511 1033 1545 et
1052 1502 1272 1560 quoslibet
1292 1501 1456 1546 colores
1484 1500 1732 1561 formasque
1770 1494 1790 1542 '¹

344 1587 575 1631 corporum
593 1573 831 1616 cernimus:
850 1571 958 1615 alter
977 1572 1147 1615 aurium
1164 1607 1174 1626 ,
1190 1587 1278 1630 quo
1300 1586 1456 1616 vocum
1475 1580 1518 1614 et
1537 1572 1730 1615 omnium
1768 1586 1771 1619 ς
1789 1623 1790 1628 ¹

345 1657 551 1686 sonorum
581 1651 800 1686 momenta
834 1641 1043 1684 sentimus
1073 1660 1081 1685 :
1114 1641 1267 1685 tertius
1291 1641 1484 1695 narium,
1510 1656 1599 1700 quo
1614 1641 1731 1686 varia
1767 1659 1769 1674 ¹

345 1712 528 1756 odorum
559 1714 769 1756 suavitate
792 1711 1065 1756 delectamur
1091 1730 1099 1756 :
1124 1720 1304 1771 quartus
1328 1712 1371 1754 iu
1394 1726 1467 1755 ore
1490 1721 1639 1768 gustus
1656 1712 1730 1770 qui
1765 1758 1767 1767 ⁴

344 1782 487 1825 dulcia
502 1791 544 1825 et
558 1798 701 1827 amara
719 1782 866 1836 sentit,
882 1790 924 1824 et
937 1782 1131 1824 omnium
1151 1796 1353 1840 saporum
1372 1780 1504 1823 habet
1525 1790 1729 1826 examen:=

346 1853 526 1911 quintus
557 1869 634 1911 per
668 1862 806 1896 totum
842 1867 998 1910 corpus
1027 1851 1246 1909 tangendo
1280 1850 1489 1910 dijudicat
1523 1850 1660 1894 calida
1688 1860 1730 1896 et

345 1921 515 1979 frigida,
538 1923 682 1966 mollia
706 1932 748 1966 et
769 1923 901 1976 dura,
925 1922 1034 1966 levia
1053 1932 1095 1966 et
1117 1938 1287 1980 aspera,
1314 1932 1355 1966 et
1379 1921 1596 1981 quidquid
1611 1920 1729 1966 aliud
1762 1915 1763 1921 ¹

344 2000 407 2036 est
429 1992 549 2052 quod
572 1994 790 2051 tangendo
813 1993 1036 2036 sentimus.
1066 1993 1160 2035 Istis
1175 1993 1321 2050 itaque
1343 1991 1587 2036 carnalibus
1604 1993 1728 2051 quin·
1759 1990 1762 2059 J

343 2077 429 2121 que
462 2063 658 2106 sensibus
699 2063 835 2120 prima
870 2063 1054 2106 hominis
1090 2071 1191 2106 aetas
1226 2062 1438 2105 imbuitur
1477 2062 1727 2106 necessitate
1758 2060 1760 2091 ἶ

344 2141 511 2175 naturae
546 2132 738 2176 mortalis
760 2167 770 2186 ,
801 2148 885 2191 qua
920 2132 978 2175 ita
1006 2141 1102 2190 post
1130 2141 1355 2190 peccatum
1386 2132 1513 2191 primi
1542 2132 1727 2177 hominis

345 2204 434 2247 nati
470 2218 617 2247 sumus
635 2238 645 2256 ,
673 2211 721 2246 ut
743 2203 937 2246 nondum
962 2203 1129 2246 reddita
1157 2202 1253 2246 luce
1277 2203 1457 2256 mentis,
1483 2202 1726 2248 carnalibus

344 2274 539 2317 sensibus
559 2273 735 2326 subditi,
754 2272 971 2316 carnalem
990 2273 1122 2317 vitam
1142 2273 1233 2315 sine
1251 2272 1340 2315 ulla
1363 2272 1551 2316 veritatis
1573 2272 1725 2317 intelli·
1755 2264 1756 2272 ἵ

344 2343 486 2401 gentia
510 2352 789 2386 transeamus.
819 2341 939 2386 Tales
961 2352 1131 2386 necesse
1154 2352 1322 2385 estesse
1343 2341 1530 2386 infantes
1557 2351 1599 2386 et
1624 2333 1722 2401 par-
1752 2360 1754 2396 ;

343 2412 466 2457 vulos
495 2427 650 2470 pueros
670 2447 680 2467 ,
718 2413 793 2472 qui
827 2412 1022 2456 nondum
1058 2421 1236 2470 possunt
1274 2412 1466 2470 accipere
1493 2412 1718 2458 rationem.
1751 2398 1753 2427 ³

345 2485 398 2525 Et
427 2482 528 2540 quia
563 2481 776 2525 naturales
805 2491 905 2525 sunt
933 2482 999 2525 isti
1037 2497 1209 2536 sensus,
1244 2485 1316 2540 qui
1341 2483 1521 2540 primam
1549 2491 1717 2526 aetatem

393 2572 398 2587 ¹
419 2568 509 2597 Joan.
531 2577 562 2605 v,
583 2565 637 2605 46.
