1790 3187
316 212 399 251 232
751 224 784 249 s.
822 221 1051 249 Accusnm
1083 221 1267 248 Emscom

315 288 579 334 audierimus
602 287 813 348 quosdam
835 287 1117 332 fornicatores
1134 322 1144 342 ‚
1170 295 1212 330 et
1234 288 1483 332 immundos
1504 323 1515 344 ,
1540 299 1582 333 et
1602 305 1697 334 ava-

314 376 383 405 ros
405 375 481 419 per
504 361 644 417 ignem
668 359 848 414 salvari,
879 368 929 403 ut
949 360 1140 403 babeant
1161 358 1460 403 haereditatem
1488 361 1534 404 in
1563 376 1698 419 reguo

315 430 474 477 Christi
502 440 545 474 et
579 430 677 484 Dei,
713 445 801 474 non
825 429 1185 474 obsurdescamus
1219 438 1370 473 contra
1403 431 1533 473 istum
1561 430 1698 475 recla-

313 511 506 546 mantem
531 510 574 545 et
595 501 811 545 dicentem
838 520 847 546 :
886 520 905 543 «
930 501 1080 544 Omnis
1109 500 1370 556 fornicator,
1408 511 1482 545 aut
1504 502 1696 547 immun-

317 591 337 614 »
365 572 468 627 dus,
494 581 569 616 aut
589 587 741 616 avarus
758 587 846 616 non
864 571 997 616 habet
1012 571 1309 615 haereditatem
1326 572 1370 616 in
1388 587 1520 630 regno
1538 573 1698 618 Christi

318 661 338 685 »
364 652 406 687 et
439 644 544 687 Dei?
569 661 588 684 »
620 653 663 687 et
692 658 747 686 ne
768 643 1089 702 acquiescamus
1111 642 1194 687 illis
1215 643 1358 687 verbis
1385 653 1535 688 contra
1558 643 1693 688 conti-

314 729 403 758 nuo
425 714 746 773 subjicientem,
774 732 793 755 «
813 715 950 758 Nemo
971 728 1047 758 vos
1069 714 1248 758 seducat
1269 713 1472 757 inanibus
1494 714 1652 758 verbis.
1674 732 1695 756 »

373 787 572 837 Quffismo
597 787 655 828 Π.
682 811 737 816 -
764 785 823 828 1⁰.
852 783 1049 828 Secunda
1072 793 1146 828 tua
1168 785 1352 844 quaestio
1374 794 1464 839 est,
1494 803 1514 827 «
1541 787 1697 828 Utrum

312 853 478 899 oblatio
511 870 609 914 quae
642 854 692 898 fit
723 869 802 913 pro
827 854 1151 913 quiescentibus
1171 889 1182 909 ,
1214 853 1380 914 aliquid
1408 870 1558 899 corum
1591 870 1699 899 con-

313 924 423 969 ferat
454 926 708 983 animabus3
744 941 844 969 cum
880 925 1102 968 evidenter
1138 926 1292 969 nostris
1317 935 1391 970 aut
1421 926 1701 970 sublevemur

313 997 480 1040 actibus
497 1032 507 1051 ,
540 1006 614 1040 aut
635 1012 864 1055 gravemur
881 1032 891 1050 ,
917 996 1129 1056 siquidem
1159 996 1351 1054 legamus
1368 1032 1378 1051 ,
1412 999 1531 1057 quod
1560 997 1605 1040 in
1628 998 1699 1040 in-

312 1065 436 1110 ferno
459 1082 589 1111 nemo
610 1069 698 1127 jam
725 1068 858 1126 possit
881 1068 1063 1111 Domino
1087 1068 1298 1111 confiteri.
1334 1067 1402 1111 Ad
1430 1066 1550 1127 quod
1573 1067 1700 1111 multi

313 1135 491 1191 dieunt,
517 1136 637 1197 quod
660 1137 693 1181 si
719 1136 872 1196 aliquis
896 1137 1093 1181 beneficii
1123 1138 1168 1181 in
1197 1138 1280 1182 hoc
1307 1137 1428 1182 locus
1456 1138 1588 1197 possit
1610 1153 1700 1182 esse

312 1217 411 1268 post
427 1217 611 1252 mortem
627 1243 637 1262 ,
659 1218 825 1268 quanto
844 1208 977 1266 magis
997 1209 1078 1253 sibi
1101 1209 1244 1254 anima
1268 1208 1399 1254 ferret
1416 1209 1507 1269 ipsa
1528 1208 1702 1267 refrige-

313 1279 443 1335 rium,
468 1295 543 1323 sua
565 1295 642 1339 per
663 1294 707 1323 se
727 1278 816 1324 illic
839 1281 1089 1324 confitendo
1111 1290 1301 1340 peccata,
1326 1296 1458 1341 quam
1481 1281 1525 1324 in
1548 1295 1698 1325 eorum

312 1351 587 1409 refrigerium
609 1351 664 1394 ab
687 1350 778 1394 aliis
801 1350 963 1394 oblatio
985 1353 1268 1410 procuratur?
1295 1369 1314 1392 »

373 1423 434 1465 2⁰.
462 1421 556 1465 Dixi
584 1420 749 1481 aliquid
772 1420 826 1465 de
848 1422 929 1465 hac
952 1437 996 1464 re
1021 1422 1065 1465 iu
1088 1437 1139 1465 eo
1161 1421 1296 1477 libro,
1322 1436 1453 1481 quem
1485 1436 1625 1481 nuper
1646 1420 1701 1465 ad

314 1502 514 1537 sanctum
533 1492 763 1536 Paulinum
787 1491 1005 1537 Nolanum
1029 1493 1279 1551 episcopum
1304 1493 1474 1552 scripsi,
1500 1508 1600 1536 cum
1630 1507 1702 1536 me

314 1562 622 1618 consuluisset,
651 1572 799 1606 utrum
821 1563 1042 1622 sepultura
1057 1598 1067 1617 ,
1093 1579 1191 1622 quae
1212 1564 1260 1606 fit
1282 1563 1325 1606 in
1343 1563 1561 1607 Memoriis
1584 1565 1703 1607 Mar·

315 1643 464 1691 tyrum
482 1668 493 1689 ,
534 1633 669 1692 prosit
706 1633 873 1693 aliquid
907 1633 1128 1692 spiritibus
1166 1642 1453 1677 mortuorum.
1497 1632 1604 1676 Inde
1642 1641 1706 1677 est

315 1705 427 1749 hoc1
448 1739 458 1760 ,
484 1703 605 1764 quod
626 1704 690 1747 his
713 1703 769 1747 ad
787 1712 828 1747 te
851 1703 1003 1747 litteris
1025 1705 1166 1747 insero
1188 1722 1196 1747 ε
1220 1703 1299 1746 Diu
1318 1738 1329 1758 ,
1346 1703 1548 1763 inquam,
1573 1705 1706 1747 Sane·

319 1776 429 1821 titati
455 1785 562 1830 tuae,
600 1775 855 1834 coepiscope
888 1775 1132 1820 venerande
1167 1774 1368 1829 Pauline,
1400 1775 1705 1833 rescriptorum

319 1848 488 1892 debitor
505 1847 588 1903 fui,
607 1863 656 1891 ex
675 1864 763 1907 quo
778 1848 883 1890 mihi
901 1847 1104 1906 scripsisti
1120 1863 1197 1906 per
1214 1847 1410 1890 homines
1432 1846 1533 1889 filiae
1549 1856 1706 1890 nostrae

321 1918 648 1977 religiosissimae
670 1916 827 1972 Florae,
849 1933 1048 1977 quaerens
1067 1933 1089 1961 a
1108 1933 1200 1972 me,
1225 1926 1369 1960 utrum
1391 1917 1525 1976 prosit
1548 1917 1707 1975 cuique

318 1998 417 2048 post
437 1998 619 2033 mortem
639 2023 649 2042 ,
675 1988 794 2047 quod
815 2003 970 2046 corpus
992 1988 1082 2047 ejus
1103 1986 1220 2046 apud
1246 1987 1390 2031 Sancti
1409 1986 1588 2046 alicujus
1610 1989 1706 2031 Me-

321 2060 502 2104 moriam
537 2059 758 2118 sepelitur.
787 2061 877 2102 Hoc
913 2060 1026 2101 enim
1049 2059 1125 2102 abs
1155 2067 1194 2102 te
1217 2059 1347 2102 vidua
1372 2068 1605 2102 memorata
1631 2074 1708 2117 pe-

322 2131 470 2184 tierat,
495 2145 574 2189 pro
592 2128 801 2173 defuncto
819 2130 863 2172 in
881 2129 938 2172 eis
961 2129 1152 2188 partibus
1175 2127 1264 2173 filio
1287 2145 1365 2173 suo
1382 2165 1392 2184 ,
1418 2139 1460 2173 et
1478 2129 1704 2187 rescripse-

323 2217 388 2245 ras
422 2200 648 2245 consolans
685 2216 804 2254 eam,
840 2199 973 2260 idque
1007 2199 1136 2244 etiam
1171 2201 1377 2244 nuntians
1411 2200 1465 2243 de
1500 2199 1707 2244 cadavere

323 2269 462 2314 fidelis
487 2270 659 2329 juvenis
681 2270 862 2327 Cynegii
882 2304 892 2324 ,
925 2270 1044 2328 quod
1067 2279 1264 2314 materno
1286 2279 1327 2314 et
1352 2271 1422 2329 pio
1446 2270 1608 2313 affectu
1630 2268 1707 2312 de-

324 2341 525 2385 sideravit
541 2376 551 2394 ,
572 2356 662 2384 esse
679 2340 943 2399 completum
961 2374 973 2395 ,
995 2351 1041 2383 ut
1057 2341 1218 2384 seilicet
1238 2342 1282 2384 in
1306 2341 1534 2384 beatissimi
1554 2339 1707 2383 Felicis

324 2410 578 2456 confessoris
599 2410 767 2454 basilica
792 2420 1041 2469 poneretur.
1066 2416 1156 2464 Qua
1179 2412 1401 2455 occasione
1425 2411 1587 2455 factum
1613 2419 1703 2465 cst,

326 2491 374 2525 ut
399 2497 474 2541 per
508 2481 680 2526 eosdem
704 2481 937 2541 perlatores
967 2482 1210 2527 litterarum
1240 2492 1412 2527 tuarum
1445 2483 1573 2527 etiam
1600 2480 1703 2525 mihi

375 2573 382 2589 ¹
406 2569 449 2597 Ex
474 2565 527 2598 lib*
549 2567 589 2599 ‹le
607 2568 688 2598 Cura
704 2577 760 2607 pro
775 2566 919 2605 mortuis,
939 2577 1010 2607 cap.
1032 2577 1061 2598 ῐ.
