1790 3187
638 281 834 307 El’ls'rOLA
869 282 936 307 Lv.
1115 291 1124 302 -
1393 273 1476 307 ὀΙξτ

93 358 196 402 ergo
213 344 257 387 in
280 358 325 387 re
349 343 527 398 laboris,
547 342 621 388 sed
646 344 691 388 in
713 359 787 403 spe
810 344 992 404 quietis:
1020 344 1064 388 in
1086 358 1216 388 carne
1235 345 1473 400 vetustatis,

92 412 167 458 sed
194 413 239 457 in
263 413 349 457 fide
377 414 593 459 novitatis.
616 415 728 459 Dicit
750 416 865 458 enim
889 434 898 460 ι
927 434 944 455 «
972 416 1142 475 Corpus
1162 414 1339 475 quidem
1368 431 1482 461 mor—

95 501 116 524 »
142 493 267 528 tuum
281 493 344 528 est
356 494 534 544 propter
550 494 791 544 peccatum,
807 486 991 545 Spiritus
1008 495 1153 530 autem
1171 487 1257 531 vita
1271 494 1335 530 est
1350 501 1484 545 prop-

95 572 116 596 »
143 564 207 599 ter
220 556 448 615 justitiam.
463 557 506 602 Si
520 566 666 601 autem
683 557 866 617 Spiritus
887 558 1080 619 ejus,qui
1095 558 1318 604 suscitavit
1335 559 1482 604 Jesum

96 643 116 667 »
144 626 365 671 Christum
403 643 427 671 a
454 628 653 684 mortuis,
692 628 864 673 habitat
896 629 942 673 in
982 630 1131 685 vobis,
1157 629 1234 690 qui
1265 629 1485 674 suscitavit

97 715 118 738 »
149 699 298 742 Jesum
316 700 538 745 Christum
561 716 583 744 a
606 700 806 756 mortuis,
833 700 1070 745 vivificabit
1091 710 1134 746 et
1162 701 1361 746 mortalia
1393 716 1486 746 cor-

94 785 116 809 »
150 783 255 827 pora
277 779 418 815 vestra
439 787 516 830 per
536 771 857 816 inhabitantem
881 772 1089 831 Spiritum
1108 773 1200 832 ejus
1222 772 1268 816 in
1286 772 1483 816 vobis¹.»

151 841 337 885 XXVII.
359 843 464 887 Haec
486 851 529 887 et
548 858 600 887 ex
619 843 877 888 auctoritate
895 843 1142 887 divinarum
1165 844 1488 903 Scripturarum

22 911 25 923 ²
92 918 135 955 et
151 912 365 958 universae
382 913 606 971 Ecclesiae,
631 931 731 974 quae
755 923 848 959 toto
861 915 968 959 orbe
985 914 1275 969 diffunditur,
1301 929 1488 959 consen-

24 1011 25 1015 =
93 982 229 1039 sione,
242 1000 318 1044 per
328 986 550 1030 anniversa
558 987 668 1030 rium
686 987 848 1030 Pascha
867 986 1162 1041 celebrantur,
1178 987 1224 1029 in
1238 1000 1396 1043 magno
1410 984 1493 1029 uti-

26 1101 27 1113 *
93 1069 195 1112 que,
206 1057 413 1116 sicutjam
423 1056 644 1116 intelligis,
655 1056 1057 1101 sacramento-Etin
1069 1057 1300 1116 Scripturis
1310 1055 1492 1117 quidem

92 1127 312 1172 veteribus
325 1128 380 1172 ad
393 1128 612 1188 agendum
634 1129 795 1173 Pascha
813 1143 902 1172 non
920 1136 983 1172 est
1005 1136 1276 1187 praeceptum
1298 1137 1488 1187 tempus,

92 1199 174 1243 nisi
206 1214 257 1243 ex
280 1215 427 1244 mense
450 1215 681 1255 novorum,
707 1216 729 1244 a
763 1198 869 1243 luna
901 1198 1254 1259 quarta-decima
1277 1214 1416 1259 usque
1437 1196 1494 1242 ad

29 1276 31 1283 “
94 1270 550 1330 vicesimam-primam
577 1290 586 1317 ι
611 1287 662 1315 ex
690 1271 929 1330 Evangelio
957 1280 1126 1326 tamen,
1153 1272 1256 1331 quia
1278 1270 1491 1315 manifes-

30 1367 31 1390 ;
95 1350 190 1386 tum
213 1352 292 1397 est,
322 1358 412 1402 quo
441 1342 571 1387 etiam
593 1343 664 1387 die
686 1343 898 1387 Dominus
919 1343 1149 1387 crucifixus
1173 1343 1242 1398 sit,
1268 1352 1312 1387 et
1345 1342 1391 1385 in
1421 1356 1492 1385 se·

30 1406 33 1418 ⁴
94 1412 272 1473 pultura
286 1412 438 1469 fuerit,
463 1423 506 1459 et
524 1415 821 1470 resurrexerit,
842 1414 1048 1474 adjuncta
1070 1423 1134 1459 est
1155 1415 1284 1459 etiam
1298 1414 1492 1474 ipsorum

31 1478 35 1499 ²
94 1483 266 1530 dierum
288 1486 532 1530 observatio
559 1501 637 1546 per
659 1489 838 1530 Patrum
862 1485 1069 1541 concilia,
1090 1494 1135 1530 et
1165 1486 1262 1530 orbi
1284 1485 1491 1530 universo

34 1571 35 1587 ¹
93 1557 340 1603 Christiano
362 1573 617 1618 persuasum
637 1567 701 1603 est
724 1573 776 1604 eo
793 1558 925 1603 modo
943 1558 1106 1602 Pascha
1125 1557 1338 1602 celebrari
1360 1571 1486 1616 opor-

35 1639 37 1666 ἶ
96 1637 204 1673 tere.

153 1702 359 1746 XXVIII.
382 1699 722 1759 Quadragesima
739 1715 841 1744 sane
855 1699 1124 1760 jejuniorum
1144 1699 1278 1743 habet
1298 1697 1489 1742 auctori-

38 1803 39 1806 η
96 1779 247 1826 tatem,
272 1781 315 1816 et
339 1773 386 1815 in
398 1772 631 1816 Veteribus
652 1771 772 1814 libris
789 1786 840 1814 ex
856 1770 1023 1830 jejunio
1045 1769 1187 1827 Moysi
1211 1779 1255 1814 et
1279 1769 1386 1813 Eliae
1408 1789 1419 1827 3
1446 1777 1490 1813 et

97 1857 147 1887 ex
171 1842 410 1901 Evangelio
426 1878 437 1897 ,
473 1843 575 1902 quia
605 1842 787 1887 totidem
809 1841 965 1886 diebus
995 1842 1204 1886 Dominus
1222 1842 1436 1902 jejunavit
1455 1841 1488 1896 ²,

39 1943 41 1952 ι
97 1912 401 1957 demonstrans
429 1912 718 1972 Evangelium
749 1928 838 1956 non
873 1912 1097 1956 dissentire
1120 1928 1143 1956 a
1165 1914 1281 1970 Lege
1314 1920 1358 1956 et
1383 1914 1492 1956 Pro-

96 1985 253 2044 phetis.
283 1988 335 2029 In
355 2000 540 2045 persona
564 1985 728 2044 quippe
756 1984 913 2041 Moysi,
941 1987 1054 2042 Lex3
1078 1983 1125 2027 in
1147 1997 1332 2043 persona
1362 1982 1488 2037 Eliae,

98 2057 330 2115 Prophetae
367 2055 658 2114 accipiuntur,
684 2056 797 2099 inter
828 2070 937 2115 quos
965 2064 1009 2099 et
1035 2055 1080 2098 in
1102 2062 1254 2098 monte
1276 2054 1490 2113 gloriosus

98 2127 325 2187 apparuit,
348 2136 399 2171 ut
414 2126 658 2171 evidentius
679 2126 890 2171 emineret
901 2125 1023 2186 quod
1045 2124 1099 2169 de
1121 2125 1198 2169 illo
1222 2124 1328 2169 dicit
1348 2127 1492 2183 Apos-

98 2198 230 2254 tolus,
251 2216 271 2240 «
289 2197 587 2242 testimonium
610 2198 775 2242 habens
790 2213 810 2241 a
827 2200 943 2256 Lege
965 2205 1008 2240 et
1029 2196 1311 2255 Prophetis.»
1332 2198 1384 2239 In
1405 2209 1494 2254 qua

99 2284 203 2328 ergo
238 2277 361 2328 parte
382 2269 485 2312 anni
512 2269 824 2327 congruentius
858 2267 1103 2311 observatio
1137 2266 1493 2324 Quadragesimae

100 2340 456 2395 constitueretur,
481 2340 562 2384 nisi
582 2340 744 2384 confini
761 2349 892 2399 atque
909 2338 1113 2396 contigua
1134 2337 1372 2381 Dominicae
1391 2351 1485 2394 pas·

100 2411 244 2455 sioni?
265 2411 376 2464 Quia
394 2411 440 2454 in
454 2426 504 2455 ea
525 2411 792 2470 significatur
810 2411 905 2454 haec
919 2409 1007 2453 vita
1026 2408 1259 2463 laboriosa,
1285 2408 1357 2452 cui
1382 2422 1492 2466 opus

101 2491 166 2526 est
186 2483 472 2536 continentia,
505 2491 554 2526 ut
589 2482 643 2526 ab
665 2482 798 2541 ipsius
832 2481 988 2525 mundi
1019 2480 1205 2524 amicitia
1230 2479 1456 2539 jejunetur
1482 2495 1492 2519 ι

99 2569 199 2613 quae
240 2557 396 2615 utique
443 2552 655 2598 fallaciter
697 2552 902 2606 blandiri,
941 2562 984 2596 et
1022 2550 1328 2596 illecebrarum
1373 2550 1497 2594 fucos

153 2644 162 2659 ¹
182 2641 476 2680 R01n.wr=,10.—
492 2644 504 2660 2
521 2638 619 2670 Exod.
641 2648 747 2676 xxxiv,
766 2646 819 2679 29.
834 2635 900 2660 ——3
922 2638 939 2669 3
962 2639 1036 2679 fleg.
1054 2634 1423 2677 x1x‚8,etMatth.1v,
1445 2643 1499 2667 21.

1245 2701 1311 2740 33.
