1790 3187
311 240 396 281 454
732 253 765 279 s.
802 249 1029 280 mausum
1059 252 1238 280 nmscom

311 319 619 380 pollicitatione
640 316 925 374 discessimus,
945 327 994 364 ut
1010 318 1306 363 exhiberemus
1323 318 1364 362 ei
1375 317 1520 378 plures
1548 318 1675 365 colle-

312 405 385 450 gas
405 401 588 444 nostros,
618 397 733 432 certe
761 387 829 433 vel
851 386 1014 446 decem,
1038 389 1115 449 qui
1142 397 1262 434 tanta
1296 388 1597 434 benevolentia
1632 399 1677 435 et

310 460 487 506 lenitate
516 469 559 503 et
579 468 665 502 tam
688 458 761 518 pio
784 458 926 503 studio
956 458 1000 504 id
1022 460 1155 520 quaeri
1181 458 1367 514 vellent,
1392 469 1603 519 quantum
1629 461 1677 504 in

312 530 436 575 nobis
459 544 556 573 eum
574 530 663 589 jam
687 528 1031 573 animadvertisse
1052 539 1181 589 atque
1203 529 1442 589 approbare
1461 530 1676 575 sentieba-

312 616 424 645 mus,
451 603 544 644 Hoc
565 599 689 643 etiam
709 599 763 643 de
788 615 963 644 suorum
985 615 1166 645 numero
1183 609 1226 644 et
1241 602 1331 659 ipse
1351 598 1568 659 pollicitus
1597 610 1673 646 est.

358 670 616 715 X111.Unde
629 685 703 715 vos
713 670 862 715 hortor
874 679 916 714 et
928 671 1118 715 obtestor
1135 686 1209 730 per
1220 671 1392 715 Domini
1404 671 1673 730 sanguinem,

311 751 362 787 ut
384 757 483 786 eum
506 742 698 802 promissi
716 741 782 786 sui
805 743 1127 798 commoneatis,
1154 752 1197 786 et
1214 742 1405 801 gnaviter
1426 741 1606 798 instetis,
1630 752 1680 787 ut

313 828 379 857 res
398 822 539 872 coepta
554 822 798 873 pei-agatur,
811 828 940 872 quam
957 829 1091 873 prope
1113 812 1166 857 ad
1183 814 1314 856 finem
1333 813 1575 872 pervenisse
1591 814 1678 872 jam

314 884 500 928 cernitis.
518 886 740 937 Quantum
755 884 869 928 enim
889 883 1351 939 arbitror,difficillime
1372 884 1546 943 potestis
1558 883 1679 929 inve-

265 1006 276 1020 x
313 956 406 1000 nire
424 956 470 999 in
483 955 689 1014 episcopis
698 956 845 1000 vestris
860 965 945 1000 tam
965 955 1115 1000 utilem
1133 956 1322 1000 animum
1337 964 1380 999 et
1395 956 1678 1010 voluntatem,

313 1043 444 1088 quam
466 1029 512 1070 in
536 1027 616 1071 isto
633 1042 733 1070 sene
752 1028 1057 1087 perspeximus.
1084 1031 1258 1072 Postero
1280 1027 1393 1070 enim
1421 1025 1488 1070 die
1516 1027 1605 1085 ipse
1627 1025 1682 1070 ad

312 1114 390 1143 nos
412 1097 551 1152 venit,
582 1106 626 1140 et
645 1098 739 1141 haec
761 1098 917 1141 iterum
949 1113 1141 1157 quaerere
1163 1111 1447 1156 coeperamus.
1479 1097 1562 1140 Sed
1583 1097 1685 1155 quia

310 1167 542 1214 ordinandi
563 1168 751 1227 episcopi
777 1168 999 1212 necessitas
1026 1183 1103 1212 nos
1132 1167 1232 1211 inde
1255 1167 1519 1226 jamjamque
1546 1167 1684 1226 rapie-

311 1240 402 1294 bat,
423 1240 585 1283 diutius
607 1255 706 1283 cum
735 1238 810 1282 illo
832 1254 919 1283 esse
940 1239 1228 1298 nequivimus.
1262 1239 1357 1281 Jam
1380 1238 1494 1281 enim
1510 1238 1684 1282 misera-

311 1326 407 1355 mus
444 1310 498 1354 ad
526 1311 733 1369 Majorem
770 1308 1075 1355 Coelicolarum
1103 1311 1216 1368 (36),
1248 1323 1380 1368 quem
1415 1308 1685 1352 audieramus

309 1382 411 1427 novi
433 1382 549 1441 apud
582 1396 653 1426 eos
682 1376 1193 1440 baptismi'institutorem
1231 1380 1433 1435 extitisse,
1458 1388 1500 1423 et
1528 1378 1686 1423 multos

313 1453 389 1498 illo
411 1452 633 1511 sacrilegio
651 1451 881 1507 seduxisse,
893 1461 943 1496 ut
960 1467 1059 1496 cum
1080 1452 1168 1506 illo,
1195 1460 1409 1512 quantum
1429 1451 1558 1510 ipsius
1577 1460 1686 1494 tem-

312 1524 427 1583 poris
462 1523 738 1581 patiebantur
776 1523 1005 1581 angustiae,
1029 1522 1193 1582 aliquid
1226 1523 1516 1582 loqueremur.
1549 1524 1686 1574 Quem

310 1604 592 1655 posteaquam
615 1602 846 1638 venturum
869 1594 1094 1652 comperit,
1125 1593 1277 1637 videns
1299 1608 1376 1637 nos
1408 1591 1527 1636 aliud
1550 1606 1687 1636 susce-

309 1666 419 1725 pisse
439 1664 679 1722 negotium,
703 1679 803 1708 cum
827 1674 869 1708 et
897 1665 1040 1722 ipsum
1062 1663 1206 1708 nescio
1227 1679 1326 1722 quae
1347 1664 1571 1707 necessitas
1588 1677 1687 1721 pro-

310 1735 509 1781 fectionis
531 1743 720 1794 urgeret,
741 1735 927 1793 benigne
949 1750 971 1778 a
993 1735 1117 1779 nobis
1135 1733 1390 1793 placideque
1412 1732 1616 1777 discessit.

369 1809 489 1851 XIV.
515 1807 698 1850 Videtur
716 1815 861 1850 autem
876 1807 999 1861 mihi,
1017 1815 1066 1850 ut
1086 1804 1358 1850 turbulentas
1378 1806 1525 1848 turbas
1546 1812 1588 1848 et
1606 1804 1688 1847 im·

312 1878 613 1938 pedimentum
634 1878 777 1938 potius
795 1894 926 1938 quam
942 1877 1243 1938 adjumentum
1261 1877 1489 1921 afferentes
1511 1875 1687 1920 omnino

314 1949 571 2006 devitemus,
596 1958 638 1994 et
661 1964 760 1994 vere
784 1965 833 1993 ex
856 1949 998 1993 animo
1023 1949 1159 1993 amico
1189 1958 1318 2008 atque
1340 1946 1573 2007 tranquillo
1595 1962 1688 1990 sus—

312 2030 487 2079 ceptum
510 2030 598 2064 tam
621 2035 828 2078 magnum
856 2020 1079 2078 negotium
1111 2019 1296 2063 Domino
1324 2017 1564 2078 opitulante
1588 2032 1688 2076 per-

315 2107 513 2150 agamus,
543 2091 598 2136 ad
632 2090 822 2150 aliquam
850 2090 996 2135 villam
1025 2105 1102 2134 nos
1139 2090 1369 2134 convenire
1409 2088 1567 2133 debere
1601 2103 1690 2133 non

315 2177 534 2221 magnam,
563 2162 640 2205 ubi
657 2160 819 2205 nullius
841 2170 1036 2205 nostrum
1057 2170 1165 2205 esset
1183 2160 1357 2205 ecelesia
1374 2180 1385 2217 3
1400 2174 1529 2220 quam
1546 2169 1690 2203 tamen

313 2233 461 2278 villam
478 2233 766 2278 communiter
787 2233 1005 2292 possident
1026 2233 1220 2277 homines
1243 2241 1286 2276 et
1321 2240 1478 2276 nostrae
1497 2245 1690 2278 commu-

309 2306 449 2350 nionis
472 2314 515 2348 et
536 2306 685 2363 ipsius,
711 2304 837 2349 sicuti
859 2314 922 2348 est
943 2303 1044 2349 villa
1070 2305 1252 2348 Titiana.
1281 2302 1378 2348 Sive
1399 2318 1502 2362 ergo
1530 2302 1576 2346 in
1598 2304 1688 2346 Tu-

308 2377 561 2431 bursicensi,
583 2377 671 2421 sive
693 2376 738 2420 in
763 2376 1059 2435 Thagastensi,
1093 2375 1186 2419 talis
1206 2375 1341 2431 locus,
1366 2375 1436 2419 vel
1463 2374 1535 2418 ille
1556 2388 1686 2434 quem

309 2447 658 2501 commemoravi,
689 2446 759 2491 vel
781 2446 934 2507 aliquis
956 2445 1063 2490 alius
1080 2446 1281 2491 inventus
1306 2445 1453 2499 fuerit,
1477 2444 1683 2489 faciamus

310 2519 478 2562 codices
499 2518 727 2562 canonicos
750 2527 906 2576 praesto
936 2532 1039 2561 esse.
1067 2519 1121 2561 Et
1157 2518 1190 2561 si
1218 2532 1303 2577 qua
1324 2515 1506 2575 proferri
1529 2524 1686 2574 potue-

312 2589 399 2633 rint
419 2604 469 2631 cx
492 2598 677 2648 utraque
710 2599 830 2647 parte
852 2588 1115 2633 documenta
1138 2608 1145 2631 :
1170 2597 1220 2632 ut
1242 2586 1484 2647 postpositis
1504 2584 1683 2638 caeteris,
