1790 3187
15 225 17 271 ξ
182 234 236 262 nr.
268 232 454 260 mvnnsis
486 231 643 267 QuAEs‘r.
679 231 735 258 An
766 231 1023 260 simmacum.
1060 233 1141 259 Lm.
1181 232 1211 258 1.
1307 220 1387 258 171

15 300 184 357 lidonei3
203 307 244 342 et
263 296 370 341 illud
395 312 483 341 non
506 296 647 340 minus
663 311 813 340 verum
837 298 890 340 sit
909 316 952 342 2«
976 297 1114 355 Igitur
1132 311 1219 340 non
1245 295 1394 339 volen-

15 375 42 417 ᾖ»
67 371 118 414 tis
140 381 280 428 neque
314 367 526 411 currentis
542 400 553 420 ‚
585 366 659 409 sed
684 367 924 411 miserentis
952 376 1013 410 est
1039 367 1136 421 Dei,
1163 383 1183 405 »
1205 366 1278 424 qui
1313 366 1395 410 hoc

16 438 146 501 {modo
170 437 368 491 vocavit,
398 435 619 497 quomodo
654 446 802 494 aptum
832 446 922 481 erat
944 438 1002 481 eis
1029 437 1104 496 qui
1127 436 1261 480 secuti
1291 445 1394 479 sunt

16 508 312 554 vocationem?
329 505 396 550 Ad
418 505 522 550 alios
544 516 685 551 autem
706 507 875 551 vocatio
892 507 1069 566 quidem
1086 506 1303 566 pervenit:
1320 506 1395 549 sed

17 579 114 640 quia
136 576 230 622 talis
258 577 367 631 fuit,
395 592 480 636 qua
504 578 667 621 moveri
688 593 776 621 non
799 588 1000 637 possent,
1025 593 1106 622 nec
1128 591 1219 621 eam
1243 591 1397 636 capere

17 650 99 721 &¹915
122 657 275 700 essent,
295 648 438 691 vocati
461 647 640 707 quidem
655 648 740 692 dici
758 657 1015 707 potuerunt,
1041 648 1115 692 sed
1134 663 1221 691 non
1244 646 1392 691 electi:

17 730 57 773 et
78 720 261 778 nonjam
285 718 481 762 similiter
505 734 655 762 verum
673 727 752 773 est,
777 720 913 777 Igitur
936 734 1023 763 non
1041 718 1279 762 miserentis
1303 717 1393 771 Dei,

22 790 87 836 ed
112 789 290 834 volentis
319 798 448 849 atque
475 790 687 834 currentis
721 799 785 834 est
816 790 1040 834 hominis:
1072 789 1277 848 quoniam
1308 803 1395 832 non

46 869 152 906 otest
173 859 352 903 effectus
373 860 677 904 misericordiae
702 861 774 904 Dei
792 875 880 904 esse
894 860 937 902 in
955 859 1141 902 hominis
1163 866 1392 916 potestate,

48 930 239 976 tfrustra
272 929 344 973 ille
367 931 619 974 misereatur
644 963 655 983 ,
691 930 724 973 5ἰ
749 931 881 974 homo
903 928 1044 986 nolit3
1074 928 1174 988 quia
1204 928 1236 972 si
1265 927 1396 971 vellet

39 1002 136 1046 tiam
164 1001 355 1059 ipsorum
380 1000 596 1055 misereri,
623 1010 762 1059 posset
782 1002 839 1044 ita
863 1015 1042 1052 vocare,
1063 997 1286 1059 quomodo
1312 997 1395 1040 illis

42 1080 158 1131 ptum
181 1080 314 1124 esset,
340 1080 389 1114 ut
414 1080 455 1114 et
484 1081 764 1115 moverentur
787 1080 828 1114 et
850 1069 1144 1129 intelligerent
1173 1078 1215 1112 et
1238 1083 1391 1128 seque-

36 1151 174 1186 entur.
199 1143 360 1185 Verum
384 1151 446 1185 est
468 1156 569 1199 ergo
592 1177 602 1196 ,
633 1141 761 1186 Multi
784 1142 923 1186 vocati
951 1177 961 1196 ‚
997 1140 1123 1200 pauci
1157 1139 1299 1183 electi.
1327 1138 1394 1182 Illi

18 1212 123 1318 &nim
152 1211 306 1266 electi,
333 1213 405 1271 qui
436 1223 730 1271 congruenter
751 1213 891 1257 vocati
918 1232 926 1256 :
952 1211 1014 1256 illi
1044 1220 1189 1255 autem
1209 1211 1282 1270 qui
1305 1225 1393 1254 non

38 1283 310 1340 ongruebant
349 1299 491 1343 neque
530 1283 972 1342 contemperabantur
1011 1282 1227 1326 vocationi
1255 1316 1266 1335 ‚
1307 1296 1393 1324 non

38 1352 159 1407 lecti,
184 1354 286 1412 quia
308 1368 395 1397 non
414 1356 579 1408 secuti,
605 1354 802 1413 quamvis
823 1355 979 1398 vocati.
1007 1356 1115 1396 Item
1139 1366 1288 1394 verum
1312 1360 1391 1404 est,

26 1443 35 1463 ‹
64 1425 158 1468 Non
180 1423 364 1467 volentis
387 1439 530 1484 neque
559 1424 788 1478 currentis,
812 1423 886 1468 sed
905 1421 1145 1467 miserentis
1171 1431 1233 1464 est
1257 1421 1355 1465 Dei:
1370 1440 1389 1461 »

44 1494 110 1538 uia
133 1495 297 1538 etiamsi
320 1495 481 1539 multos
498 1505 636 1549 vocet,
664 1504 814 1540 eorum
841 1505 985 1539 tamen
1007 1494 1250 1547 miseretur,
1285 1508 1394 1552 quos

29 1573 66 1608 ta
88 1574 240 1619 vocat,
277 1567 499 1643 quomodo
522 1567 580 1610 eis
601 1567 744 1610 vocari
770 1575 919 1625 aptum
951 1573 1037 1618 est,
1064 1573 1111 1606 nt
1134 1572 1391 1622 sequantur.

21 1634 181 1704 falsum
205 1644 268 1679 est
287 1645 430 1680 autem
453 1637 485 1680 si
507 1636 603 1696 quis
620 1636 751 1682 dicit:
778 1637 915 1695 Igitur
932 1651 1021 1679 non
1039 1633 1278 1677 miserentis
1298 1634 1390 1687 Dei,

21 1705 84 1757 jsed
111 1705 292 1750 volentis
318 1715 447 1766 atque
478 1708 690 1751 currentis
729 1716 792 1750 est
831 1705 1017 1750 hominis
1047 1723 1057 1748 ·.
1094 1704 1194 1763 quia
1230 1703 1393 1746 nullius

21 1767 123 1840 'Deus
144 1776 301 1819 frustra
330 1777 585 1834 miseretur3
609 1779 734 1837 cujus
761 1786 903 1820 autem
938 1776 1191 1828 miseretur,
1214 1774 1273 1817 sic
1293 1788 1392 1816 eum

22 1842 156 1916 isocen,
177 1846 398 1906 quomodo
419 1848 496 1891 scit
514 1849 552 1891 ei
575 1863 814 1906 congruere
829 1882 840 1902 ‚
866 1856 915 1890 ut
939 1855 1167 1890 vocantem
1192 1860 1278 1888 non
1304 1860 1392 1888 res-

22 1922 129 1965 buat.
498 1956 514 1961 c

23 1969 25 2030 l
72 1988 157 2030 14⁰.
177 1987 255 2030 Hic
274 1986 387 2031 dicet
402 1987 572 2047 aliquis,
591 1989 681 2032 Cur
695 2002 798 2046 ergo
816 1987 930 2031 Esaii
944 2002 1031 2030 non
1045 1986 1103 2030 sic
1119 1994 1182 2028 est
1195 1993 1389 2037 vocatus,

23 2036 59 2121 ist
75 2055 201 2100 vellet
218 2057 426 2101 obedire?
450 2058 659 2102 Videmus
678 2058 793 2100 enim
819 2056 922 2101 alios
945 2056 1068 2100 aliter
1087 2055 1240 2099 iisdem
1264 2056 1393 2098 rebus

23 2126 309 2172 demonstratis
335 2128 404 2172 vel
427 2129 674 2187 significatis
697 2129 750 2172 ad
773 2127 1038 2172 credendum
1067 2126 1244 2170 movell.
1274 2126 1395 2170 Sicut

38 2196 187 2256 xempli
203 2198 353 2256 gratia,
374 2199 548 2244 Simeon
563 2191 607 2242 in
624 2200 855 2243 Dominum
873 2208 1069 2242 nostrum
1087 2200 1232 2240 Jesum
1253 2197 1392 2241 Chris-

34 2283 103 2311 um
126 2267 266 2313 adhuc
294 2269 505 2313 infantem
528 2270 758 2329 parvulum
785 2268 990 2323 eredidit,
1027 2269 1188 2327 Spiritu
1212 2268 1249 2310 ei
1274 2282 1394 2311 reve-

30 2347 123 2382 ante
143 2354 403 2397 cognoscens
417 2344 445 2384 ¹.
466 2341 705 2385 Nathanael
729 2340 784 2385 ad
807 2356 937 2384 unam
956 2340 1216 2383 sententiam
1230 2373 1240 2393 ,
1259 2353 1391 2398 quam

41 2409 66 2452 b
87 2407 159 2454 illo
180 2410 368 2466 audivit,
400 2430 418 2451 α
445 2412 568 2455 Prius
591 2427 723 2471 quam
748 2421 790 2454 te
824 2411 1048 2470 Philippus
1072 2418 1266 2464 vocaret,
1292 2423 1390 2452 cum

61 2494 165 2524 esses
183 2481 263 2525 sub
283 2482 435 2525 arbore
453 2482 521 2525 fici
540 2480 626 2526 vidi
643 2491 709 2540 te3
727 2481 976 2540 respondit,
998 2481 1139 2525 Rabbi
1154 2515 1164 2534 ‚
1191 2489 1239 2523 tu
1257 2495 1300 2523 es
1324 2479 1390 2522 Fi-

25 2578 28 2611 Ι
62 2571 68 2587 ¹
95 2567 167 2598 Luc.
191 2578 226 2607 11,
246 2568 299 2598 25.
