1790 3187
348 206 432 246 246
785 218 818 244 s.
854 215 1082 243 AUGUSTlNI
1115 215 1296 242 EPISCOP1

348 282 519 326 nonnisi
561 290 656 341 post
689 281 781 340 ejus
813 280 1096 324 concubitum
1130 279 1318 323 dormire
1353 280 1558 338 potuisse.
1594 273 1747 335 Quasi,-

346 369 464 406 vero,
485 363 532 397 ut
547 353 741 396 omittam
756 360 928 411 tempus
945 367 1033 411 quo
1051 351 1383 404 accurabantur,
1400 361 1448 394 ut
1469 366 1595 410 supra
1618 351 1722 408 dixi,

346 424 399 469 ad
418 423 686 482 voluptatem
711 423 869 479 regiam
896 437 1073 481 corpora
1098 422 1375 465 foeminarum
1393 456 1404 475 ,
1428 438 1515 466 non
1537 423 1726 481 potuerit

345 498 476 548 Deus,
506 495 758 553 priusquam
781 493 1083 544 convenirent,
1108 508 1208 536 eum
1230 507 1421 551 mergere
1438 494 1482 537 in
1503 509 1722 551 somnum,

344 574 388 609 et
410 566 642 608 admonere
666 578 741 622 per
767 564 1000 607 somnium.

404 638 465 678 3⁰.
507 635 653 679 Dicam
693 634 812 694 quod
854 633 1017 677 factum
1055 642 1119 677 est
1150 633 1193 676 in
1223 634 1481 678 Mauritania
1518 633 1722 679 Sitifensi.

342 709 494 764 Neque
517 706 633 748 enim
660 703 775 749 'Deus
797 713 1043 748 sanctorum
1072 708 1246 748 Patrum
1263 740 1276 759 ,
1301 720 1386 749 non
1408 706 1497 764 ipse
1515 715 1575 750 est
1599 707 1726 751 etiam

342 779 455 821 Deus
475 785 635 818 noster.
650 776 836 818 Viduam
853 775 896 817 in
913 775 1134 833 proposito
1152 775 1431 819 continentiae
1448 776 1728 820 constitutam

341 847 603 892 Celticchius
626 847 804 907 quidam
828 845 1166 890 catechumenus
1186 846 1353 906 juvenis
1384 846 1553 905 rapuit,
1578 857 1626 890 ut
1648 848 1726 891 ha·-

342 918 462 961 beret
488 933 679 960 uxorem.
710 921 953 975 Antequam
983 916 1343 969 concumberent,
1376 931 1543 975 pressus
1573 932 1726 961 somno

340 997 380 1031 et
409 988 582 1031 territus
613 987 797 1038 somnio,
824 985 1013 1030 Sitifensi
1036 987 1237 1045 episcopo
1266 989 1462 1030 eamdem
1493 987 1728 1030 vehemen-

339 1058 500 1101 tissime
524 1058 782 1117 requirenti,
809 1058 1029 1102 revocavit
1062 1058 1283 1100 intactam.
1310 1059 1475 1100 Vivunt
1512 1057 1654 1101 adhuc
1674 1056 1737 1105 der

339 1129 501 1187 quibus
520 1128 692 1188 loquor.
718 1127 797 1171 Ille
821 1129 1059 1186 baptizatus
1079 1138 1120 1171 et
1149 1129 1241 1186 ipso
1262 1128 1306 1170 in
1327 1143 1370 1170 se
1392 1127 1506 1171 facto
1525 1129 1729 1173 miraculo

339 1214 572 1244 conversus
602 1199 657 1242 ad
688 1199 940 1251 Dominum,
967 1199 1020 1242 ad
1043 1199 1339 1257 episcopatum
1367 1198 1603 1242 venerabili
1625 1214 1728 1258 pro-

342 1270 478 1314 bitate
500 1269 795 1328 pervcnit,illa
817 1270 860 1312 in
880 1279 1024 1313 sancta
1048 1269 1259 1314 viduitate
1282 1269 1483 1328 persistit.

398 1343 460 1384 40.
476 1341 590 1393 Quid
613 1350 756 1384 autem
784 1341 963 1384 dixerim
987 1349 1135 1384 contra
1162 1343 1370 1384 Faustum
1390 1329 1738 1399 Manichaeurn¹3v

339 1427 437 1455 cum
478 1398 962 1470 calumniaretur-patri
992 1412 1176 1455 Abrahae
1196 1447 1206 1463 ,
1246 1401 1363 1470 (iuod
1395 1427 1569 1454 uxorem
1603 1427 1727 1456 suam

342 1482 516 1526 duobus
537 1484 707 1541 regibus
730 1484 780 1525 ad
805 1483 1086 1526 concubitum
1112 1482 1393 1535 venditasset,
1413 1483 1606 1526 indicant
1628 1498 1726 1542 quae

339 1553 505 1613 subjeci
534 1573 542 1598 2
569 1553 695 1606 Quod
716 1562 859 1596 autem
886 1554 1070 1612 justum,
1094 1553 1288 1611 inquam,
1319 1562 1360 1596 ct
1389 1552 1558 1596 fidelem
1585 1553 1726 1597 virum

339 1625 602 1668 matrimonii
641 1625 706 1667 sui
744 1621 1074 1666 infamissimum
1115 1624 1453 1667 nundinatorem
1487 1623 1725 1682 appellans,

341 1695 535 1738 avaritiae
559 1710 607 1738 ac
631 1694 794 1737 ventris
817 1710 943 1737 causa
970 1694 1143 1751 duobus
1172 1694 1345 1752 regibus
1365 1729 1376 1748 ,
1401 1693 1655 1738 Abimelech
1679 1709 1728 1739 ac

342 1765 581 1819 Pharaoni,
622 1764 799 1809 diversis
837 1766 1106 1823 temporibus
1144 1767 1290 1809 Saram
1333 1768 1564 1825 conjugem
1603 1780 1727 1809 suam

342 1851 531 1880 sororem
559 1830 804 1889 mentitum,
821 1836 919 1894 quia
937 1845 1028 1878 crat
1051 1834 1358 1894 pulcherrima,
1375 1835 1419 1878 in
1441 1835 1726 1882 concubitum

343 1908 493 1951 asserit
517 1907 758 1950 venditasse
779 1927 791 1963 3
823 1922 911 1950 non
944 1922 1017 1950 ore
1049 1907 1236 1950 veridico
1259 1922 1280 1949 a
1307 1906 1578 1965 turpitudine
1599 1922 1725 1965 sepa-

344 1989 408 2022 rat
434 1980 717 2030 honestatem,
739 1979 813 2021 sed
838 1993 911 2021 ore
933 1977 1142 2020 maledico
1168 1974 1304 2020 totum
1329 1978 1456 2019 vertit
1481 1979 1521 2020 in
1545 1966 1721 2022 crimen.

345 2051 438 2093 Hoc
472 2048 586 2091 enim
618 2048 803 2092 Abrahae
826 2047 988 2090 tactum
1013 2047 1227 2091 lenocinio
1256 2046 1393 2090 simile
1419 2048 1618 2101 videtur,
1649 2046 1726 2097 sed

345 2135 434 2163 non
469 2117 717 2162 valentibus
740 2133 790 2161 ex
814 2117 928 2161 illius
959 2130 1130 2160 aeternae
1165 2117 1270 2176 legis
1302 2118 1467 2161 lumine
1490 2134 1512 2162 a
1542 2119 1725 2177 peccatis

347 2199 461 2235 recte
495 2189 607 2233 facta
640 2189 905 2244 discernere,
931 2189 1090 2249 quibus
1117 2199 1159 2233 et
1190 2190 1453 2244 constantia,
1489 2189 1726 2249 pertinacia

343 2261 481 2307 videri
506 2269 646 2321 potest
668 2282 679 2319 3
703 2271 746 2305 ct
767 2262 902 2306 virtus
924 2260 1110 2315 fiduciae,
1136 2261 1287 2305 vitium
1310 2271 1487 2320 putatur
1503 2260 1723 2319 audaeiae3

345 2342 387 2377 et
411 2348 701 2393 quaecumque
721 2331 916 2376 similiter
932 2332 1196 2391 objiciuntur
1217 2332 1338 2392 quasi
1358 2347 1444 2376 non
1463 2341 1577 2376 recte
1597 2348 1726 2391 agen·

343 2404 460 2449 tibus
479 2420 501 2448 a
524 2418 612 2448 non
636 2413 749 2447 recte
770 2404 1061 2447 cernentibus.
1089 2406 1238 2464 Neque
1260 2404 1375 2447 enim
1401 2403 1619 2448 Abraham
1640 2403 1722 2448 ssa·
1774 2392 1778 2407 ³

345 2475 450 2534 gitio
478 2475 695 2519 consensit
717 2474 880 2530 uxoriS,
905 2475 1090 2534 ejusque
1105 2474 1302 2520 vendidit
1329 2474 1589 2519 adulterium
1613 2493 1622 2518 :
1645 2472 1722 2519 sed
1771 2490 1790 2517 ;·.

390 2563 437 2593 Ex
453 2560 510 2592 lib.
528 2570 593 2594 xxn
607 2564 720 2594 contra
736 2562 898 2601 Faustum,
917 2570 988 2602 cap.
1006 2559 1058 2592 33.
