1790 3187
337 191 390 216 DE
423 190 526 217 ocro
559 190 749 217 DULelTu
782 191 1112 227 QUAEsriomnus.
1336 182 1420 221 237

0 269 12 319 r
33 255 163 316 possit
185 253 395 312 intelligi,
427 269 577 298 omnes
603 255 800 299 homines
824 256 901 315 qui
935 257 1089 301 vivunt
1115 255 1184 300 vel
1216 266 1314 316 post
1343 273 1421 302 nos

0 344 11 395 i*
31 325 187 370 victuri
213 333 342 379 sunt,
374 340 463 368 esse
485 325 717 370 morituros
735 361 745 381 ‚
779 327 1038 385 corrigerem
1067 325 1187 386 quod
1216 327 1315 371 hinc
1344 328 1422 373 ali-

0 412 9 444 {¹
31 394 206 456 quando
232 393 356 438 aliter
383 395 509 438 sensi.
538 398 689 456 Neque
716 396 831 439 enim
861 395 1070 440 debemus
1094 412 1184 440 esse
1209 396 1422 443 indociles

0 481 12 513 :r
32 467 254 523 doctores3
280 474 323 509 et
340 474 454 510 certe
476 465 632 509 melius
661 466 794 510 homo
811 467 1042 525 corrigitur
1072 482 1229 527 pravus
1246 502 1257 523 ‚
1286 484 1421 528 quam

0 554 5 582 ι
32 535 246 595 frangitur
268 538 402 580 durus
433 552 442 578 :
476 553 579 581 cum
601 537 651 581 iis
684 553 784 597 quae
816 538 1070 594 scribimus,
1095 539 1155 583 ita
1182 548 1327 584 nostra
1349 539 1420 584 vel

0 609 4 652 i
31 607 212 652 aliorum
235 617 486 651 exerceatur
512 617 555 652 et
584 607 809 652 erudiatur
839 609 1067 653 infirmitas
1085 644 1096 665 ‚
1128 619 1178 654 ut
1199 618 1346 654 tamen
1374 609 1420 654 in

0 700 6 725 e
31 678 90 724 eis
112 678 231 722 nulla
256 678 376 723 velut
398 679 608 724 canoniea
631 680 924 724 constituatur
939 681 1187 726 auctoritas.

89 754 150 792 4⁰.
180 750 223 794 Si
256 759 399 793 autem
422 751 464 794 in
489 751 553 794 his
580 751 721 794 verbis
744 751 942 810 Apostoli
969 751 1117 796 nullus
1140 752 1249 797 alius
1271 767 1420 798 sensus

0 842 3 862 ι
31 822 190 881 poterit
219 823 421 880 reperiri,
459 830 502 865 et
534 822 618 865 hoc
640 837 738 866 eum
761 823 943 880 intelligi
967 823 1151 867 voluisse
1183 823 1416 879 claruerit,

0 910 6 936 ι
29 891 149 952 quod
175 892 379 935 videntur
406 892 497 950 ipsa
530 892 663 935 verba
694 893 910 950 clamare3
938 892 983 935 id
1006 903 1096 947 est,
1127 894 1247 953 quod
1282 893 1419 938 futuri

0 955 5 1008 i
31 963 113 1008 sint
135 963 179 1006 in
202 963 287 1006 fine
308 962 454 1006 saeculi
483 971 525 1006 et
547 962 739 1007 adventu
764 964 962 1019 Domini,
992 965 1068 1024 qui
1088 980 1176 1008 non
1196 964 1421 1024 expolien-

0 1050 2 1073 ε
30 1042 100 1078 tur
122 1048 303 1092 corpore
319 1068 329 1086 ‚
350 1032 425 1076 sed
447 1032 819 1092 superinduantur
836 1033 1162 1077 immortalitate
1177 1069 1188 1089 ‚
1210 1043 1259 1078 ut
1276 1035 1420 1079 absor-

0 1127 6 1145 ,·
31 1105 181 1150 beatur
205 1104 387 1148 mortale
406 1120 428 1147 a
452 1105 536 1148 vita
564 1123 574 1149 ι
599 1105 701 1149 huic
728 1106 954 1149 sententiae
977 1104 1130 1164 procul
1151 1105 1287 1150 dubio
1311 1122 1420 1151 con-

0 1191 3 1221 ἰ
30 1176 199 1229 veniet,
226 1176 345 1235 quod
367 1174 413 1218 in
436 1174 603 1233 Regula
627 1174 727 1219 fidei
761 1177 1043 1231 confitemur,
1073 1186 1306 1221 venturum
1332 1181 1420 1222 Do-

0 1265 6 1291 1
30 1246 194 1290 minum
211 1281 222 1300 ‚
241 1246 540 1306 judicaturum
561 1246 682 1290 vivos
704 1256 747 1291 et
765 1257 957 1292 mortuos
985 1267 992 1292 :
1018 1256 1068 1291 ut
1090 1263 1178 1292 non
1196 1248 1266 1292 hic
1288 1248 1420 1292 intel-

0 1333 6 1369 ζ’
30 1316 211 1377 ligamus
241 1318 360 1362 vivos
386 1318 546 1377 justOS‚
578 1327 774 1362 mortuos
807 1328 951 1362 autem
986 1319 1190 1379 injustos,
1224 1320 1422 1378 quamvis

0 1388 248 1450 {judicandi
280 1390 364 1433 sint
389 1388 497 1448 justi
529 1397 573 1432 et
604 1389 780 1449 injusti3
815 1389 890 1433 sed
925 1390 1044 1433 vivos
1076 1406 1186 1449 quos
1222 1390 1422 1434 nondum

0 1462 4 1502 i
32 1460 196 1513 exiisse,
229 1470 422 1504 mortuos
447 1467 594 1502 autem
627 1476 737 1519 quos
754 1461 844 1520 jam
881 1460 1028 1504 exiisse
1061 1460 1116 1504 de
1138 1462 1418 1521 corporibus,

0 1550 1 1555 ¹
32 1531 242 1576 adventus
276 1533 367 1592 ejus
398 1532 608 1577 inveniet.
640 1534 750 1584 Quae
778 1532 811 1574 si
842 1532 901 1575 ita
935 1546 1024 1575 esse
1056 1533 1322 1586 constiterit,
1350 1532 1423 1576 illa

0 1547 160 1652 iiverba
189 1602 448 1647 excutienda
483 1612 612 1647 erunt
640 1601 863 1662 quomodo
896 1603 956 1645 sic
991 1602 1273 1662 accipiamus,
1309 1621 1328 1644 «
1358 1605 1423 1646 Tu

0 1690 5 1741 ι
35 1691 54 1715 »
71 1674 396 1734 quodseminas‚
412 1674 767 1727 nonvivificatur‚
781 1673 861 1716 nisi
876 1673 1105 1717 moriatur:
1122 1692 1141 1714 »
1155 1682 1213 1728 et,
1230 1675 1424 1718 «Omnes

0 1771 3 1787 .
36 1765 53 1786 »
70 1760 358 1803 resurgemus,
375 1745 479 1799 sive,
506 1747 667 1789 Omnes
689 1743 977 1788 dormiemus²
1002 1762 1011 1788 z
1041 1762 1060 1784 »
1088 1753 1135 1787 ut
1152 1759 1239 1788 non
1264 1744 1423 1788 adver-

0 1835 3 1860 1
31 1826 178 1860 sentur
199 1817 302 1860 huic
324 1817 551 1860 sententiae
569 1851 580 1871 ‚
601 1832 686 1875 qua
707 1816 887 1875 quidam
910 1815 1150 1860 creduntur
1173 1816 1303 1860 etiam
1322 1831 1424 1860 cum

0 1909 1 1913 ¹
31 1887 114 1931 suis
141 1887 396 1946 corporibus
418 1887 462 1930 in
485 1896 698 1930 aeternum
722 1902 812 1931 non
834 1895 1003 1943 gustata
1026 1896 1165 1930 morte
1186 1887 1360 1930 victuri.

0 1975 1 1981 ¹
20 1945 24 2012 1
91 1960 152 2003 5⁰.
190 1958 274 2003 Sed
299 1958 558 2002 utrumlibet
579 1958 737 2001 horum
765 1958 958 2001 veracior
981 1966 1024 2001 et
1046 1958 1334 2017 perspicacior
1355 1957 1422 2001 in-

0 2032 2 2070 Ξ
33 2029 228 2074 tellectus
250 2030 520 2083 inveniatur,
544 2029 652 2089 quid
682 2028 737 2073 ad
759 2044 932 2073 causam
957 2029 1196 2088 pertinebit
1216 2030 1422 2085 istorum,

0 2122 2 2138 1
34 2100 118 2145 sive
135 2115 284 2144 omnes
301 2099 449 2144 debita
467 2109 606 2144 morte
624 2099 874 2159 plectantur
890 2134 901 2154 ,
922 2100 1010 2144 sive
1032 2099 1254 2160 aliquibus
1271 2101 1326 2143 ab
1343 2100 1425 2144 hac

35 2169 282 2216 conditione
303 2179 529 2229 parcatur3
551 2185 652 2214 eum
676 2179 822 2214 tamen
844 2178 1015 2214 constet
1037 2185 1126 2214 non
1147 2168 1289 2214 solum
1312 2185 1424 2214 mor-

36 2250 119 2285 tem
139 2241 321 2297 animae,
343 2256 495 2285 verum
516 2241 645 2284 etiam
669 2241 861 2300 corporis
880 2249 1127 2284 secuturam
1152 2255 1242 2283 non
1265 2238 1420 2296 fuisse,

36 2311 68 2356 si
89 2322 316 2371 peceatum
340 2327 427 2355 non
457 2311 766 2370 praecessisset,
799 2321 842 2354 et
865 2312 1014 2370 gratiae
1044 2310 1306 2354 mirabiliore
1332 2311 1422 2355 vir-

36 2390 126 2426 tute
145 2384 283 2444 justos
304 2399 325 2425 a
349 2392 488 2426 morte
507 2382 561 2426 ad
583 2390 793 2426 aeternam
814 2380 1128 2425 beatitudinem
1148 2381 1419 2437 reviviscere,

37 2468 164 2514 quam
196 2454 243 2498 in
277 2455 427 2498 mortis
459 2453 767 2514 experientiam
796 2469 886 2498 non
916 2452 1092 2497 venire?
1115 2455 1220 2497 Haec
1243 2461 1422 2512 propter

83 2544 94 2560 ¹
118 2549 130 2571 1
153 2540 224 2572 Cor.
249 2549 305 2580 xv,
329 2538 371 2571 36
389 2543 423 2571 et
442 2538 496 2571 51.
