1790 3187
558 237 757 266 Erisoeom
790 239 916 267 xxm.
1351 225 1430 266 351

46 306 206 367 quibus
241 304 542 358 denuntiatur,
576 319 728 348 cavere
765 303 1024 360 noluerint,
1060 303 1314 347 vestimenta
1340 318 1435 347 mea

46 386 246 422 excutere
282 386 414 437 atque
442 374 678 420 discedere.
719 378 827 419 Turn
863 391 965 419 vero
1007 375 1216 419 Dominus
1247 374 1437 419 ostendit

45 447 163 509 quod
182 463 256 491 nos
274 463 361 492 non
379 447 564 501 deserat,
585 456 627 490 et
649 446 811 506 quibus
831 447 968 490 modis
989 448 1030 489 in
1057 461 1101 490 se
1123 455 1170 489 ut
1200 461 1435 504 praesuma-

46 534 141 563 mus
164 518 373 571 hortetur,
400 532 589 577 namque
612 527 712 561 ante
738 517 905 571 horam,
921 533 1006 576 qua
1029 516 1260 560 exhedram
1287 531 1436 560 aseen-

45 589 271 644 deremus,
296 590 472 648 ingressi
504 599 606 633 sunt
637 589 690 632 ad
715 604 783 632 me
805 589 934 632 iidem
956 589 1053 648 ipsi,
1079 603 1188 649 quos
1210 588 1433 632 audieram

45 660 100 704 de
115 661 442 719 oppugnatione
456 668 638 704 vetuztae
651 658 979 703 consuetudinis
994 658 1124 703 tuisse
1143 667 1402 718 conquestos
1421 678 1430 703 ε

44 745 153 791 quos
173 730 330 775 blande
352 740 567 790 acceptOS,
594 730 742 790 paucis
765 731 907 774 verbis
930 731 973 773 in
997 730 1254 774 sententiam
1285 744 1434 773 sanam

43 800 244 846 transtuli
271 821 280 846 z
306 811 438 861 atque
461 802 533 845 uhi
558 812 739 846 ventum
770 811 834 845 est
864 801 918 844 ad
940 810 1109 860 tempus
1133 800 1437 860 disputationis

43 873 195 917 omissa
213 871 416 927 lectione,
435 889 567 933 quam
593 887 954 931 praeparaveram,
972 874 1072 931 quia
1089 872 1325 915 necessaria
1344 872 1436 930 jain

42 959 130 988 non
161 944 406 1000 videbatur,
427 945 564 987 dehac
582 945 671 1003 ipsa
695 943 938 1002 quaestione
954 957 1088 1000 pauca
1106 942 1310 995 disserui,
1328 940 1437 985 nihil

42 1031 120 1060 nos
143 1031 220 1060 nee
245 1017 417 1059 brevius
446 1031 526 1059 nec
551 1017 690 1058 verius
720 1030 844 1073 posse
867 1013 1023 1058 afferre
1045 1013 1248 1057 adversus
1267 1028 1339 1057 eos
1361 1014 1436 1072 qui

43 1085 216 1132 dicunt:
239 1089 381 1140 Quare
403 1086 551 1141 modo,
572 1086 650 1129 nisi
670 1095 712 1128 et
732 1101 810 1129 nos
834 1084 1044 1135 dicamus,
1069 1083 1147 1127 Vel
1167 1084 1313 1127 modo.

102 1159 180 1202 IX.
219 1160 533 1202 Verumtamen
563 1173 618 1201 nc
640 1156 726 1208 illi,
751 1157 826 1217 qui
862 1166 963 1200 ante
997 1171 1074 1199 nos
1098 1165 1184 1199 tam
1208 1154 1437 1199 manifesta

43 1228 252 1287 imperitae
281 1228 579 1272 multitudinis
605 1229 784 1273 crimina
810 1228 877 1271 vel
899 1229 1214 1287 permiserunt,
1241 1227 1309 1270 vel
1334 1241 1436 1285 pro-

43 1299 193 1344 hibere
225 1316 313 1343 non
337 1301 428 1343 ausi
456 1310 583 1353 sunt,
622 1299 768 1359 aliqua
801 1315 824 1342 a
859 1300 985 1342 nohis
1023 1299 1137 1342 allici
1171 1297 1438 1342 contumelia

12 1407 13 1411 ,
43 1369 322 1424 viderentur,
360 1372 536 1430 exposui
569 1371 627 1414 eis
656 1386 743 1430 qua
774 1370 1027 1413 necessitate
1055 1369 1133 1412 ista
1167 1369 1210 1411 in
1250 1367 1439 1412 Ecclesia

12 1482 13 1485 ,
43 1440 295 1485 viderentur
317 1451 463 1485 exorta
488 1461 496 1485 ε
521 1441 681 1485 scilieet
703 1450 801 1500 post
825 1440 1146 1500 persecutiones
1174 1448 1256 1483 tam
1281 1439 1439 1482 mattas

12 1516 13 1522 ’
47 1519 225 1571 temque
245 1513 645 1570 vehenientes(12)‚
666 1528 765 1556 cum
786 1512 898 1556 lacta
917 1527 1039 1570 paee,
1057 1513 1198 1554 turbae
1212 1510 1438 1569 gentilium

45 1581 88 1626 in
106 1584 403 1627 Christianum
419 1600 578 1628 nomen
596 1584 743 1627 venire
758 1583 984 1641 cupientes
1002 1583 1084 1626 hoe
1102 1582 1435 1641 impedirentur,

46 1655 164 1713 quod
194 1654 284 1698 dies
315 1654 445 1699 festos
478 1670 578 1699 eum
608 1653 736 1698 idolis
760 1655 846 1698 suis
879 1653 1069 1697 sol=·rent
1100 1654 1144 1696 in
1169 1653 1438 1697 abundantia

11 1738 15 1786 Ι
46 1724 272 1784 epularum
298 1735 340 1770 et
359 1726 569 1770 ebrietate
589 1741 861 1779 consumere,
880 1741 960 1768 nec
979 1724 1105 1768 facile
1128 1725 1182 1768 ab
1207 1725 1270 1767 his
1292 1723 1439 1782 perni-

12 1808 15 1855 ξ
46 1796 292 1840 ciocissimis
326 1806 370 1840 et
396 1807 484 1841 tam
517 1797 814 1841 vetustissimis
847 1795 1148 1855 voluptatibus
1184 1811 1229 1839 se
1264 1805 1439 1854 possent

11 1857 15 1909 i
47 1866 288 1922 abstinere,
317 1868 456 1911 visum
483 1866 612 1910 fuisse
644 1867 881 1926 majoribus
907 1866 1084 1919 nostris,
1111 1876 1160 1909 ut
1190 1867 1291 1910 huie
1316 1866 1439 1909 insir-

49 1938 209 1981 mitatis
233 1938 343 1996 parti
372 1939 543 1982 interim
568 1948 834 1996 parceretur,
862 1937 1041 1997 diesque
1064 1936 1193 1981 festos
1211 1973 1221 1991 ,
1248 1946 1344 1997 post
1367 1953 1438 1982 eos

11 2020 14 2067 J
49 2023 156 2068 quos
172 2008 496 2069 relinquebant,
514 2009 618 2053 alios
638 2009 681 2052 in
701 2009 909 2052 honorem
929 2018 1176 2052 sanctorum
1195 2011 1439 2066 Martyrum

11 2082 15 2115 ἱ
50 2079 118 2124 vel
137 2096 228 2125 non
251 2080 379 2125 simili
403 2080 641 2139 sacrilegio,
668 2080 866 2141 quamvis
886 2078 1013 2123 simili
1035 2079 1143 2123 luxu
1166 2079 1438 2124 celebraren-

51 2152 253 2212 turzjam
280 2152 438 2197 Christi
468 2152 645 2195 nomine
674 2150 918 2209 conligatis,
944 2160 988 2194 et
1010 2160 1143 2194 tantae
1172 2151 1439 2194 auctoritatis

46 2220 150 2281 jugo
173 2223 355 2266 subditis
392 2222 593 2266 salutaria
621 2222 866 2266 sobrietatis
894 2230 1113 2280 praecepta
1143 2220 1436 2276 traderentur,

52 2294 208 2352 quibus
244 2297 334 2354 jam
366 2304 543 2354 propter
578 2294 865 2353 praecipientis
904 2293 1112 2336 honorem
1150 2308 1198 2336 ae
1236 2293 1438 2336 timorem

52 2365 243 2409 resistere
263 2382 351 2409 non
375 2364 568 2409 valerent
598 2384 606 2409 ε
632 2365 834 2425 quocirca
856 2366 944 2424 jam
971 2373 1140 2421 tempus
1163 2379 1268 2417 esse,
1295 2374 1342 2407 ut
1363 2365 1440 2423 qui

53 2449 138 2479 non
175 2453 219 2481 se
252 2438 416 2481 audent
457 2452 616 2495 negare
656 2436 958 2489 Christianos,
1003 2434 1244 2478 secundum
1280 2434 1440 2479 Christi

52 2505 319 2552 voluntatem
344 2508 486 2552 vivere
511 2508 736 2566 incipiant,
763 2517 811 2551 ut
844 2523 890 2550 ea
929 2522 1027 2566 quae
1053 2516 1099 2550 ut
1124 2515 1266 2551 essent
1288 2507 1438 2551 Chris-

55 2576 155 2624 tiani
172 2595 372 2625 concessa
390 2589 508 2634 sunt,
530 2595 630 2623 eum
648 2579 882 2624 Christiani
906 2586 1024 2629 suut,
1046 2588 1321 2637 respuantur.
