1790 3187
311 200 363 227 οε
397 200 584 226 nivssnffls
617 178 773 235 Qu'ffis‘r.
811 184 959 226 oc‘r'oc.
996 200 1159 226 TRIBUS.
1265 219 1269 223 .
1350 188 1429 226 133

47 268 200 313 animae
213 274 436 317 naturam,
459 279 556 322 quae
576 263 718 307 Verbo
740 263 918 307 inferior
934 272 1023 317 est,
1049 278 1182 307 carne
1198 277 1299 307 vero
1317 278 1430 321 prze-

46 337 238 383 stantior.
266 334 402 393 Magis
421 334 536 377 enim
559 332 838 377 commendat
866 333 1157 378 humilitatem
1178 367 1188 388 ,
1213 333 1316 392 quia
1337 332 1431 378 dic·

14 426 17 461 ι
48 418 138 454 tum
154 415 242 461 est,
261 423 281 447 «
301 404 494 448 Verbum
517 419 617 449 οπο
635 403 799 448 factum
821 413 883 448 est
909 438 919 458 ‚
948 422 968 445 »
990 403 1170 463 quamsi
1185 402 1426 459 diceretur,

15 467 17 476 Ι
47 477 238 524 Verbum
261 476 393 521 homo
424 475 590 519 facturn
619 483 696 518 est.
734 477 840 520 Nam
862 475 896 518 si
931 475 1059 519 nimis
1082 475 1175 518 haec
1202 474 1431 519 intuentur

44 549 173 596 verba
188 582 199 602 ‚
217 555 360 607 potest
378 546 485 590 alius
511 562 601 590 non
619 546 762 590 minus
785 561 1008 604 perversus
1026 561 1077 590 ex
1094 546 1183 590 istis
1206 545 1349 590 verbis
1371 546 1431 590 ita

45 618 295 665 calumniari
310 616 410 661 fidei
425 626 598 671 nostrae,
615 625 664 661 ut
681 616 798 661 dicat
812 618 822 660 i
829 616 1153 676 psumVerbum
1172 632 1428 662 conversum

45 699 86 735 et
103 697 421 734 commutatum
439 703 528 733 esse
545 689 588 732 in
610 702 802 742 carnem,
823 688 1070 732 etVerbum
1089 702 1179 732 esse
1194 686 1428 738 destitisse;

45 761 144 822 quia
170 760 376 819 scripturn
407 768 470 803 est
498 778 506 804 :
545 778 565 801 «
591 760 787 803 Verbum
815 774 915 804 οπο
945 758 1109 803 factum
1129 768 1191 804 est
1218 778 1227 803 :
1260 778 1280 801 »
1318 760 1430 803 sicut

45 848 142 878 caro
163 832 376 886 humana,
399 846 498 876 cum
522 831 570 875 fit
593 831 720 887 cinis,
747 845 836 875 non
858 839 922 874 est
939 845 1040 875 caro
1063 839 1106 874 et
1121 829 1229 874 cinis
1244 864 1255 885 ,
1281 829 1357 874 sed
1379 845 1430 874 ex

43 918 167 950 carne
196 902 316 946 cinis.
342 905 399 946 Et
431 902 670 946 secundum
699 901 909 961 loquendi
936 901 1117 945 modum
1142 900 1430 944 consuetudi-

42 988 229 1034 nemque
245 972 548 1027 celebriorem,
570 971 786 1032 quidquid
810 972 858 1016 fit
882 972 1002 1031 quod
1020 987 1109 1016 non
1132 980 1246 1025 erat,
1271 970 1431 1016 desinit

43 1060 130 1091 esse
155 1044 276 1105 quod
308 1053 413 1089 erat.
439 1047 528 1089 Nec
555 1052 702 1088 tamen
731 1043 790 1087 ita
814 1043 908 1087 haec
945 1044 1078 1088 verba
1109 1042 1394 1101 intelligimus
1416 1063 1429 1099 ς

41 1116 115 1161 sed
129 1115 257 1160 etiam
278 1115 357 1174 ipsi
378 1115 606 1160 nobiscum
625 1115 684 1159 ita
706 1114 979 1173 intelligunt,
996 1123 1046 1158 ut
1063 1123 1268 1158 manente
1283 1114 1431 1158 Verbo

41 1186 159 1248 quod
178 1196 240 1231 est
262 1221 272 1241 ‚
296 1201 345 1230 ex
377 1201 428 1231 eo
455 1185 576 1245 quod
605 1186 772 1245 accepit
799 1185 982 1230 formam
1011 1186 1148 1240 servi,
1174 1201 1264 1229 non
1294 1200 1344 1228 ex
1379 1199 1431 1230 eo

41 1257 159 1317 quod
190 1257 236 1300 in
262 1257 383 1301 illam
410 1256 595 1301 formam
618 1256 760 1316 aliqua
793 1256 1034 1300 mutatione
1065 1271 1324 1300 conversum
1347 1265 1427 1310 est,

42 1327 204 1372 dictum
229 1328 282 1372 sit
306 1346 315 1372 :
345 1346 365 1369 «
391 1327 587 1371 Verbum
610 1342 709 1371 caro
740 1327 903 1371 luctum
930 1335 1008 1370 est.
1039 1345 1058 1366 »
1084 1325 1250 1370 Deinde
1273 1327 1306 1370 si
1329 1326 1431 1369 ubi-

42 1414 227 1458 cumque
249 1414 347 1443 caro
371 1398 503 1442 fuerit
525 1399 746 1443 nominata
769 1408 812 1442 et
834 1397 977 1441 anima
1001 1396 1129 1441 tacita
1147 1432 1158 1451 ,
1178 1397 1236 1441 sic
1264 1396 1431 1440 intelli-

42 1468 230 1528 gendum
259 1478 352 1523 est,
389 1479 439 1513 ut
468 1469 610 1513 anima
638 1469 697 1512 ibi
732 1484 820 1512 non
853 1482 944 1511 esse
976 1466 1180 1511 credatur
1203 1502 1214 1520 ,
1254 1482 1336 1511 nec
1367 1467 1430 1510 illi

41 1539 267 1595 habebunt
300 1539 489 1583 animam
512 1538 565 1583 de
590 1539 751 1599 quibus
788 1538 954 1582 dictum
985 1547 1048 1582 est
1076 1556 1084 1582 :
1114 1556 1131 1577 «
1175 1541 1231 1582 Et
1264 1536 1431 1582 videbit

45 1628 64 1653 »
84 1611 221 1654 omnis
237 1625 337 1655 caro
355 1609 542 1654 salutare
561 1610 638 1655 Dei
656 1613 714 1654 ¹.»
734 1613 789 1654 Et
807 1609 916 1653 illud
934 1609 979 1653 in
996 1609 1169 1654 Psalmo
1192 1628 1236 1654 :«
1257 1609 1430 1653 Exaudi

45 1697 230 1740 »preces
261 1697 401 1737 meas,
441 1682 496 1725 ad
523 1691 563 1726 te
592 1682 731 1726 omnis
759 1697 858 1726 οπο
881 1681 1026 1725 veniet
1057 1684 1089 1723 ².
1119 1698 1139 1721 »
1172 1683 1229 1724 Et.
1249 1679 1362 1724 illud
1385 1681 1430 1724 in

41 1752 275 1810 Evangelio
297 1771 305 1796 :
338 1772 356 1793 «
385 1753 504 1797 Sicut
523 1752 680 1796 dedisti
703 1753 741 1795 ei
760 1760 1018 1811 potestatem
1043 1751 1181 1795 omnis
1199 1751 1353 1805 carnis,
1380 1759 1431 1794 ut

43 1840 61 1863 »
89 1837 218 1866 omne
240 1823 360 1881 quod
393 1822 548 1866 dedisti
575 1823 644 1877 ei,
686 1837 775 1866 non
802 1831 950 1881 percat
969 1857 980 1876 ‚
1006 1820 1082 1866 sed
1106 1821 1266 1864 habeat
1296 1821 1430 1865 vitam

44 1910 63 1933 »
89 1893 367 1936 aeternam3.»
385 1893 510 1936 Unde
528 1893 800 1951 intelligitur,
813 1892 949 1936 solere
971 1891 1168 1935 homines
1189 1905 1267 1950 per
1284 1890 1431 1935 nomi-

41 1962 258 2006 nationem
273 1961 404 2006 solius
424 1963 562 2006 carnis
582 1963 826 2020 significari,
843 1972 893 2007 ut
914 1961 1155 2006 secundum
1175 1962 1288 2005 hanc
1302 1961 1429 2006 locu-

42 2032 200 2076 tionem
220 2032 348 2076 etiam
371 2032 481 2077 illud
505 2033 636 2092 possit
661 2032 847 2092 intelligi
871 2054 881 2090 3
902 2042 973 2087 ut,
998 2031 1119 2092 quod
1141 2032 1309 2076 dictum
1330 2041 1393 2076 est
1414 2048 1423 2074 :

21 2125 25 2168 ἰ
45 2121 66 2145 ιι
90 2103 280 2147 Verbum
299 2119 398 2148 caro
417 2103 581 2148 factum
601 2113 709 2158 est,»
727 2103 834 2147 nihil
855 2105 909 2148 sit
930 2104 1114 2159 dictum,
1136 2104 1217 2147 nisi
1232 2103 1426 2147 Verbum

43 2174 170 2218 homo
194 2175 360 2219 factum
383 2185 461 2219 est.
491 2176 609 2220 Sicut
642 2176 757 2218 enim
785 2191 807 2219 a
837 2184 959 2234 parte
988 2184 1130 2219 totum
1165 2174 1427 2233 plerumque

23 2577 26 2612 Ι

42 2245 259 2291 nominata
280 2247 369 2291 sola
398 2248 541 2290 anima
572 2247 705 2291 homo
726 2245 985 2304 intelligitur
1009 2281 1020 2300 ,
1052 2246 1162 2290 sicut
1187 2254 1251 2289 est
1281 2244 1424 2301 illud3

47 2335 66 2359 ιι
90 2319 170 2362 Tot
198 2318 352 2363 animae
376 2317 694 2363 descenderunt
722 2318 767 2362 in
790 2320 1032 2378 AEgyptum
1063 2318 1078 2341 4
1107 2335 1115 2361 :
1144 2334 1164 2358 >›
1199 2317 1257 2360 sic
1278 2331 1426 2360 rursus

87 2428 98 2446 ¹
123 2429 198 2459 Luc.
218 2439 268 2469 ηπ,
286 2428 318 2460 6.
335 2447 376 2452 -
393 2435 405 2451 ²
434 2429 514 2462 psal.
536 2440 620 2470 Lxxv,
643 2430 673 2462 3.
693 2447 734 2452 —-
752 2427 764 2452 3
793 2430 883 2461 Joan.
907 2439 987 2469 xvii,
1006 2436 1037 2460 ¹).
1054 2444 1096 2452 -—
1112 2425 1129 2457 4
1150 2429 1228 2461 Gen.
1254 2438 1346 2465 wa,
1366 2434 1421 2465 22,

46 2487 79 2514 et
95 2480 192 2516 Exod.
211 2495 232 2523 1,
253 2484 283 2516 5.
