1790 3187
14 2563 17 2596 ,

12 2601 16 2800 ἒ

12 2801 15 2895 9

243 175 295 201 DE
330 174 516 200 mvEnffls
547 173 704 208 QuAEs‘r.
744 172 796 198 AD
827 173 1082 199 SIMPLH'AAN.
1122 173 1202 198 Lm.
1243 175 1268 199 1.
1373 165 1448 200 183

75 253 207 301 quam
224 246 356 283 totam
372 245 415 280 et
435 251 562 280 unam
581 237 926 295 conspersionem
944 237 1141 296 originali
1161 247 1279 280 reatu
1298 238 1342 280 in
1365 253 1453 282 om-

77 311 146 355 nia
160 316 439 369 permanente
452 305 723 351 confuderat.
744 308 797 350 Et
823 316 965 350 tamen
989 307 1200 366 sequitur,
1225 325 1241 345 «
1270 310 1332 351 Ex
1356 308 1455 367 ipsis

80 399 100 422 »
125 377 343 424 benedixit
357 386 399 422 et
416 377 634 431 exaltavit,
654 386 697 420 et
713 392 764 420 ex
782 377 881 436 ipsis
896 377 1176 422 sanctificavit
1189 387 1232 420 et
1254 378 1307 421 ad
1320 394 1364 422 se
1379 394 1455 438 ap-

32 453 34 462 '
79 469 99 492 »
125 448 320 509 plicavit,
341 457 384 492 et
405 462 454 492 ex
477 447 577 507 ipsis
604 445 821 491 maledixit
841 457 882 492 et
899 448 1158 503 humiliavit,
1184 457 1226 493 et
1243 450 1456 493 convertit

80 540 100 563 η
124 519 217 564 illos
250 520 293 563 in
329 519 637 562 dissensionem
684 518 890 577 ipsorum.
930 538 950 560 »
988 521 1213 579 Tanquam
1247 519 1456 578 Apostolo

74 590 260 644 dicente,
280 607 300 631 «
320 591 389 633 An
412 603 500 633 non
518 588 650 632 habet
673 597 928 647 potestatem
960 588 1118 648 figulus
1135 589 1216 632 luti
1233 604 1283 632 ex
1304 588 1454 633 eadem

79 680 98 703 >i
122 660 424 719 conspersione
445 658 587 703 facere
609 658 727 703 aliud
744 675 816 703 vas
837 660 880 703 in
898 659 1124 715 honorem,
1148 659 1265 704 aliud
1288 660 1333 703 in
1350 676 1456 704 con-

78 751 96 774 »
122 729 371 776 tumeliam?
389 749 408 772 »
426 730 618 790 Ideoque
641 729 750 774 illud
770 729 891 790 quod
913 731 1172 786 contexitur,
1193 746 1272 775 nec
1294 730 1348 774 ab
1366 731 1456 791 ipsa

73 799 353 846 similitudine
380 811 503 845 vacat
530 820 540 845 :
576 801 708 854 Quasi
740 800 900 855 lutum,
926 801 1085 860 inquit,
1107 800 1229 859 figuli
1255 801 1300 845 in
1323 817 1455 846 manu

77 890 96 914 »
116 872 247 931 ipsius
265 871 476 931 plasmare
489 870 598 916 illud
613 880 656 916 et
667 872 908 930 disponere,
925 886 1076 916 omnes
1092 872 1174 915 viae
1190 873 1281 931 ejus
1296 887 1454 916 secun-

76 961 96 984 »
115 942 220 987 dum
237 941 561 1002 dispositionem
588 944 703 1001 ejus,
728 942 787 986 sic
808 942 940 986 homo
963 942 1004 985 in
1030 956 1163 984 manu
1180 939 1296 985 illius
1314 943 1388 1001 qui
1412 958 1456 986 se

75 1032 94 1056 »
114 1013 229 1057 fecit.
262 1031 281 1054 »
309 1013 391 1057 Sed
421 1012 520 1073 quia
547 1012 651 1057 dicit
676 1011 931 1071 Apostolus,
957 1011 1222 1072 «Numquid
1251 1012 1456 1072 iniquitas

74 1103 94 1126 η
115 1082 229 1143 apud
253 1085 423 1127 Deum?
443 1102 462 1124 η
485 1084 584 1128 vide
598 1093 640 1127 et
657 1084 728 1128 hic
750 1083 857 1143 quid
880 1082 1087 1143 adjungat
1110 1102 1117 1126 :
1142 1102 1161 1124 »
1186 1082 1356 1127 Reddet
1372 1083 1451 1139 illi,

78 1175 93 1196 »
116 1154 280 1214 inquit,
304 1153 769 1214 secundumjudicium
793 1170 937 1198 suum.
967 1173 985 1195 »
1010 1153 1089 1198 Sed
1116 1169 1216 1198 cum
1242 1154 1455 1198 damnatis

65 1225 178 1285 justa
197 1225 450 1269 tribuuntur
469 1225 702 1285 supplicia,
728 1235 872 1270 tamen
893 1225 992 1286 quia
1012 1225 1094 1269 hoc
1115 1226 1256 1284 ipsum
1270 1226 1315 1268 in
1328 1240 1453 1269 usum

70 1297 355 1352 convertitur,
374 1296 538 1357 quoilli
554 1298 779 1356 proficiant
801 1297 961 1357 quibus
979 1297 1199 1356 praebetur
1217 1297 1455 1340 misericor-

68 1367 154 1423 dia,
179 1367 356 1412 attende
378 1367 544 1428 reliqua
566 1387 574 1412 ε
600 1388 619 1410 «
644 1368 938 1421 Contrarium,
964 1368 1124 1426 inquit,
1146 1366 1260 1410 malo
1286 1367 1452 1410 bonum

72 1456 90 1477 »
115 1447 199 1492 est,
226 1447 269 1481 et
289 1447 441 1482 contra
462 1447 647 1482 mortem
666 1438 752 1482 vita
776 1458 784 1483 2
809 1439 868 1482 sic
890 1448 933 1482 et
954 1447 1103 1481 contra
1126 1437 1267 1481 virum
1286 1438 1452 1497 justum

71 1527 90 1550 η
116 1517 329 1568 peccator.
354 1511 410 1552 Et
432 1508 490 1552 sic
512 1508 683 1552 intuere
704 1509 748 1551 in
772 1508 916 1552 omnia
935 1523 1065 1567 opera
1083 1507 1288 1552 Altissimi
1308 1527 1317 1551 ε
1338 1506 1450 1562 duo,

70 1597 89 1620 »
116 1578 227 1637 duo,
259 1594 396 1623 unum
425 1588 576 1623 contra
611 1595 778 1623 unum:
810 1599 828 1619 η
868 1579 1020 1639 utique
1048 1588 1098 1622 ut
1119 1594 1169 1622 ex
1187 1577 1452 1622 deteriorum

65 1650 383 1709 comparatione
400 1650 618 1694 emineant
638 1651 951 1710 proficiantque
969 1649 1162 1694 meliora.
1182 1652 1289 1702 Quae
1307 1659 1451 1694 tamen

65 1723 270 1782 quoniam
304 1737 380 1782 per
410 1723 588 1780 gratiam
627 1722 806 1767 meliora
844 1733 967 1778 sunt,
1013 1732 1221 1783 tanquam
1259 1723 1422 1767 diceret
1438 1758 1448 1778 ,

68 1812 88 1835 «
112 1793 323 1852 Reliquiae
342 1793 469 1838 salvae
486 1794 591 1838 slent
603 1796 635 1847 ²,
661 1813 680 1835 »
699 1796 894 1854 sequitur
912 1803 953 1839 et
971 1793 1076 1838 dicit
1089 1809 1139 1838 ex
1153 1809 1332 1853 persona
1351 1793 1451 1837 reli-

63 1865 282 1924 quiarum,
312 1884 331 1906 «
350 1868 406 1909 Et
429 1881 508 1923 ego
531 1865 787 1909 novissimus
805 1865 993 1924 vigilavi,
1019 1874 1062 1909 et
1084 1866 1206 1926 quasi
1228 1865 1304 1924 qui
1327 1880 1448 1909 race-

67 1952 87 1976 »
112 1944 255 1978 matur
276 1943 374 1994 post
393 1934 792 1994 vindemiatores4»
818 1938 874 1980 Et
897 1936 1016 1979 unde
1038 1936 1210 1995 probat,
1236 1935 1338 1995 quia
1361 1950 1449 1979 non

63 2021 113 2051 ex
130 2006 291 2051 meritis
306 2006 406 2062 suis,
424 2006 499 2050 sed
517 2022 568 2050 ex
587 2007 877 2052 misericordia
897 2008 999 2051 Dei?
1021 2026 1040 2049 «
1058 2010 1110 2052 In
1126 2006 1446 2060 benedictione,

18 2111 20 2114 .
68 2095 87 2118 »
111 2077 268 2137 inquit,
295 2077 465 2122 Domini
497 2086 540 2120 et
560 2078 649 2136 ipse
671 2079 854 2137 speravi,
889 2087 931 2122 et
953 2078 1075 2138 quasi
1098 2078 1175 2138 qui
1190 2077 1446 2132 vindemiat,

67 2164 87 2189 »
111 2146 271 2207 replevi
296 2148 528 2193 torcularss.
551 2167 570 2190 n
595 2150 803 2202 Quamvis
825 2150 938 2193 enim
963 2149 1222 2194 novissimus
1242 2149 1451 2208 vigilave-

64 2218 140 2275 rit,
164 2228 309 2262 tamen
331 2220 433 2279 quia
454 2229 599 2275 erunt,
625 2229 674 2264 ut
697 2220 862 2264 dictum
889 2232 967 2274 est,
995 2220 1215 2264 novissimi
1237 2219 1380 2279 primi,
1404 2220 1448 2262 in

66 2289 364 2335 benedictione
395 2291 565 2335 Domini
587 2307 761 2351 sperans
781 2307 830 2334 ex
845 2291 1035 2351 reliquiis
1058 2290 1190 2335 Israel
1209 2300 1448 2336 racematus

66 2360 248 2419 populus
259 2360 455 2420 implevit
472 2361 661 2406 torcular
679 2378 728 2406 ex
747 2364 944 2407 ubertate
960 2362 1212 2416 vindemiae,
1235 2378 1335 2422 quae
1355 2371 1446 2405 toto

63 2431 165 2475 orbe
188 2441 398 2476 terrarum
421 2433 633 2492 provenit.

110 2523 115 2537 ¹
139 2518 226 2548 Rom.
247 2528 291 2557 ix,
310 2526 362 2548 21.
381 2535 421 2539 ——
438 2524 450 2538 ²
473 2518 551 2549 ibid.
582 2526 635 2558 27.
660 2535 692 2539 -
709 2516 721 2538 3
739 2517 853 2548 Matth.
875 2529 926 2552 u,
952 2519 999 2548 16.
