1790 3187
537 253 539 255 ,
558 218 759 250 amnon
790 222 946 251 xxxvr.
1366 214 1447 254 391

0 307 8 338 s
60 302 342 350 rumpamus,
373 298 430 332 ne
457 300 616 347 panem
650 286 750 331 coeli
777 286 1018 332 vendamus
1048 301 1146 333 esca
1173 295 1346 334 terrena
1374 307 1384 335 :
1409 299 1454 335 et

0 374 7 410 t
59 361 291 423 adjungit,
328 377 349 402 «
378 359 490 412 Quia
522 373 617 402 esca
650 356 792 402 Adam
813 357 1014 417 paradiso
1036 357 1189 419 periit,
1219 373 1313 403 esca
1337 361 1454 405 Esaii

0 449 6 480 ι
59 433 298 493 primatum
316 430 475 475 amisit.
494 447 516 472 »
534 431 648 474 Ecce
661 430 739 488 qui
755 428 860 474 dicit
878 448 888 476 ε
911 447 933 472 «
952 432 1030 474 Est
1042 429 1161 474 enim
1179 430 1349 475 Satanae
1369 431 1454 476 usi-

0 507 3 550 i
58 512 148 551 tata
168 502 387 547 calumnia
403 536 415 558 ‚
447 501 632 546 tentatio
654 500 838 556 ventris,
863 500 942 561 qui
969 499 1192 546 modicum
1219 501 1375 546 suadet
1401 511 1453 547 ut

0 618 1 621 ,
57 574 226 622 auferat
247 582 408 619 totum.
434 575 490 619 Et
510 573 691 629 horum,
712 573 879 633 inquit,
899 573 1200 634 interpretatio
1212 583 1453 635 praecepto-

55 661 155 693 rum
173 644 434 691 ventricolas
455 644 601 690 minus
622 646 838 690 incurvat.
868 665 886 687 »

113 719 217 762 XII.
253 719 410 763 Nonne
430 717 498 762 his
523 716 668 762 verbis
690 717 777 762 suis
800 716 846 761 id
867 730 995 776 agere
1017 716 1214 774 videtur,
1243 726 1295 763 ut
1318 717 1452 763 etiam

54 788 126 835 die
161 788 393 834 Dominico
422 789 679 849 jejunetur?
709 786 918 849 Alioquin
948 788 1136 833 sanctior
1166 789 1249 834 erit
1281 789 1453 835 sabbati

53 860 145 905 dies
163 893 174 915 ,
199 874 290 920 quo
318 859 530 904 Dominus
553 858 599 903 in
620 868 909 905 monumento
941 859 1182 920 requievit,
1206 875 1340 920 quam
1361 863 1454 905 Do-

51 931 239 976 minicus
255 966 267 987 ,
304 947 394 992 quo
430 947 455 976 a
493 932 676 976 mortuis
709 930 957 975 resurrexit.
1001 931 1198 974 Sanctius
1233 940 1298 975 est
1332 932 1451 976 enim

49 1001 248 1063 profecto
265 1002 519 1058 sabbatum,
540 1002 575 1046 si
596 1000 841 1046 secundum
864 1000 996 1046 verba
1017 1001 1172 1062 hujus,
1193 1001 1240 1046 in
1261 1002 1446 1049 sabbato

47 1086 125 1134 per
155 1073 373 1133 jejunium
407 1081 636 1132 peecatum
672 1087 802 1117 omne
829 1072 1018 1128 vitatur,
1059 1081 1103 1117 et
1136 1073 1259 1133 quod
1287 1072 1444 1119 diebus

49 1144 144 1190 aliis
177 1154 454 1190 contractum
475 1153 567 1200 est,
596 1144 799 1189 aboletur
826 1163 835 1190 :
865 1144 912 1189 in
941 1144 1172 1189 Dominico
1203 1154 1349 1190 autern
1371 1161 1451 1206 per

48 1230 189 1260 escam
218 1216 383 1261 ventris
405 1215 590 1260 tentatio
622 1231 713 1260 non
735 1224 938 1272 cavetur,
964 1225 1007 1260 et
1029 1215 1260 1261 diabolicae
1281 1215 1450 1262 calum-

46 1286 131 1331 niae
152 1285 275 1331 locus
296 1286 427 1331 datur
441 1320 452 1342 ,
479 1296 522 1331 et
543 1286 744 1346 paradiso
766 1288 934 1346 peritur
950 1321 962 1343 ,
987 1298 1026 1331 et
1044 1287 1256 1347 primatus
1279 1289 1445 1333 amitti-

45 1366 133 1402 tur.
159 1358 278 1411 Quid
300 1373 404 1418 ergo
427 1367 516 1414 est,
548 1359 670 1421 quod
700 1374 848 1403 rursus
877 1358 958 1403 sibi
985 1359 1077 1419 ipse
1104 1360 1348 1404 contrarius
1369 1359 1448 1404 ad-

45 1439 224 1485 monet,
261 1438 312 1474 ut
344 1446 434 1474 non
466 1430 651 1490 prandio
682 1429 881 1476 modesto
902 1466 913 1486 ,
949 1431 1124 1486 sobrio,
1163 1431 1442 1487 Christiano,

44 1500 293 1545 reficiamur
317 1502 545 1546 Dominico
567 1501 664 1557 die,
688 1502 764 1546 sed
785 1503 831 1545 in
849 1501 990 1560 alogia
1010 1502 1206 1546 laetantes
1225 1502 1442 1562 plauden-

43 1580 196 1633 tesque
219 1582 443 1618 cantemus
459 1607 471 1628 ,
502 1591 522 1615 «
550 1573 786 1628 Saturasti‚
810 1573 1010 1628 Domine,
1038 1573 1227 1617 animam
1242 1572 1442 1629 inanem,

45 1659 67 1685 n
89 1653 133 1688 et
154 1645 313 1703 potasti
336 1645 526 1688 animam
549 1644 796 1689 sitientem?
814 1662 834 1686 »
858 1646 1025 1703 Nempe
1041 1645 1075 1688 si
1094 1653 1199 1689 tunc
1216 1661 1306 1689 non
1324 1660 1443 1689 erra-

42 1729 138 1759 mus
154 1749 166 1770 ,
191 1715 370 1775 quando
388 1717 662 1776 jejunamus,
699 1725 742 1760 et
765 1715 951 1760 aliorum
974 1730 1049 1759 sex
1081 1716 1252 1759 dierum
1276 1731 1443 1760 errores

41 1793 148 1830 tunc
171 1785 390 1830 abluimus
406 1820 417 1841 ,
445 1801 546 1830 cum
581 1786 763 1830 sabbato
781 1787 1054 1846 jejunamus3
1088 1785 1238 1830 nullus
1265 1787 1347 1830 erit
1369 1786 1441 1831 die

40 1857 270 1901 Dominico
291 1857 482 1901 deterior
499 1892 510 1912 ,
535 1856 684 1901 nullus
706 1856 888 1901 sabbato
915 1856 1084 1901 melior.
1109 1858 1276 1913 Crede,
1302 1857 1440 1903 dilec-

38 1927 200 1972 tissime
218 1926 368 1984 frater‚
391 1944 521 1973 nemo
540 1927 681 1987 legem
705 1928 816 1973 sicut
838 1929 918 1973 iste
941 1929 1129 1988 intelligi
1151 1929 1231 1973 nisi
1251 1930 1327 1989 qui
1346 1945 1437 1975 non

36 1998 256 2058 intelligit.
281 2000 324 2045 Si
341 2001 456 2044 enim
472 2000 613 2044 Adam
631 2015 721 2045 non
743 1999 891 2044 cibus¹
909 2035 919 2055 ,
945 2000 1021 2045 sed
1039 2001 1286 2061 prohibitus
1312 2001 1436 2046 cibus

35 2070 253 2131 perdidit,
277 2080 319 2116 et
346 2072 462 2115 Esaii
483 2081 688 2131 nepotem
710 2072 845 2116 sancti
868 2072 1057 2117 Abrahae
1074 2087 1165 2118 non
1182 2076 1305 2117 esca²
1320 2108 1331 2129 ,
1357 2073 1434 2118 sed

35 2155 174 2202 usque
197 2140 252 2186 ad
273 2151 575 2202 contemptum
612 2144 892 2200 sacramenti,
922 2144 1044 2204 quod
1070 2145 1115 2188 in
1140 2145 1331 2204 primatu
1352 2158 1432 2189 suo

33 2213 205 2270 habuit,
231 2215 465 2274 concupita
483 2230 578 2260 esca
593 2214 815 2260 damnavit
833 2234 842 2261 :
861 2216 921 2260 sic
949 2232 972 2260 a
996 2216 1154 2261 sanctis
1170 2224 1213 2260 et
1227 2215 1433 2260 fidelibus

34 2284 104 2344 pie
130 2286 388 2344 prandetur,
413 2286 791 2346 quemadmodum
814 2303 836 2332 a
871 2287 1089 2346 sacrilegis
1123 2296 1165 2332 et
1195 2285 1431 2331 incredulis

34 2355 166 2415 impie
176 2357 416 2416 jejunatur.
436 2358 711 2416 Praeponitur
723 2367 868 2403 autem
878 2358 968 2403 dies
981 2358 1233 2403 Dominicus
1248 2357 1430 2413 sabbato

33 2425 119 2470 fide
130 2427 473 2483 resurrectionis,
490 2444 579 2473 non
591 2430 908 2476 consuetudine
920 2429 1186 2486 refectionis,
1204 2429 1427 2475 autetiam

32 2497 266 2543 vinolentae
289 2499 463 2544 licentia
484 2501 710 2546 cantionis.

83 2590 90 2606 ¹
111 2585 191 2617 Gen.
212 2595 256 2627 m,
276 2586 309 2617 6.
331 2603 367 2609 -
385 2592 397 2608 ²
417 2585 464 2617 Id.
484 2596 565 2626 xxv,
586 2586 638 2618 33.
