1790 3187
329 205 382 231 DE
414 203 518 231 OCTO
551 204 740 231 nutant
772 205 1105 241 Qtrffisnonmus.
1333 194 1417 231 223

88 273 147 316 5⁰.
166 270 208 315 Si
225 283 326 327 ergo
349 270 442 313 haec
457 269 619 323 omnia,
635 278 678 313 et
692 277 846 313 caetera
866 285 966 330 quae
982 268 1322 313 innuumerbilia
1343 283 1419 327 per

29 357 176 389 omnes
204 341 446 400 Scripturas
469 339 560 383 sine
582 340 865 398 ambiguitate
883 340 996 384 dicta
1021 339 1196 399 reperiri
1220 348 1416 397 possunt,

29 411 133 458 falsa
157 421 285 456 erunt
317 431 328 468 3
358 409 516 469 poterit
542 425 670 453 verus
698 425 787 453 esse
808 409 882 453 ille
913 409 1162 454 intellectus
1189 408 1244 452 de
1272 409 1416 467 lignis,

29 481 149 528 foeno
167 491 208 525 et
226 481 407 540 stipula,
425 480 543 540 quod
564 481 607 524 hi
629 480 734 525 salvi
758 490 887 525 erunt
910 497 986 540 per
1003 482 1162 538 ignem,
1183 480 1256 540 qui
1282 479 1418 524 solam

27 552 73 597 in
93 553 265 598 Christo
282 550 412 595 fidem
432 559 627 594 tenentes
650 551 766 595 bona
791 545 921 610 opera
944 551 1244 609 neglexerunt.
1271 551 1313 595 Si
1337 566 1417 594 au-

28 630 113 667 tem
136 621 214 666 ista
235 631 416 675 etvera,
438 630 481 666 et
503 620 618 665 clara
640 631 742 665 sunt
766 642 777 679 3
802 621 953 680 procul
971 621 1108 665 dubio
1131 622 1174 664 in
1191 620 1262 664 illa
1282 625 1419 679 Apos-

30 692 104 740 toli
131 693 340 737 sententia
375 692 483 736 alius
512 692 798 752 requirendus
822 703 885 736 est
912 692 1184 746 intellectus,
1210 701 1341 751 atque
1373 692 1419 735 in

0 783 2 822 5
28 764 91 809 his
120 764 371 824 deputanda
401 772 491 817 est,
517 780 616 823 quse
651 767 804 808 Petrus
837 764 941 809 dicit
960 779 1050 808 esse
1071 765 1114 808 in
1138 764 1306 822 scriptis
1328 764 1418 822 ejus

25 834 224 896 quaedam
258 834 449 878 diflicilia
474 834 701 878 intellectu
734 836 770 889 1,
791 850 890 894 quoe
916 850 1006 877 non
1031 834 1196 877 debent
1223 834 1418 876 homines

26 915 271 967 pervertere
306 909 360 949 ad
384 905 606 964 proprium
631 920 758 948 suum
794 905 1046 964 interitum,
1075 913 1123 947 ut
1145 912 1296 948 contra
1327 904 1417 947 evi-

27 976 275 1022 dentissima
312 976 558 1020 testimonia
593 976 913 1034 Scripturarum
948 990 1120 1019 securos
1165 974 1328 1018 faciant
1364 973 1419 1017 de

26 1045 298 1107 percipienda
323 1045 467 1089 salute
486 1046 771 1105 nequissimos
787 1081 797 1101 ,
818 1045 1026 1107 nequitiae
1048 1062 1137 1090 suae
1162 1044 1418 1105 pertinacis—

27 1117 130 1162 sime
157 1118 423 1162 cohaerentes
448 1151 460 1172 ,
482 1131 562 1161 nec
596 1117 872 1162 emendando
910 1125 984 1162 aut
1027 1115 1289 1176 poenitendo
1316 1130 1419 1160 mu-

28 1196 153 1234 tatos.

85 1260 145 1302 60.
174 1259 253 1303 Hic
276 1274 299 1303 a
321 1273 391 1302 me
413 1258 593 1303 fortasse
616 1267 839 1318 quaeratur
854 1293 864 1311 ‚
898 1258 952 1302 de
974 1257 1065 1318 ipsa
1088 1257 1210 1301 Pauli
1232 1255 1419 1316 apostoli

30 1330 239 1375 sententia
262 1330 368 1389 quid
395 1345 474 1387 ego
506 1330 686 1373 sentiam
705 1364 716 1384 ,
741 1339 784 1373 et
804 1344 994 1388 quonam
1016 1328 1148 1372 modo
1172 1327 1418 1386 intelligen-

30 1400 126 1446 dam
146 1409 312 1460 putem.
340 1403 523 1455 Fateor,
554 1401 656 1444 hinc
680 1399 852 1444 mallem
879 1399 1030 1444 audire
1062 1398 1420 1457 intelligentiores

29 1480 157 1532 atquc
179 1471 409 1526 doctiores,
431 1472 506 1530 qui
531 1472 589 1515 sic
612 1486 707 1515 eam
730 1481 967 1530 exponant,
993 1480 1043 1514 ut
1066 1470 1137 1514 illa
1156 1470 1300 1514 omnia
1318 1485 1418 1514 vera

29 1550 70 1587 et
98 1542 350 1586 inconcussa
376 1551 683 1601 permaneant,
710 1558 809 1602 quae
833 1557 962 1601 supra
986 1541 1351 1595 commemoravi,
1375 1549 1419 1584 et

27 1628 314 1674 quaecumque
348 1611 429 1657 alia
457 1629 546 1657 non
570 1615 932 1667 commemoravi,
964 1614 1126 1674 quibus
1150 1612 1329 1672 apertiss
1313 1612 1418 1656 sime

0 1685 246 1744 Scriptura
277 1694 481 1740 testatur,
501 1684 610 1728 nihil
643 1685 847 1744 prodesse
872 1686 1032 1739 fidem,
1057 1685 1137 1728 nisi
1162 1699 1256 1727 eam
1287 1699 1420 1744 quam

0 1764 3 1801 Ι
27 1753 221 1800 definivit
238 1755 486 1814 Apostolus,
500 1755 544 1799 id
567 1764 646 1808 est,
668 1772 767 1815 quae
789 1771 865 1815 per
880 1755 1158 1800 dilectionem
1183 1764 1414 1815 operatur3

27 1825 117 1870 sine
146 1826 349 1885 operibus
383 1834 528 1869 autern
561 1826 725 1870 salvare
762 1842 850 1870 non
887 1842 1045 1885 posse,
1082 1842 1226 1886 neque
1261 1835 1420 1885 praeter

0 1915 5 1949 l
26 1895 204 1955 ignem,
229 1912 370 1957 neque
393 1912 470 1957 per
487 1897 667 1955 ignem:
701 1897 802 1956 quia
821 1897 854 1940 si
879 1913 954 1955 per
974 1897 1121 1955 ignem
1142 1895 1302 1950 salvat,
1328 1896 1420 1955 ipsa

0 1994 3 2012 ι
29 1975 178 2026 utique
189 1967 338 2011 salvat
361 1966 574 2011 Absolute
591 1976 736 2010 autem
751 1966 916 2011 dictum
936 1977 998 2011 est
1015 1976 1057 2011 et
1075 1977 1246 2026 aperte·
1264 1986 1283 2008 «
1303 1964 1420 2019 Quid

4 2064 6 2073 ι
31 2055 51 2080 »
70 2037 260 2098 prodest,
285 2040 319 2082 si
337 2039 453 2083 dicat
476 2039 572 2098 quis
590 2054 633 2082 se
653 2038 784 2082 fidem
806 2039 984 2093 habere,
1007 2055 1137 2098 opera
1156 2049 1303 2082 autem
1330 2053 1421 2082 non

32 2126 52 2150 i>
73 2109 263 2155 habeat?
295 2109 511 2170 numquid
530 2110 687 2169 poterit
708 2110 813 2154 fides
836 2109 1000 2154 salvare
1022 2125 1122 2154 eum
1147 2112 1199 2152 ²?
1225 2128 1244 2151 »
1271 2110 1421 2153 Dicam

0 2219 6 2248 t
32 2186 172 2224 tamen
192 2215 203 2235 ,
238 2196 372 2239 quam
396 2181 646 2224 brevissime
665 2189 816 2240 potero
839 2181 969 2225 etiam
997 2181 1086 2240 ipse
1108 2180 1216 2241 quid
1237 2181 1420 2224 sentiam

0 2253 7 2302 ,ἱ
33 2249 83 2294 de
99 2249 172 2295 illa
197 2251 409 2295 sententia
437 2251 561 2295 Pauli
583 2251 766 2311 apostoli
797 2251 849 2295 ad
874 2251 1206 2310 intelligendum
1231 2248 1417 2305 difficili,

34 2319 267 2366 dummodo
286 2322 412 2376 illud,
435 2322 554 2382 quod
571 2338 711 2366 meam
731 2322 1041 2382 professionem
1067 2323 1236 2376 attinet,
1262 2322 1419 2381 praeci-

35 2405 113 2449 pue
134 2393 352 2447 teneatur,
371 2392 491 2453 quod
513 2392 567 2437 de
589 2394 668 2437 hac
691 2409 760 2437 me
778 2391 908 2437 malle
928 2392 1014 2436 dixi
1033 2393 1184 2436 audire
1201 2392 1414 2437 meliores.

38 2463 382 2509 Fundamentum
405 2465 600 2509 Christus
618 2474 680 2509 est
702 2465 747 2508 in
771 2474 986 2509 structura
1006 2465 1230 2509 architecti
1244 2464 1417 2524 sapien-

80 2551 89 2568 ¹
108 2554 127 2578 2
144 2548 228 2580 Petr.
250 2558 297 2587 ιιι,
325 2548 374 2581 16.
390 2565 429 2572 —
445 2555 455 2570 ²
476 2547 587 2581 Jacob*
611 2560 643 2589 ιι,
671 2549 718 2589 ιᾷ.
