1790 3187
1752 0 1786 145 ἒ,

1753 154 1755 204 >

363 193 447 227 210
786 195 819 222 s.
855 194 1083 221 *neusa-lm
1117 193 1295 219 EPISCOP!
1752 205 1756 305 ι

364 274 508 308 tamen
532 278 585 306 ex
611 258 786 305 metallo
811 293 822 313 ‚
851 259 971 319 quod
1002 257 1230 316 imperavit
1258 259 1371 300 Deus
1389 288 1400 309 ‚
1436 267 1564 312 super
1596 266 1734 297 arcam

363 332 625 378 Testamenti
644 334 675 385 1,
703 345 874 388 magnae
901 329 961 372 rei
991 327 1286 386 significandae
1319 325 1452 384 gratia
1471 359 1481 378 ,
1507 338 1597 366 non
1626 307 1756 412 aliud!

361 420 494 465 quam
522 401 760 448 Cherubim
788 399 860 443 illa
894 414 1069 458 quoque
1100 399 1306 456 figmenta
1338 395 1597 439 vocitantur.
1632 388 1739 437 ltem

361 473 556 534 quisquis
578 473 696 516 videt
717 469 934 514 somnium
954 503 965 524 ,
994 484 1084 512 non
1106 468 1212 512 dicit
1232 502 1243 521 ,
1268 465 1369 510 Vidi
1398 464 1630 522 imaginem
1652 465 1741 508 Au-

362 545 522 604 gustini
545 551 621 587 aut
640 540 904 600 Simpliciani
928 575 939 595 ‚
964 539 1061 593 sed,
1085 538 1185 584 Vidi
1207 537 1498 595 Augustinum
1521 542 1596 578 aut
1630 533 1740 578 Sim-

362 614 601 674 plicianum
630 630 639 656 :
665 625 765 655 cum
797 625 848 654 eo
870 618 1086 669 tempore,
1113 624 1201 668 quo
1223 608 1307 651 tale
1329 605 1493 665 aliquid
1510 603 1643 658 vidit,
1667 617 1742 648 nos

363 685 661 742 ignoraremus
687 702 698 739 3
722 695 861 740 usque
879 679 987 723 adeo
1009 677 1287 723 manifestum
1311 685 1390 729 est,
1419 691 1508 719 non
1528 674 1642 733 ipsos
1662 670 1742 718 ho-

363 754 501 797 mines
520 787 531 807 ,
562 752 637 796 sed
669 750 878 809 imagines
899 764 1051 794 eorum
1086 748 1241 793 videri.
1267 749 1324 791 Et
1341 747 1509 790 Pharao
1545 743 1679 802 spicas
1701 757 1742 788 se

362 824 470 868 dixit
491 823 645 867 vidisse
671 823 717 866 in
739 821 899 866 somnis
918 829 961 864 et
987 821 1117 864 boves
1134 854 1145 873 ,
1166 835 1255 863 non
1277 818 1493 877 spicarum
1516 823 1591 860 aut
1613 814 1750 859 boum}

360 894 570 952 imagines
598 895 632 936 ².
667 892 709 937 Si
740 892 871 950 igitur
900 882 1071 950 liquido
1104 898 1272 934 constat
1313 887 1564 932 nominibus
1600 898 1749 929 earum*

362 979 524 1019 rerum,
545 978 729 1024 quarum
748 962 958 1020 imagines
976 970 1093 1016 sunt,
1105 959 1278 1004 easdem
1293 958 1502 1016 imagines
1517 953 1743 1015 appellari;

363 1050 453 1079 non
484 1034 642 1078 mirum
670 1043 734 1077 est
761 1033 882 1092 quod
913 1032 1131 1090 Scriptura
1161 1030 1266 1075 dicit
1301 1027 1544 1075 Samuelem
1576 1026 1743 1080 visum,

363 1104 529 1148 etiamsi
551 1101 664 1147 forte
681 1102 823 1160 imago
840 1101 1047 1145 Samuelis
1062 1101 1277 1160 apparuit,
1293 1098 1645 1143 machinamento
1662 1095 1750 1154 eJus÷

364 1174 439 1233 qui
463 1173 739 1230 transfigurat
756 1188 800 1216 se
816 1171 937 1216 velut
955 1171 1159 1230 angelum
1179 1170 1330 1225 lucis&
1351 1178 1395 1214 et
1415 1167 1634 1212 ministros
1650 1177 1756 1211 suos!

365 1244 584 1288 ministros
601 1243 796 1302 justitiae.
1752 1211 1755 1324 Ι

1781 589 1790 636 ι’

1782 988 1790 1008 *ι’

428 1316 489 1358 30.
512 1316 609 1358 Jam
626 1328 729 1358 vero
746 1313 780 1357 si
795 1311 905 1356 illud
926 1321 1087 1367 movet,
1103 1310 1325 1372 quomodo
1348 1319 1391 1354 et
1412 1325 1435 1354 a
1457 1308 1647 1367 maligno
1665 1306 1746 1366 spi-

369 1385 457 1429 ritu
475 1383 591 1429 Sauli
609 1399 706 1428 vera
724 1383 929 1442 praedicta
943 1392 1065 1428 sunt:
1087 1392 1228 1442 potest
1248 1391 1291 1426 et
1304 1381 1414 1426 illud
1425 1381 1583 1424 mirum
1598 1377 1749 1432 videri,-

370 1455 593 1515 quomodo
627 1454 846 1498 daemones
878 1453 1132 1512 agnoverint
1164 1453 1411 1506 Christum,
1446 1465 1577 1511 quem
1614 1447 1749 1493 Judaei

370 1541 461 1570 non
480 1525 771 1583 agnoscebant
784 1525 817 1568 4.
838 1526 950 1569 Cum
972 1524 1085 1567 enim
1102 1523 1196 1568 vult
1212 1526 1322 1567 Deus
1341 1522 1469 1566 etiam
1491 1536 1568 1580 per
1584 1519 1755 1599 infimos}

372 1596 652 1655 infernosque
675 1595 849 1654 spiritus
873 1593 1060 1654 aliquem
1082 1609 1182 1638 vera
1205 1595 1478 1652 cognoscere‚
1501 1587 1753 1648 temporalia

375 1669 585 1709 duntaxat
606 1673 736 1724 atque
757 1663 812 1707 ad
835 1664 961 1707 istam
990 1663 1296 1708 mortalitatem
1320 1661 1582 1722 pertinentia
1600 1694 1612 1711 .‚
1632 1655 1749 1704 facile

375 1744 456 1790 est,
473 1744 516 1779 et
537 1750 626 1779 non
642 1735 1010 1792 incongruum,ut
1023 1735 1298 1794 omnipotens
1316 1735 1510 1793 etjustus
1530 1730 1584 1775 ad
1606 1743 1748 1774 eorum

375 1820 569 1864 poenam,
593 1805 753 1864 quibus
771 1805 849 1848 ista
868 1805 1180 1863 praedicuntur,
1202 1814 1252 1849 ut
1275 1804 1437 1848 malum
1459 1802 1578 1862 quod
1594 1801 1653 1845 eis
1673 1800 1746 1844 im-

378 1874 541 1934 pendet
565 1884 799 1934 antequam
820 1875 966 1919 veniat
987 1874 1299 1933 praenoscendo
1319 1875 1560 1934 patiantur,
1585 1868 1748 1916 occulto

381 1954 591 2003 apparatu
622 1945 957 1988 ministeriorum
986 1960 1163 1989 suorum
1193 1945 1321 1989 etiam
1345 1944 1565 2003 spiritibus
1600 1941 1754 1985 talibus·

382 2014 547 2073 aliquid
561 2014 835 2059 divinationis
855 2015 1088 2073 impertiat,
1100 2025 1149 2059 ut
1170 2015 1287 2075 quod
1301 2014 1551 2059 audiuntab
1565 2011 1746 2071 Angelis,

383 2085 678 2143 praenuntient
699 2085 963 2128 hominibus.
992 2088 1175 2129 Tantum
1204 2095 1349 2129 autem
1382 2084 1594 2137 audiunt,
1618 2096 1747 2142 quan-

383 2164 477 2199 tum
495 2156 690 2199 omnium
709 2155 916 2199 Dominus
932 2164 1062 2215 atque
1076 2155 1321 2200 moderator
1334 2155 1402 2199 vel
1418 2153 1623 2215 jubetvel
1641 2152 1746 2198 sinit

383 2223 510 2268 Unde
543 2225 671 2268 etiam
699 2225 870 2282 spiritus
894 2226 1133 2282 Pythonius
1165 2226 1209 2269 in
1238 2226 1419 2270 Actibus
1450 2222 1747 2284 Apostolorum

386 2302 613 2337 attestatur
632 2294 764 2337 Paulo
795 2295 1010 2353 apostolO‚
1040 2304 1082 2338 et
1114 2296 1387 2354 Evangelista
1410 2311 1499 2339 esse
1520 2302 1700 2338 conatur
1721 2292 1746 2333 ⁵.

384 2363 567 2407 Miscent
586 2372 729 2407 tamen
751 2364 820 2407 isti
843 2363 1031 2408 fallacias
1049 2399 1059 2418 ,
1085 2374 1128 2408 et
1149 2380 1298 2409 verum
1324 2365 1443 2424 quod
1466 2379 1588 2408 nosse
1611 2371 1747 2422 potue«

435 2471 441 2485 ¹
473 2465 572 2496 Exod.
601 2477 676 2504 xxv,
704 2470 752 2498 18.
771 2473 833 2489 -2
855 2470 933 2498 Gen.
953 2478 1023 2507 xm,
1062 2470 1110 2497 18.
1140 2484 1180 2489 —-
1204 2466 1216 2490 3
1237 2476 1254 2498 2
1287 2470 1358 2500 Cor.
1392 2478 1446 2507 xi,
1476 2464 1612 2508 14.—-⁴
1639 2463 1738 2497 Matth

386 2518 607 2559 v=11.·)5).—*5
628 2524 699 2552 Act.
719 2532 783 2559 xvi,
808 2532 856 2561 ¹7·
1749 2501 1752 2523 0

1749 2563 1751 2622 i
