1790 3187
337 192 422 231 206
762 204 795 228 s.
833 200 1064 229 Anous'nm
1098 201 1281 229 muscom

336 268 512 312 scientia
545 267 636 311 Dei.
670 269 767 311 Non
792 266 906 309 enim
934 269 1047 310 Deus
1075 282 1152 326 per
1172 281 1216 310 se
1236 265 1377 324 ipsum
1407 279 1458 308 ex
1479 278 1659 324 corpore
1679 274 1721 311 et

336 338 478 382 anima
494 346 684 391 constat,
710 337 826 381 sicut
846 337 993 381 homo.
1026 337 1111 382 Sed
1132 336 1285 381 melius
1307 335 1467 380 dicitur
1484 334 1612 379 aliam
1634 350 1721 382 esse

336 407 563 452 scientiam
587 408 688 462 Dei,
714 415 860 450 etnon
882 405 1074 466 ejusdem
1099 406 1282 466 generis,
1308 406 1432 465 cujus
1447 405 1526 450 ista
1544 414 1607 449 est
1623 420 1722 465 quae

336 478 564 522 hominum
588 476 748 521 dicitur
765 495 774 521 :
793 477 906 521 sicut
921 477 1048 521 etiam
1070 478 1257 537 idipsum
1276 476 1394 537 quod
1412 479 1526 520 Deus
1542 475 1717 530 dicitur,

334 548 463 606 longe
485 548 602 592 aliud
625 556 704 603 est,
729 562 862 607 quam
883 547 1258 608 quemadmodum
1281 546 1448 592 dictum
1470 555 1550 603 est,
1571 565 1589 587 «
1615 545 1722 600 Quia

338 637 358 660 »
383 619 501 663 stetit
517 619 563 662 in
585 633 804 677 synagoga
828 619 1045 663 deorum¹.
1062 621 1260 663 »Tamen
1284 617 1338 662 ad
1361 633 1450 662 non
1467 617 1602 661 latere
1619 632 1724 676 quo·
1763 596 1767 678 i

335 705 424 749 quo
448 688 577 734 modo
601 689 789 748 pertinet
805 689 1142 734 communicatio
1158 689 1250 749 ipsa
1270 688 1487 734 vocabuli.
1510 686 1578 733 Sic
1593 687 1722 732 etiam
1761 682 1766 808 Ι

334 760 390 803 de
405 760 465 804 ira
482 760 672 804 hominis
694 760 877 804 detraho
897 759 1201 804 turbulentum
1225 769 1408 815 motum,
1435 767 1484 803 ut
1503 765 1724 804 remaneat
1761 810 1763 814 Α

335 831 539 875 vindictae
559 831 711 890 vigor3
739 840 871 890 atque
891 834 1039 891 itaque
1063 840 1303 891 utcumque
1335 845 1510 888 assurgo
1533 829 1580 873 in
1609 828 1723 874 noti·
1758 817 1764 1006 Ι

1772 0 1784 101 s

1770 103 1774 202 ἒ

1765 431 1770 503 ι

335 902 439 947 tiam
460 902 599 958 illius,
625 919 724 963 quae
748 902 992 963 appellatur
1014 903 1076 947 ira
1100 903 1191 947 Dei.
1219 905 1328 947 Item
1355 901 1409 946 de
1429 898 1722 946 misericordia

334 973 368 1017 si
395 973 564 1018 auferas
591 975 932 1034 compassionem
957 990 1056 1019 cum
1080 989 1152 1029 eo,
1179 989 1312 1034 quem
1340 972 1567 1028 miseraris,
1590 971 1722 1031 parti-

334 1044 488 1102 cipatae
519 1045 722 1099 miseriae,
752 1054 802 1089 ut
833 1054 1054 1089 remaneat
1085 1043 1322 1104 tranquilla
1354 1043 1525 1088 bonitas
1561 1041 1721 1087 subve-

334 1114 484 1158 niendi
506 1123 548 1158 et
567 1130 590 1158 a
611 1114 782 1159 miseria
798 1114 1027 1169 liberandi,
1047 1115 1294 1159 insinuatur
1311 1114 1469 1158 divinae
1486 1113 1722 1157 misericor-

334 1183 416 1227 diae
460 1183 790 1244 qualiscumque
837 1185 1045 1244 cognitio.
1092 1184 1242 1229 Zelum
1289 1199 1466 1245 quoque
1509 1183 1585 1228 Dei
1631 1198 1722 1228 non

334 1255 613 1314 repudiemus
628 1265 671 1300 et
685 1271 980 1315 aspernemur,
998 1271 1097 1300 cum
1121 1257 1328 1315 scriptum
1344 1255 1590 1299 invenimus
1613 1273 1621 1299 z
1647 1251 1723 1299 sed

334 1324 582 1370 auferamus
609 1327 663 1370 de
689 1327 884 1372 humano
911 1325 1003 1371 zelo
1037 1325 1241 1386 pallidam
1277 1326 1421 1370 tabem
1455 1324 1640 1380 doloris,
1680 1333 1724 1370 et

334 1396 578 1440 morbidam
603 1399 978 1456 perturbationem
1008 1397 1164 1455 animi3
1187 1405 1496 1456 remaneatque
1518 1394 1630 1440 illud
1651 1410 1720 1440 sa-

333 1466 425 1510 lum
447 1466 663 1527 judicium
687 1484 776 1527 quo
803 1469 1025 1527 corruptio
1055 1468 1258 1512 castitatis
1282 1467 1497 1527 impunita
1520 1481 1610 1510 esse
1632 1480 1720 1510 non
1750 1477 1754 1546 Ι

333 1537 508 1592 sinitur,
534 1547 577 1582 et
600 1539 859 1597 assurgimus
882 1548 932 1583 ut
959 1539 1215 1598 incipiamus
1240 1537 1387 1598 aliquo
1412 1537 1544 1582 modo
1568 1551 1723 1596 capere
1749 1547 1753 1616 f

333 1608 475 1652 zelum
502 1608 595 1652 Dei.
1777 1646 1780 1674 Α

395 1681 455 1723 40.
491 1681 766 1738 Quapropter
794 1694 894 1724 cum
923 1679 1104 1737 legimus
1139 1680 1267 1724 etiam
1301 1682 1438 1723 Deum
1475 1677 1714 1733 dicentem,
1774 1678 1781 1723 i

337 1768 357 1791 «
377 1750 568 1794 Poenitet
585 1753 702 1807 me²3
727 1769 746 1791 »
770 1750 1090 1794 consideremus
1107 1750 1228 1810 quod
1241 1764 1330 1794 esse
1352 1749 1487 1793 soleat
1509 1748 1554 1792 in
1576 1747 1718 1792 homi·
1774 1739 1790 1791 i:

333 1820 462 1863 nibus
500 1835 609 1879 opus
640 1820 897 1879 poenitendi.
934 1819 1091 1864 Procul
1118 1820 1254 1864 dubio
1284 1820 1498 1878 reperitur
1517 1818 1720 1864 voluntas
1774 1829 1790 1864 Η

333 1891 534 1946 mutandi
562 1910 570 1935 :
596 1891 731 1935 sedin
752 1892 928 1935 homine
945 1906 1046 1935 cum
1065 1891 1215 1935 dolore
1234 1891 1365 1935 animi
1385 1900 1470 1949 est3
1491 1890 1717 1949 reprehen-
1769 1872 1790 1935 ii

331 1960 396 2005 dit
414 1961 530 2004 enim
548 1962 593 2005 in
613 1977 657 2005 se
678 1962 798 2021 quod
825 1971 988 2005 temere
1007 1961 1182 2006 fecerat.
1209 1961 1468 2006 Auferamus
1490 1976 1592 2019 ergo
1614 1961 1712 2015 ista,

330 2047 430 2091 quae
453 2031 508 2075 de
524 2032 714 2076 humana
735 2032 988 2076 infirmitate
1009 2041 1140 2092 atque
1168 2032 1409 2090 ignorantia
1444 2031 1643 2085 veniunt,
1674 2037 1716 2074 et
1774 2041 1789 2082 μ

331 2112 552 2146 remaneat
573 2102 714 2147 solum
745 2102 857 2147 velle
885 2111 933 2146 ut
951 2118 1039 2146 non
1062 2104 1121 2146 ita
1143 2103 1196 2147 sit
1221 2101 1403 2162 aliquid,
1427 2100 1714 2162 quemadmo·
1773 2095 1790 2151 it

331 2171 436 2215 dum
461 2181 552 2216 erat
574 2192 582 2218 :
609 2173 668 2217 sic
691 2181 832 2232 potest
856 2172 1128 2232 aliquantum
1157 2174 1347 2217 intimari
1381 2172 1515 2216 menti
1538 2181 1710 2227 nostrae,
1772 2179 1790 2215 ἐκ

333 2259 419 2303 qua
451 2243 598 2302 regula
636 2244 901 2302 intelligatur
920 2243 1037 2304 quod
1061 2245 1246 2304 poenitet
1268 2248 1421 2289 Deum.
1456 2245 1569 2290 Cum
1599 2243 1713 2287 enim
1748 2232 1790 2297 ⁷{1

333 2315 545 2373 poenitere
564 2315 740 2371 dicitur,
769 2315 864 2360 vult
894 2331 982 2360 non
1004 2331 1095 2359 esse
1116 2315 1282 2375 aliquid
1298 2351 1308 2370 ‚
1332 2316 1445 2360 sicut
1472 2315 1635 2359 fecerat
1665 2321 1717 2358 ut
1768 2305 1790 2352 lt

332 2394 442 2429 esset
474 2403 483 2430 ε
511 2385 587 2430 sed
615 2395 760 2430 tamen
788 2395 831 2430 et
852 2401 951 2430 cum
978 2386 1036 2430 ita
1062 2395 1195 2440 esset,
1221 2388 1280 2430 ita
1309 2401 1399 2430 esse
1425 2385 1643 2443 debebat3
1671 2391 1712 2428 et
1770 2438 1771 2445 ἵ

332 2471 434 2501 cum
455 2457 514 2502 ita
536 2472 627 2501 esse
639 2457 728 2517 jam
751 2473 840 2502 non
857 2457 1032 2512 sinitur,
1053 2466 1266 2517 perpetuo
1297 2456 1488 2517 quodam
1517 2465 1561 2501 et
1592 2465 1711 2501 tran·
1734 2502 1737 2513 ,
1766 2452 1790 2577 ²³

1768 2584 1771 2629 2

1767 2649 1771 2685 Ι

1766 2710 1770 2758 i

1764 2775 1769 2960 ἰ

382 2548 390 2563 ¹
413 2540 492 2573 Psal.
516 2551 623 2581 Lxxxx,
646 2552 696 2573 ιι.
714 2558 753 2564 --
771 2547 783 2564 ²
807 2551 815 2573 ι
841 2543 917 2583 Reg.
938 2551 990 2578 xv,
1020 2552 1047 2573 1.
