1790 3187
551 261 752 292 EPISTOLA
783 263 937 292 xxxw.
1356 250 1440 292 395

55 331 224 391 inquit,
249 330 381 375 trium
403 329 491 374 fida
519 328 781 388 germanitas
807 328 984 388 ignibus
1014 327 1258 374 coruscanti
1280 330 1441 374 carceri

53 402 276 448 dominata
292 435 303 457 ,
328 401 421 460 rogi
441 401 629 460 hospitio
650 409 900 460 susceptum
925 400 1161 446 Dominum
1180 400 1390 445 adoravit.
1416 418 1438 444 »

54 476 159 521 Haec
185 472 384 533 exempla
414 472 687 528 sanctorum,
717 487 799 517 nec
830 472 885 517 ad
910 471 1262 532 persuadendum
1292 472 1442 531 cujus-

51 559 242 605 cumque
278 543 365 589 diei
394 544 610 605 jejunium
652 543 829 599 valent,
875 552 1040 604 quanto
1071 542 1215 587 minus
1245 542 1442 588 sabbati?

50 613 411 676 quandoquidem
432 629 522 660 non
544 613 686 659 solum
711 629 801 660 non
829 614 989 673 legitur
1010 622 1095 658 tres
1120 612 1236 659 viros
1255 613 1441 658 sabbato

49 685 181 731 fuisse
204 686 355 732 missos
385 685 431 730 in
461 685 681 730 caminum
713 684 825 745 ignis
858 683 1108 743 ardentem3
1138 683 1216 730 sed
1244 698 1300 729 ne
1329 683 1441 729 illud

48 756 228 818 quidem
254 756 442 816 legitur,
473 756 640 802 tamdiu
669 755 758 802 illic
792 771 865 802 eos
888 755 1022 802 fuisse
1039 791 1051 813 ‚
1076 764 1128 801 ut
1156 756 1292 817 possit
1317 756 1440 815 quis-

46 843 181 889 quam
203 827 348 874 dicere
370 843 442 874 eos
456 829 676 889 jejunasse
691 863 702 884 ,
725 828 816 874 imo
837 843 940 874 vero
960 828 1031 874 vix
1051 828 1181 873 unius
1201 828 1322 873 horae
1342 842 1444 887 spa-

45 901 158 944 tium
178 908 264 957 est,
290 915 380 961 quo
400 913 553 945 eorum
571 900 784 946 confessio
805 900 1085 958 hymnusque
1107 907 1324 943 cantatur.
1350 899 1440 944 Nec

45 970 232 1030 amplius
268 972 383 1016 inter
414 970 509 1016 illas
542 970 739 1015 flammas
776 969 975 1014 innoxias
1014 967 1437 1020 deambulaverunt,

43 1056 179 1102 quam
212 1042 433 1087 canticum
467 1039 580 1085 illud
612 1040 972 1086 terminaverunt.
1007 1039 1098 1086 Nisi
1128 1037 1241 1083 forte
1273 1038 1329 1083 ab
1357 1041 1440 1084 isto

43 1113 174 1159 etiam
194 1113 325 1159 unius
345 1113 465 1158 horae
487 1111 676 1171 spatium
692 1112 859 1172 jejunio
881 1109 1133 1170 deputatur.
1160 1108 1289 1163 Quod
1317 1110 1351 1153 si
1379 1110 1438 1154 ita

42 1192 130 1240 est,
156 1200 248 1230 non
267 1184 400 1229 habet
421 1182 543 1244 quod
565 1191 817 1228 succenseat
835 1181 1115 1242 pransoribus
1142 1180 1328 1226 sabbati.
1356 1182 1439 1225 Us-

41 1270 130 1316 que
151 1255 206 1300 ad
236 1256 390 1301 horam
412 1255 529 1300 enim
552 1253 723 1315 prandii
741 1288 753 1310 ,
778 1252 920 1299 multo
942 1268 1076 1314 quam
1100 1252 1147 1297 in
1167 1251 1244 1299 illo
1266 1251 1438 1297 camino

41 1325 248 1386 prolixius
263 1327 505 1387 jejunatur.

99 1399 246 1442 XVII.
282 1396 477 1442 Adhibet
495 1405 539 1441 et
559 1395 669 1441 illud
691 1394 888 1455 Apostoli
910 1394 1232 1449 testimonium,
1253 1393 1332 1438 ubi
1352 1394 1435 1450 ait,

44 1486 66 1512 «
89 1470 189 1515 Non
210 1478 273 1514 est
299 1485 483 1528 regnum
508 1468 587 1512 Dei
609 1483 706 1512 esca
727 1477 771 1511 et
792 1477 922 1527 potus
938 1502 948 1522 ,
974 1467 1051 1511 sed
1072 1466 1239 1526 justitia
1258 1474 1302 1510 et
1322 1480 1406 1524 pax
1423 1499 1434 1521 ,

41 1557 63 1584 »
89 1549 133 1584 et
156 1540 389 1600 gaudium,
413 1541 457 1585 in
485 1541 648 1600 Spiritu
666 1548 815 1584 sancto
833 1540 864 1582 1.
894 1559 912 1580 »
938 1541 994 1583 Et
1013 1553 1196 1597 regnum
1221 1537 1324 1592 Dei,
1350 1539 1432 1580 Ec-

38 1610 213 1657 clesiam
242 1612 338 1658 vult
368 1612 579 1671 intelligi,
607 1612 652 1655 in
683 1627 771 1671 qua
795 1613 910 1654 Deus
942 1619 1110 1670 regnat.
1147 1610 1339 1654 Obsecro
1367 1617 1433 1663 te,

38 1682 256 1742 numquid
280 1684 364 1727 hoc
390 1683 547 1742 agebat
568 1682 805 1742 Apostolus
823 1717 834 1736 ‚
858 1697 957 1726 cum
981 1681 1061 1726 ista
1083 1680 1338 1740 loqueretur
1354 1715 1364 1735 ,
1386 1688 1438 1724 ut

38 1754 220 1800 sabbato
243 1771 266 1799 a
290 1755 547 1800 Christianis
566 1756 868 1814 jejunaretur?
894 1753 977 1798 Sed
1000 1767 1080 1796 nec
1098 1752 1154 1795 de
1175 1752 1270 1811 ipso
1288 1752 1437 1811 cujus-

40 1840 230 1885 cumque
246 1825 329 1869 diei
344 1825 512 1885 jejunio
526 1824 793 1886 loquebatur
804 1860 815 1879 ,
833 1840 933 1869 cum
953 1825 1046 1867 haec
1062 1823 1241 1867 diceret.
1262 1823 1436 1866 Dictum

39 1905 102 1942 est
122 1896 239 1940 enim
256 1895 461 1941 adversus
478 1912 550 1941 eos
565 1931 576 1952 ,
602 1897 677 1956 qui
694 1912 814 1940 more
832 1899 855 1939 J
863 1896 1088 1939 udaeorum
1107 1894 1347 1938 secundum
1365 1907 1436 1938 ve-

38 1975 173 2012 terem
196 1966 339 2027 legem
369 1969 414 2012 in
437 1969 738 2013 observatione
760 1966 1052 2027 quorumdam
1080 1966 1277 2011 ciborum
1301 1974 1436 2024 puta-

37 2039 145 2087 bant
162 2054 251 2083 esse
263 2039 544 2095 munditiam,
565 2049 608 2084 et
620 2041 674 2085 ad
688 2055 839 2084 eorum
858 2040 1041 2083 fratrum
1061 2037 1432 2093 admonitionem,

37 2126 115 2171 per
134 2127 327 2171 quorum
349 2127 489 2157 escam
508 2121 551 2157 et
568 2121 722 2172 potum
742 2110 1045 2155 indifferenter
1067 2118 1295 2170 acceptum
1313 2123 1435 2152 scan-

38 2182 344 2228 dalizabantur
365 2183 544 2229 infirmi.
571 2184 676 2229 Ideo
700 2199 801 2228 cum
825 2183 999 2227 dixisset
1027 2202 1036 2228 ;
1072 2200 1092 2224 «
1116 2180 1215 2227 Noli
1239 2179 1366 2224 illum
1388 2179 1436 2224 in

41 2270 63 2296 ιο
89 2269 185 2299 esca
207 2263 285 2299 tua
312 2254 516 2315 perdere,
546 2271 626 2315 pro
649 2271 738 2316 quo
759 2254 958 2299 Christus
981 2262 1181 2297 mortuus
1212 2260 1274 2295 est
1301 2270 1309 2296 :
1339 2269 1360 2293 ,η
1391 2259 1436 2295 et

43 2343 64 2368 (ι
89 2328 186 2371 Non
216 2341 320 2385 ergo
354 2325 678 2386 blasphemetur
707 2326 874 2371 bonum
899 2333 1098 2369 nostrum
1127 2342 1135 2368 :
1165 2342 1185 2364 »
1219 2332 1327 2367 tunc
1353 2322 1434 2367 ad—

34 2397 204 2458 junxit,
233 2416 254 2440 «
278 2400 376 2444 Non
394 2399 510 2442 enim
529 2407 593 2443 est
609 2413 793 2458 regnum
817 2398 891 2442 Dei
909 2412 1004 2441 osca
1026 2406 1069 2440 et
1086 2396 1260 2455 potusss.
1283 2412 1302 2436 »
1323 2397 1434 2440 Nam

39 2469 150 2514 sicut
172 2471 253 2514 iste
276 2470 408 2514 verba
436 2470 531 2513 haec
554 2470 752 2530 Apostoli
786 2468 1015 2528 intelligit,
1047 2477 1096 2511 ut
1126 2481 1308 2525 regnum
1333 2465 1430 2520 Dei,

40 2540 162 2601 quod
181 2549 246 2585 est
260 2540 453 2585 Ecclesia
472 2577 483 2597 ,
503 2557 593 2586 non
613 2542 728 2587 sitin
751 2556 845 2587 esca
863 2549 906 2585 et
924 2550 1032 2599 potu
1047 2575 1057 2595 ,
1078 2538 1154 2585 sed
1169 2538 1215 2583 in
1231 2538 1399 2598 jejunio
1422 2555 1429 2581 ε

88 2633 98 2649 ¹
120 2629 212 2658 Rom.
233 2637 302 2668 xiv,
326 2637 376 2668 17.
392 2634 461 2652 —-·²
479 2627 561 2660 lbid.
590 2628 640 2659 15.
