<?xml version="1.0" encoding="UTF-8"?>
<!DOCTYPE html PUBLIC "-//W3C//DTD XHTML 1.0 Transitional//EN"
    "http://www.w3.org/TR/xhtml1/DTD/xhtml1-transitional.dtd">
<html xmlns="http://www.w3.org/1999/xhtml" xml:lang="en" lang="en">
 <head>
  <title>
</title>
<meta http-equiv="Content-Type" content="text/html;charset=utf-8" />
  <meta name='ocr-system' content='tesseract 3.04.00' />
  <meta name='ocr-capabilities' content='ocr_page ocr_carea ocr_par ocr_line ocrx_word'/>
</head>
<body>
  <div class='ocr_page' id='page_1' title='image "./operaomniaaccura38auguuoft/operaomniaaccura38auguuoft_0339.png"; bbox 0 0 1790 3187; ppageno 0'>
   <div class='ocr_carea' id='block_1_1' title="bbox 20 2021 27 2710">
    <p class='ocr_par' dir='ltr' id='par_1_1' title="bbox 20 2021 27 2710">
     <span class='ocr_line' id='line_1_1' title="bbox 20 2021 27 2710; baseline 0 0"><span class='ocrx_word' id='word_1_1' title='bbox 20 2021 27 2710; x_wconf 95' lang='lat' dir='ltr'> </span> 
     </span>
    </p>
   </div>
   <div class='ocr_carea' id='block_1_2' title="bbox 592 264 1466 304">
    <p class='ocr_par' dir='ltr' id='par_1_2' title="bbox 592 264 1466 304">
     <span class='ocr_line' id='line_1_2' title="bbox 592 264 1466 304; baseline 0 -2"><span class='ocrx_word' id='word_1_2' title='bbox 592 275 791 304; x_wconf 69' lang='grc' dir='ltr'>εΡιετοιΑ</span> <span class='ocrx_word' id='word_1_3' title='bbox 825 277 947 303; x_wconf 73' lang='lat' dir='ltr'>xxvi.</span> <span class='ocrx_word' id='word_1_4' title='bbox 1382 264 1466 303; x_wconf 80' lang='lat'>329</span> 
     </span>
    </p>
   </div>
   <div class='ocr_carea' id='block_1_3' title="bbox 131 351 1434 2680">
    <p class='ocr_par' dir='ltr' id='par_1_3' title="bbox 132 351 1257 482">
     <span class='ocr_line' id='line_1_3' title="bbox 133 351 1257 411; baseline -0.003 -13"><span class='ocrx_word' id='word_1_5' title='bbox 133 354 185 398; x_wconf 93' lang='lat' dir='ltr'>Ni</span> <span class='ocrx_word' id='word_1_6' title='bbox 209 367 329 396; x_wconf 92' lang='lat' dir='ltr'>mens</span> <span class='ocrx_word' id='word_1_7' title='bbox 341 352 543 411; x_wconf 84' lang='lat' dir='ltr'>conjugio</span> <span class='ocrx_word' id='word_1_8' title='bbox 565 351 823 396; x_wconf 84' lang='lat' dir='ltr'><strong>incumbens</strong></span> <span class='ocrx_word' id='word_1_9' title='bbox 846 352 1050 395; x_wconf 84' lang='lat' dir='ltr'>retineret</span> <span class='ocrx_word' id='word_1_10' title='bbox 1063 360 1257 406; x_wconf 90' lang='lat' dir='ltr'>euntem,</span> 
     </span>
     <span class='ocr_line' id='line_1_4' title="bbox 132 421 1167 482; baseline -0.002 -15"><span class='ocrx_word' id='word_1_11' title='bbox 132 422 272 468; x_wconf 83' lang='lat' dir='ltr'>Crede</span> <span class='ocrx_word' id='word_1_12' title='bbox 291 423 411 477; x_wconf 89' lang='lat' dir='ltr'>meis,</span> <span class='ocrx_word' id='word_1_13' title='bbox 431 438 457 466; x_wconf 96' lang='lat' dir='ltr'>o</span> <span class='ocrx_word' id='word_1_14' title='bbox 475 422 620 477; x_wconf 89' lang='lat' dir='ltr'>docte,</span> <span class='ocrx_word' id='word_1_15' title='bbox 646 421 784 476; x_wconf 82' lang='lat' dir='ltr'>maliS,</span> <span class='ocrx_word' id='word_1_16' title='bbox 799 437 991 482; x_wconf 81' lang='lat' dir='ltr'>veroque</span> <span class='ocrx_word' id='word_1_17' title='bbox 1011 421 1167 477; x_wconf 91' lang='lat' dir='ltr'>dolori,</span> 
     </span>
    </p>

    <p class='ocr_par' dir='ltr' id='par_1_4' title="bbox 133 492 1265 695">
     <span class='ocr_line' id='line_1_5' title="bbox 133 492 1265 553; baseline 0 -16"><span class='ocrx_word' id='word_1_18' title='bbox 133 492 262 547; x_wconf 88' lang='lat' dir='ltr'>Quod</span> <span class='ocrx_word' id='word_1_19' title='bbox 279 493 370 538; x_wconf 87' lang='lat' dir='ltr'>sine</span> <span class='ocrx_word' id='word_1_20' title='bbox 399 502 440 537; x_wconf 90' lang='lat' dir='ltr'>tc</span> <span class='ocrx_word' id='word_1_21' title='bbox 458 493 602 538; x_wconf 88' lang='lat' dir='ltr'>nullos</span> <span class='ocrx_word' id='word_1_22' title='bbox 626 494 888 552; x_wconf 85' lang='lat' dir='ltr'>promittunt</span> <span class='ocrx_word' id='word_1_23' title='bbox 905 494 1081 538; x_wconf 89' lang='lat' dir='ltr'>carbasa</span> <span class='ocrx_word' id='word_1_24' title='bbox 1097 502 1265 553; x_wconf 88' lang='lat' dir='ltr'>portus,</span> 
     </span>
     <span class='ocr_line' id='line_1_6' title="bbox 134 564 1212 626; baseline 0 -18"><span class='ocrx_word' id='word_1_25' title='bbox 134 568 430 624; x_wconf 81' lang='lat' dir='ltr'><strong>Erramusque</strong></span> <span class='ocrx_word' id='word_1_26' title='bbox 451 564 607 624; x_wconf 86' lang='lat' dir='ltr'>procul</span> <span class='ocrx_word' id='word_1_27' title='bbox 626 566 798 609; x_wconf 87' lang='lat' dir='ltr'>turbata</span> <span class='ocrx_word' id='word_1_28' title='bbox 813 580 888 626; x_wconf 89' lang='lat' dir='ltr'>per</span> <span class='ocrx_word' id='word_1_29' title='bbox 902 581 1079 626; x_wconf 82' lang='lat' dir='ltr'>aequora</span> <span class='ocrx_word' id='word_1_30' title='bbox 1097 565 1212 611; x_wconf 78' lang='lat' dir='ltr'>vitae.</span> 
     </span>
     <span class='ocr_line' id='line_1_7' title="bbox 133 635 1081 695; baseline 0 -15"><span class='ocrx_word' id='word_1_31' title='bbox 133 636 379 694; x_wconf 69' lang='lat' dir='ltr'>Praecipites</span> <span class='ocrx_word' id='word_1_32' title='bbox 400 637 532 680; x_wconf 88' lang='lat' dir='ltr'>densa</span> <span class='ocrx_word' id='word_1_33' title='bbox 556 636 691 681; x_wconf 86' lang='lat' dir='ltr'>veluti</span> <span class='ocrx_word' id='word_1_34' title='bbox 710 635 895 695; x_wconf 85' lang='lat' dir='ltr'>caligine</span> <span class='ocrx_word' id='word_1_35' title='bbox 919 645 1081 692; x_wconf 84' lang='lat' dir='ltr'>nautae,</span> 
     </span>
    </p>

    <p class='ocr_par' dir='ltr' id='par_1_5' title="bbox 132 706 1261 909">
     <span class='ocr_line' id='line_1_8' title="bbox 132 706 1261 762; baseline 0.003 -13"><span class='ocrx_word' id='word_1_36' title='bbox 132 709 250 760; x_wconf 90' lang='lat' dir='ltr'>Quos</span> <span class='ocrx_word' id='word_1_37' title='bbox 268 706 391 751; x_wconf 85' lang='lat' dir='ltr'>furor</span> <span class='ocrx_word' id='word_1_38' title='bbox 404 707 632 762; x_wconf 76' lang='lat' dir='ltr'>Australis,</span> <span class='ocrx_word' id='word_1_39' title='bbox 658 709 843 752; x_wconf 88' lang='lat' dir='ltr'>stridens</span> <span class='ocrx_word' id='word_1_40' title='bbox 862 717 906 751; x_wconf 86' lang='lat' dir='ltr'>et</span> <span class='ocrx_word' id='word_1_41' title='bbox 929 708 1058 752; x_wconf 85' lang='lat' dir='ltr'>ssatus</span> <span class='ocrx_word' id='word_1_42' title='bbox 1072 708 1128 752; x_wconf 85' lang='lat' dir='ltr'>ab</span> <span class='ocrx_word' id='word_1_43' title='bbox 1144 710 1261 752; x_wconf 87' lang='lat' dir='ltr'>Euro</span> 
     </span>
     <span class='ocr_line' id='line_1_9' title="bbox 135 777 1168 839; baseline 0.002 -17"><span class='ocrx_word' id='word_1_44' title='bbox 135 777 339 833; x_wconf 79' lang='lat' dir='ltr'>Perculit,</span> <span class='ocrx_word' id='word_1_45' title='bbox 361 787 404 822; x_wconf 92' lang='lat' dir='ltr'>et</span> <span class='ocrx_word' id='word_1_46' title='bbox 423 779 554 838; x_wconf 88' lang='lat' dir='ltr'>raptis</span> <span class='ocrx_word' id='word_1_47' title='bbox 573 779 758 838; x_wconf 85' lang='lat' dir='ltr'>privavit</span> <span class='ocrx_word' id='word_1_48' title='bbox 777 780 908 823; x_wconf 85' lang='lat' dir='ltr'>turbo</span> <span class='ocrx_word' id='word_1_49' title='bbox 927 779 1139 839; x_wconf 79' lang='lat' dir='ltr'>magistris</span> <span class='ocrx_word' id='word_1_50' title='bbox 1160 800 1168 824; x_wconf 79' lang='lat' dir='ltr'>z</span> 
     </span>
     <span class='ocr_line' id='line_1_10' title="bbox 135 849 1209 909; baseline 0.003 -17"><span class='ocrx_word' id='word_1_51' title='bbox 135 849 335 894; x_wconf 76' lang='lat' dir='ltr'>Protinus</span> <span class='ocrx_word' id='word_1_52' title='bbox 350 850 547 909; x_wconf 84' lang='lat' dir='ltr'>abruptis</span> <span class='ocrx_word' id='word_1_53' title='bbox 562 851 706 895; x_wconf 89' lang='lat' dir='ltr'>miseri</span> <span class='ocrx_word' id='word_1_54' title='bbox 725 850 963 895; x_wconf 89' lang='lat' dir='ltr'>volvuntur</span> <span class='ocrx_word' id='word_1_55' title='bbox 987 851 1031 895; x_wconf 90' lang='lat' dir='ltr'>in</span> <span class='ocrx_word' id='word_1_56' title='bbox 1055 849 1209 895; x_wconf 90' lang='lat' dir='ltr'>undis:</span> 
     </span>
    </p>

    <p class='ocr_par' dir='ltr' id='par_1_6' title="bbox 131 919 1320 1122">
     <span class='ocr_line' id='line_1_11' title="bbox 131 919 1320 979; baseline 0.001 -17"><span class='ocrx_word' id='word_1_57' title='bbox 131 921 227 963; x_wconf 91' lang='lat' dir='ltr'>Non</span> <span class='ocrx_word' id='word_1_58' title='bbox 243 920 362 963; x_wconf 88' lang='lat' dir='ltr'>forus</span> <span class='ocrx_word' id='word_1_59' title='bbox 385 929 459 964; x_wconf 89' lang='lat' dir='ltr'>aut</span> <span class='ocrx_word' id='word_1_60' title='bbox 478 936 634 979; x_wconf 85' lang='lat' dir='ltr'>prorae,</span> <span class='ocrx_word' id='word_1_61' title='bbox 661 937 749 964; x_wconf 90' lang='lat' dir='ltr'>non</span> <span class='ocrx_word' id='word_1_62' title='bbox 772 921 906 964; x_wconf 85' lang='lat' dir='ltr'>lintea</span> <span class='ocrx_word' id='word_1_63' title='bbox 926 920 1087 964; x_wconf 89' lang='lat' dir='ltr'>deinde</span> <span class='ocrx_word' id='word_1_64' title='bbox 1110 919 1320 979; x_wconf 85' lang='lat' dir='ltr'>procellas</span> 
     </span>
     <span class='ocr_line' id='line_1_12' title="bbox 134 989 1300 1050; baseline 0.003 -18"><span class='ocrx_word' id='word_1_65' title='bbox 134 993 262 1033; x_wconf 82' lang='lat' dir='ltr'>Ferre</span> <span class='ocrx_word' id='word_1_66' title='bbox 286 989 452 1042; x_wconf 82' lang='lat' dir='ltr'>valent,</span> <span class='ocrx_word' id='word_1_67' title='bbox 477 992 803 1050; x_wconf 82' lang='lat' dir='ltr'>ratioquejacet</span> <span class='ocrx_word' id='word_1_68' title='bbox 827 989 1068 1049; x_wconf 87' lang='lat' dir='ltr'>stupefacta</span> <span class='ocrx_word' id='word_1_69' title='bbox 1091 990 1269 1049; x_wconf 81' lang='lat' dir='ltr'>regendi</span> <span class='ocrx_word' id='word_1_70' title='bbox 1292 1010 1300 1036; x_wconf 80' lang='lat' dir='ltr'>z</span> 
     </span>
     <span class='ocr_line' id='line_1_13' title="bbox 134 1062 1240 1122; baseline 0.002 -18"><span class='ocrx_word' id='word_1_71' title='bbox 134 1062 201 1105; x_wconf 87' lang='lat' dir='ltr'>Sic</span> <span class='ocrx_word' id='word_1_72' title='bbox 216 1076 282 1105; x_wconf 90' lang='lat' dir='ltr'>me</span> <span class='ocrx_word' id='word_1_73' title='bbox 296 1071 450 1105; x_wconf 89' lang='lat' dir='ltr'>ventus</span> <span class='ocrx_word' id='word_1_74' title='bbox 464 1063 566 1119; x_wconf 85' lang='lat' dir='ltr'>agit,</span> <span class='ocrx_word' id='word_1_75' title='bbox 584 1063 858 1122; x_wconf 86' lang='lat' dir='ltr'>volvuntque</span> <span class='ocrx_word' id='word_1_76' title='bbox 881 1062 1096 1121; x_wconf 85' lang='lat' dir='ltr'>cupidinis</span> <span class='ocrx_word' id='word_1_77' title='bbox 1112 1072 1240 1107; x_wconf 84' lang='lat' dir='ltr'>aestus</span> 
     </span>
    </p>

    <p class='ocr_par' dir='ltr' id='par_1_7' title="bbox 134 1131 1249 1192">
     <span class='ocr_line' id='line_1_14' title="bbox 134 1131 1249 1192; baseline 0.002 -17"><span class='ocrx_word' id='word_1_78' title='bbox 134 1135 184 1175; x_wconf 88' lang='lat' dir='ltr'>ln</span> <span class='ocrx_word' id='word_1_79' title='bbox 206 1147 324 1175; x_wconf 90' lang='lat' dir='ltr'>mare</span> <span class='ocrx_word' id='word_1_80' title='bbox 342 1131 580 1186; x_wconf 86' lang='lat' dir='ltr'>letiferum,</span> <span class='ocrx_word' id='word_1_81' title='bbox 607 1148 687 1178; x_wconf 89' lang='lat' dir='ltr'>nec</span> <span class='ocrx_word' id='word_1_82' title='bbox 707 1143 833 1177; x_wconf 84' lang='lat' dir='ltr'>terrae</span> <span class='ocrx_word' id='word_1_83' title='bbox 854 1135 1053 1192; x_wconf 80' lang='lat' dir='ltr'>protinus</span> <span class='ocrx_word' id='word_1_84' title='bbox 1077 1134 1249 1178; x_wconf 84' lang='lat' dir='ltr'>absunt.</span> 
     </span>
    </p>

    <p class='ocr_par' dir='ltr' id='par_1_8' title="bbox 133 1196 1345 1476">
     <span class='ocr_line' id='line_1_15' title="bbox 133 1196 1345 1264; baseline 0.002 -18"><span class='ocrx_word' id='word_1_85' title='bbox 133 1202 216 1247; x_wconf 88' lang='lat' dir='ltr'>Sed</span> <span class='ocrx_word' id='word_1_86' title='bbox 240 1218 410 1246; x_wconf 90' lang='lat' dir='ltr'>mecum</span> <span class='ocrx_word' id='word_1_87' title='bbox 425 1213 647 1262; x_wconf 87' lang='lat' dir='ltr'>reputans,</span> <span class='ocrx_word' id='word_1_88' title='bbox 674 1213 747 1248; x_wconf 83' lang='lat' dir='ltr'>tua</span> <span class='ocrx_word' id='word_1_89' title='bbox 769 1204 955 1249; x_wconf 86' lang='lat' dir='ltr'>candida</span> <span class='ocrx_word' id='word_1_90' title='bbox 974 1196 1104 1251; x_wconf 77' lang='lat' dir='ltr'>verda</span> <span class='ocrx_word' id='word_1_91' title='bbox 1125 1205 1345 1264; x_wconf 83' lang='lat' dir='ltr'>magister,</span> 
     </span>
     <span class='ocr_line' id='line_1_16' title="bbox 135 1273 1315 1332; baseline 0.003 -16"><span class='ocrx_word' id='word_1_92' title='bbox 135 1275 237 1317; x_wconf 81' lang='lat' dir='ltr'>Haec</span> <span class='ocrx_word' id='word_1_93' title='bbox 260 1274 396 1332; x_wconf 83' lang='lat' dir='ltr'>magis</span> <span class='ocrx_word' id='word_1_94' title='bbox 414 1289 503 1318; x_wconf 88' lang='lat' dir='ltr'>esse</span> <span class='ocrx_word' id='word_1_95' title='bbox 523 1289 620 1318; x_wconf 85' lang='lat' dir='ltr'>reor</span> <span class='ocrx_word' id='word_1_96' title='bbox 642 1275 722 1319; x_wconf 90' lang='lat' dir='ltr'>tibi</span> <span class='ocrx_word' id='word_1_97' title='bbox 744 1274 920 1319; x_wconf 87' lang='lat' dir='ltr'>credere</span> <span class='ocrx_word' id='word_1_98' title='bbox 942 1295 950 1320; x_wconf 91' lang='lat'><strong>:</strong></span> <span class='ocrx_word' id='word_1_99' title='bbox 971 1273 1125 1319; x_wconf 85' lang='lat' dir='ltr'>callida</span> <span class='ocrx_word' id='word_1_100' title='bbox 1148 1290 1214 1319; x_wconf 88' lang='lat' dir='ltr'>res</span> <span class='ocrx_word' id='word_1_101' title='bbox 1236 1284 1315 1328; x_wconf 84' lang='lat' dir='ltr'>est,</span> 
     </span>
     <span class='ocr_line' id='line_1_17' title="bbox 134 1344 1146 1404; baseline 0.003 -18"><span class='ocrx_word' id='word_1_102' title='bbox 134 1344 318 1402; x_wconf 78' lang='lat' dir='ltr'>Decipit,</span> <span class='ocrx_word' id='word_1_103' title='bbox 334 1352 466 1404; x_wconf 80' lang='lat' dir='ltr'>atque</span> <span class='ocrx_word' id='word_1_104' title='bbox 484 1346 637 1389; x_wconf 87' lang='lat' dir='ltr'>animis</span> <span class='ocrx_word' id='word_1_105' title='bbox 654 1345 834 1390; x_wconf 86' lang='lat' dir='ltr'>molitur</span> <span class='ocrx_word' id='word_1_106' title='bbox 853 1346 959 1389; x_wconf 80' lang='lat' dir='ltr'>retia</span> <span class='ocrx_word' id='word_1_107' title='bbox 978 1346 1146 1390; x_wconf 87' lang='lat' dir='ltr'>nostris.</span> 
     </span>
     <span class='ocr_line' id='line_1_18' title="bbox 134 1415 1172 1476; baseline 0.005 -19"><span class='ocrx_word' id='word_1_108' title='bbox 134 1415 380 1459; x_wconf 85' lang='lat' dir='ltr'>Praeteritos</span> <span class='ocrx_word' id='word_1_109' title='bbox 395 1415 558 1460; x_wconf 89' lang='lat' dir='ltr'>oblitus</span> <span class='ocrx_word' id='word_1_110' title='bbox 582 1417 714 1471; x_wconf 90' lang='lat' dir='ltr'>enim,</span> <span class='ocrx_word' id='word_1_111' title='bbox 741 1417 967 1476; x_wconf 75' lang='lat' dir='ltr'>praesentia</span> <span class='ocrx_word' id='word_1_112' title='bbox 987 1426 1143 1476; x_wconf 81' lang='lat' dir='ltr'>praesto</span> <span class='ocrx_word' id='word_1_113' title='bbox 1163 1436 1172 1462; x_wconf 75' lang='grc' dir='ltr'>ι</span> 
     </span>
    </p>

    <p class='ocr_par' dir='ltr' id='par_1_9' title="bbox 134 1486 1230 1547">
     <span class='ocr_line' id='line_1_19' title="bbox 134 1486 1230 1547; baseline 0.003 -19"><span class='ocrx_word' id='word_1_114' title='bbox 134 1487 258 1529; x_wconf 89' lang='lat' dir='ltr'>Nunc</span> <span class='ocrx_word' id='word_1_115' title='bbox 283 1486 362 1529; x_wconf 87' lang='lat' dir='ltr'>tibi</span> <span class='ocrx_word' id='word_1_116' title='bbox 379 1501 476 1530; x_wconf 89' lang='lat' dir='ltr'>care</span> <span class='ocrx_word' id='word_1_117' title='bbox 492 1496 585 1542; x_wconf 85' lang='lat' dir='ltr'>tuo,</span> <span class='ocrx_word' id='word_1_118' title='bbox 608 1503 686 1531; x_wconf 87' lang='lat' dir='ltr'>nos</span> <span class='ocrx_word' id='word_1_119' title='bbox 702 1503 821 1532; x_wconf 89' lang='lat' dir='ltr'>nunc</span> <span class='ocrx_word' id='word_1_120' title='bbox 836 1489 890 1532; x_wconf 91' lang='lat' dir='ltr'>de</span> <span class='ocrx_word' id='word_1_121' title='bbox 913 1497 1089 1547; x_wconf 87' lang='lat' dir='ltr'>pectore</span> <span class='ocrx_word' id='word_1_122' title='bbox 1108 1487 1230 1546; x_wconf 89' lang='lat' dir='ltr'>lapsi.</span> 
     </span>
    </p>

    <p class='ocr_par' dir='ltr' id='par_1_10' title="bbox 134 1557 1434 1689">
     <span class='ocr_line' id='line_1_20' title="bbox 134 1557 1434 1619; baseline 0.002 -20"><span class='ocrx_word' id='word_1_123' title='bbox 134 1558 229 1600; x_wconf 82' lang='lat' dir='ltr'>Heu</span> <span class='ocrx_word' id='word_1_124' title='bbox 247 1557 354 1600; x_wconf 88' lang='lat' dir='ltr'>mihi</span> <span class='ocrx_word' id='word_1_125' title='bbox 371 1574 459 1618; x_wconf 88' lang='lat' dir='ltr'>quo</span> <span class='ocrx_word' id='word_1_126' title='bbox 476 1557 604 1613; x_wconf 80' lang='lat' dir='ltr'>ferar,</span> <span class='ocrx_word' id='word_1_127' title='bbox 621 1558 739 1602; x_wconf 91' lang='lat' dir='ltr'>unde</span> <span class='ocrx_word' id='word_1_128' title='bbox 758 1557 886 1602; x_wconf 89' lang='lat' dir='ltr'>velim</span> <span class='ocrx_word' id='word_1_129' title='bbox 906 1560 985 1603; x_wconf 85' lang='lat' dir='ltr'>tibi</span> <span class='ocrx_word' id='word_1_130' title='bbox 1013 1558 1208 1619; x_wconf 83' lang='lat' dir='ltr'>pandere</span> <span class='ocrx_word' id='word_1_131' title='bbox 1226 1568 1434 1609; x_wconf 85' lang='lat' dir='ltr'>mentem,</span> 
     </span>
     <span class='ocr_line' id='line_1_21' title="bbox 135 1628 1240 1689; baseline 0.003 -18"><span class='ocrx_word' id='word_1_132' title='bbox 135 1631 247 1671; x_wconf 78' lang='lat' dir='ltr'>Ante</span> <span class='ocrx_word' id='word_1_133' title='bbox 269 1628 350 1673; x_wconf 88' lang='lat' dir='ltr'>sul)</span> <span class='ocrx_word' id='word_1_134' title='bbox 377 1633 514 1687; x_wconf 87' lang='lat' dir='ltr'>AEgeo</span> <span class='ocrx_word' id='word_1_135' title='bbox 533 1630 750 1689; x_wconf 85' lang='lat' dir='ltr'>aptabunt</span> <span class='ocrx_word' id='word_1_136' title='bbox 772 1630 842 1689; x_wconf 90' lang='lat' dir='ltr'>pia</span> <span class='ocrx_word' id='word_1_137' title='bbox 860 1639 972 1674; x_wconf 89' lang='lat' dir='ltr'>tecta</span> <span class='ocrx_word' id='word_1_138' title='bbox 997 1629 1240 1689; x_wconf 81' lang='lat' dir='ltr'>palumbes,</span> 
     </span>
    </p>

    <p class='ocr_par' dir='ltr' id='par_1_11' title="bbox 136 1700 1219 1830">
     <span class='ocr_line' id='line_1_22' title="bbox 137 1700 1219 1757; baseline 0.001 -14"><span class='ocrx_word' id='word_1_139' title='bbox 137 1700 189 1742; x_wconf 87' lang='lat' dir='ltr'>Et</span> <span class='ocrx_word' id='word_1_140' title='bbox 209 1714 331 1744; x_wconf 87' lang='lat' dir='ltr'>versa</span> <span class='ocrx_word' id='word_1_141' title='bbox 354 1700 570 1757; x_wconf 81' lang='lat' dir='ltr'>halcyone</span> <span class='ocrx_word' id='word_1_142' title='bbox 588 1710 821 1757; x_wconf 84' lang='lat' dir='ltr'>componet</span> <span class='ocrx_word' id='word_1_143' title='bbox 845 1701 888 1743; x_wconf 92' lang='lat' dir='ltr'>in</span> <span class='ocrx_word' id='word_1_144' title='bbox 906 1701 1060 1744; x_wconf 90' lang='lat' dir='ltr'>arbore</span> <span class='ocrx_word' id='word_1_145' title='bbox 1078 1700 1219 1753; x_wconf 89' lang='lat' dir='ltr'>nidos,</span> 
     </span>
     <span class='ocr_line' id='line_1_23' title="bbox 136 1769 1144 1830; baseline 0.002 -18"><span class='ocrx_word' id='word_1_146' title='bbox 136 1770 340 1813; x_wconf 88' lang='lat' dir='ltr'>Esuriens</span> <span class='ocrx_word' id='word_1_147' title='bbox 357 1770 518 1814; x_wconf 84' lang='lat' dir='ltr'>vitulos</span> <span class='ocrx_word' id='word_1_148' title='bbox 547 1769 634 1814; x_wconf 87' lang='lat' dir='ltr'>alet</span> <span class='ocrx_word' id='word_1_149' title='bbox 651 1780 751 1814; x_wconf 89' lang='lat' dir='ltr'>ante</span> <span class='ocrx_word' id='word_1_150' title='bbox 765 1771 900 1814; x_wconf 72' lang='lat' dir='ltr'>leaena</span> <span class='ocrx_word' id='word_1_151' title='bbox 922 1786 1144 1830; x_wconf 85' lang='lat' dir='ltr'>sequaces,</span> 
     </span>
    </p>

    <p class='ocr_par' dir='ltr' id='par_1_12' title="bbox 138 1840 1232 1971">
     <span class='ocr_line' id='line_1_24' title="bbox 138 1840 1232 1901; baseline 0.002 -17"><span class='ocrx_word' id='word_1_152' title='bbox 138 1844 284 1900; x_wconf 80' lang='lat' dir='ltr'>Atque</span> <span class='ocrx_word' id='word_1_153' title='bbox 301 1842 482 1900; x_wconf 89' lang='lat' dir='ltr'>impasta</span> <span class='ocrx_word' id='word_1_154' title='bbox 498 1842 575 1885; x_wconf 90' lang='lat' dir='ltr'>diu</span> <span class='ocrx_word' id='word_1_155' title='bbox 590 1851 763 1885; x_wconf 86' lang='lat' dir='ltr'>teneros</span> <span class='ocrx_word' id='word_1_156' title='bbox 780 1840 883 1901; x_wconf 90' lang='lat' dir='ltr'>lupa</span> <span class='ocrx_word' id='word_1_157' title='bbox 902 1843 1065 1886; x_wconf 84' lang='lat' dir='ltr'>nutriet</span> <span class='ocrx_word' id='word_1_158' title='bbox 1082 1857 1232 1900; x_wconf 87' lang='lat' dir='ltr'>agnos,</span> 
     </span>
     <span class='ocr_line' id='line_1_25' title="bbox 138 1912 1170 1971; baseline -0.001 -15"><span class='ocrx_word' id='word_1_159' title='bbox 138 1914 446 1971; x_wconf 86' lang='lat' dir='ltr'>Mutantesque</span> <span class='ocrx_word' id='word_1_160' title='bbox 469 1912 556 1956; x_wconf 89' lang='lat' dir='ltr'>suis</span> <span class='ocrx_word' id='word_1_161' title='bbox 580 1912 768 1955; x_wconf 86' lang='lat' dir='ltr'>divisum</span> <span class='ocrx_word' id='word_1_162' title='bbox 787 1913 983 1971; x_wconf 84' lang='lat' dir='ltr'>partibus</span> <span class='ocrx_word' id='word_1_163' title='bbox 1000 1915 1170 1967; x_wconf 88' lang='lat' dir='ltr'>orbem,</span> 
     </span>
    </p>

    <p class='ocr_par' dir='ltr' id='par_1_13' title="bbox 137 1983 1321 2182">
     <span class='ocr_line' id='line_1_26' title="bbox 137 1983 1321 2040; baseline 0.002 -15"><span class='ocrx_word' id='word_1_164' title='bbox 137 1986 223 2026; x_wconf 82' lang='lat' dir='ltr'>Aut</span> <span class='ocrx_word' id='word_1_165' title='bbox 239 1985 439 2026; x_wconf 80' lang='lat' dir='ltr'>Barcaeus</span> <span class='ocrx_word' id='word_1_166' title='bbox 461 1983 547 2026; x_wconf 91' lang='lat' dir='ltr'>alet</span> <span class='ocrx_word' id='word_1_167' title='bbox 578 1992 774 2036; x_wconf 79' lang='lat' dir='ltr'>taurum,</span> <span class='ocrx_word' id='word_1_168' title='bbox 805 1992 880 2026; x_wconf 84' lang='lat' dir='ltr'>aut</span> <span class='ocrx_word' id='word_1_169' title='bbox 905 1983 1120 2040; x_wconf 75' lang='lat' dir='ltr'>Hyrcania</span> <span class='ocrx_word' id='word_1_170' title='bbox 1145 1999 1292 2027; x_wconf 85' lang='lat' dir='ltr'>sauros</span> <span class='ocrx_word' id='word_1_171' title='bbox 1315 2003 1321 2027; x_wconf 91' lang='lat'>:</span> 
     </span>
     <span class='ocr_line' id='line_1_27' title="bbox 139 2052 1181 2109; baseline 0.002 -14"><span class='ocrx_word' id='word_1_172' title='bbox 139 2055 252 2096; x_wconf 84' lang='lat' dir='ltr'>Ante</span> <span class='ocrx_word' id='word_1_173' title='bbox 278 2052 501 2109; x_wconf 79' lang='lat' dir='ltr'>Thyesteis</span> <span class='ocrx_word' id='word_1_174' title='bbox 524 2052 683 2095; x_wconf 85' lang='lat' dir='ltr'>iterum</span> <span class='ocrx_word' id='word_1_175' title='bbox 704 2052 817 2095; x_wconf 87' lang='lat' dir='ltr'>male</span> <span class='ocrx_word' id='word_1_176' title='bbox 842 2053 987 2097; x_wconf 89' lang='lat' dir='ltr'>territa</span> <span class='ocrx_word' id='word_1_177' title='bbox 1008 2053 1181 2108; x_wconf 88' lang='lat' dir='ltr'>mensis,</span> 
     </span>
     <span class='ocr_line' id='line_1_28' title="bbox 140 2122 1143 2182; baseline -0.002 -16"><span class='ocrx_word' id='word_1_178' title='bbox 140 2125 388 2182; x_wconf 86' lang='lat' dir='ltr'>Interrupta</span> <span class='ocrx_word' id='word_1_179' title='bbox 406 2122 496 2166; x_wconf 92' lang='lat' dir='ltr'>dies</span> <span class='ocrx_word' id='word_1_180' title='bbox 518 2122 694 2180; x_wconf 80' lang='lat' dir='ltr'>refugos</span> <span class='ocrx_word' id='word_1_181' title='bbox 716 2132 920 2167; x_wconf 83' lang='lat' dir='ltr'>vanascat</span> <span class='ocrx_word' id='word_1_182' title='bbox 938 2123 979 2166; x_wconf 88' lang='lat' dir='ltr'>in</span> <span class='ocrx_word' id='word_1_183' title='bbox 998 2133 1143 2167; x_wconf 88' lang='lat' dir='ltr'>ortus:</span> 
     </span>
    </p>

    <p class='ocr_par' dir='ltr' id='par_1_14' title="bbox 139 2194 1381 2537">
     <span class='ocr_line' id='line_1_29' title="bbox 140 2194 1294 2253; baseline 0 -16"><span class='ocrx_word' id='word_1_184' title='bbox 140 2198 251 2238; x_wconf 84' lang='lat' dir='ltr'>Ante</span> <span class='ocrx_word' id='word_1_185' title='bbox 272 2194 443 2238; x_wconf 85' lang='lat' dir='ltr'>dabunt</span> <span class='ocrx_word' id='word_1_186' title='bbox 457 2194 618 2237; x_wconf 85' lang='lat' dir='ltr'>imbres</span> <span class='ocrx_word' id='word_1_187' title='bbox 634 2194 796 2248; x_wconf 88' lang='lat' dir='ltr'>Nilum,</span> <span class='ocrx_word' id='word_1_188' title='bbox 823 2209 952 2253; x_wconf 87' lang='lat' dir='ltr'>super</span> <span class='ocrx_word' id='word_1_189' title='bbox 971 2195 1134 2238; x_wconf 73' lang='lat' dir='ltr'>aethera</span> <span class='ocrx_word' id='word_1_190' title='bbox 1154 2195 1294 2238; x_wconf 84' lang='lat' dir='ltr'>damae</span> 
     </span>
     <span class='ocr_line' id='line_1_30' title="bbox 139 2265 1381 2325; baseline 0.001 -17"><span class='ocrx_word' id='word_1_191' title='bbox 139 2266 378 2319; x_wconf 73' lang='lat' dir='ltr'>Erra&#39;bunt,</span> <span class='ocrx_word' id='word_1_192' title='bbox 401 2275 658 2324; x_wconf 88' lang='lat' dir='ltr'>montesque</span> <span class='ocrx_word' id='word_1_193' title='bbox 685 2275 859 2319; x_wconf 83' lang='lat' dir='ltr'>canent,</span> <span class='ocrx_word' id='word_1_194' title='bbox 886 2275 928 2310; x_wconf 89' lang='lat' dir='ltr'>et</span> <span class='ocrx_word' id='word_1_195' title='bbox 948 2266 1129 2309; x_wconf 80' lang='lat' dir='ltr'>flumina</span> <span class='ocrx_word' id='word_1_196' title='bbox 1152 2265 1381 2325; x_wconf 87' lang='lat' dir='ltr'>plaudent,</span> 
     </span>
     <span class='ocr_line' id='line_1_31' title="bbox 140 2336 1380 2396; baseline 0.002 -17"><span class='ocrx_word' id='word_1_197' title='bbox 140 2340 277 2390; x_wconf 83' lang='lat' dir='ltr'>Quam</span> <span class='ocrx_word' id='word_1_198' title='bbox 298 2336 405 2379; x_wconf 89' lang='lat' dir='ltr'>mihi</span> <span class='ocrx_word' id='word_1_199' title='bbox 424 2347 520 2395; x_wconf 83' lang='lat' dir='ltr'>post</span> <span class='ocrx_word' id='word_1_200' title='bbox 542 2346 713 2395; x_wconf 83' lang='lat' dir='ltr'>tergum</span> <span class='ocrx_word' id='word_1_201' title='bbox 735 2338 912 2381; x_wconf 85' lang='lat' dir='ltr'>veniant</span> <span class='ocrx_word' id='word_1_202' title='bbox 934 2347 1008 2381; x_wconf 84' lang='lat' dir='ltr'>tua</span> <span class='ocrx_word' id='word_1_203' title='bbox 1027 2338 1143 2381; x_wconf 70' lang='lat' dir='ltr'>dona</span> <span class='ocrx_word' id='word_1_204' title='bbox 1162 2338 1380 2396; x_wconf 79' lang='lat' dir='ltr'>magister.</span> 
     </span>
     <span class='ocr_line' id='line_1_32' title="bbox 140 2407 1330 2468; baseline 0.002 -17"><span class='ocrx_word' id='word_1_205' title='bbox 140 2410 266 2451; x_wconf 82' lang='lat' dir='ltr'>Arcet</span> <span class='ocrx_word' id='word_1_206' title='bbox 281 2423 417 2459; x_wconf 86' lang='lat' dir='ltr'>amor,</span> <span class='ocrx_word' id='word_1_207' title='bbox 441 2407 733 2468; x_wconf 86' lang='lat' dir='ltr'>copulamque</span> <span class='ocrx_word' id='word_1_208' title='bbox 754 2418 871 2452; x_wconf 86' lang='lat' dir='ltr'>tenet</span> <span class='ocrx_word' id='word_1_209' title='bbox 889 2409 1132 2453; x_wconf 90' lang='lat' dir='ltr'>communis</span> <span class='ocrx_word' id='word_1_210' title='bbox 1145 2410 1330 2453; x_wconf 90' lang='lat' dir='ltr'>honesti.</span> 
     </span>
     <span class='ocr_line' id='line_1_33' title="bbox 141 2478 1172 2537; baseline 0.002 -16"><span class='ocrx_word' id='word_1_211' title='bbox 141 2479 221 2522; x_wconf 86' lang='lat' dir='ltr'>Hic</span> <span class='ocrx_word' id='word_1_212' title='bbox 236 2479 305 2522; x_wconf 90' lang='lat' dir='ltr'>hic</span> <span class='ocrx_word' id='word_1_213' title='bbox 321 2488 469 2536; x_wconf 87' lang='lat' dir='ltr'>regnat</span> <span class='ocrx_word' id='word_1_214' title='bbox 492 2479 691 2523; x_wconf 79' lang='lat' dir='ltr'>amicitiae</span> <span class='ocrx_word' id='word_1_215' title='bbox 709 2479 842 2523; x_wconf 88' lang='lat' dir='ltr'>decus</span> <span class='ocrx_word' id='word_1_216' title='bbox 861 2480 984 2523; x_wconf 89' lang='lat' dir='ltr'>hoste</span> <span class='ocrx_word' id='word_1_217' title='bbox 1005 2478 1172 2537; x_wconf 85' lang='lat' dir='ltr'>fugato.</span> 
     </span>
    </p>

    <p class='ocr_par' dir='ltr' id='par_1_15' title="bbox 141 2550 1410 2680">
     <span class='ocr_line' id='line_1_34' title="bbox 141 2550 1410 2609; baseline 0.002 -17"><span class='ocrx_word' id='word_1_218' title='bbox 141 2550 248 2593; x_wconf 85' lang='lat' dir='ltr'>Nam</span> <span class='ocrx_word' id='word_1_219' title='bbox 270 2564 413 2608; x_wconf 86' lang='lat' dir='ltr'>neque</span> <span class='ocrx_word' id='word_1_220' title='bbox 434 2559 612 2608; x_wconf 87' lang='lat' dir='ltr'>propter</span> <span class='ocrx_word' id='word_1_221' title='bbox 633 2565 736 2609; x_wconf 88' lang='lat' dir='ltr'>opes</span> <span class='ocrx_word' id='word_1_222' title='bbox 758 2550 933 2605; x_wconf 73' lang='lat' dir='ltr'>vitreas,</span> <span class='ocrx_word' id='word_1_223' title='bbox 959 2565 1204 2609; x_wconf 88' lang='lat' dir='ltr'>aurumque</span> <span class='ocrx_word' id='word_1_224' title='bbox 1227 2550 1386 2594; x_wconf 85' lang='lat' dir='ltr'>rebelle</span> <span class='ocrx_word' id='word_1_225' title='bbox 1400 2586 1410 2605; x_wconf 90' lang='lat'>,</span> 
     </span>
     <span class='ocr_line' id='line_1_35' title="bbox 143 2619 1298 2680; baseline 0.002 -19"><span class='ocrx_word' id='word_1_226' title='bbox 143 2620 165 2661; x_wconf 88' lang='lat' dir='ltr'>J</span> <span class='ocrx_word' id='word_1_227' title='bbox 172 2619 373 2676; x_wconf 81' lang='lat' dir='ltr'>ungimus</span> <span class='ocrx_word' id='word_1_228' title='bbox 391 2634 585 2665; x_wconf 87' lang='lat' dir='ltr'>assensus</span> <span class='ocrx_word' id='word_1_229' title='bbox 599 2621 844 2664; x_wconf 88' lang='lat' dir='ltr'>animorum</span> <span class='ocrx_word' id='word_1_230' title='bbox 865 2638 875 2665; x_wconf 70' lang='grc' dir='ltr'>ε</span> <span class='ocrx_word' id='word_1_231' title='bbox 899 2634 1001 2665; x_wconf 90' lang='lat' dir='ltr'>nam</span> <span class='ocrx_word' id='word_1_232' title='bbox 1021 2635 1165 2680; x_wconf 90' lang='lat' dir='ltr'>neque</span> <span class='ocrx_word' id='word_1_233' title='bbox 1177 2619 1298 2679; x_wconf 84' lang='lat' dir='ltr'>vulgi</span> 
     </span>
    </p>
   </div>
  </div>
 </body>
</html>
