1790 3187
371 190 452 229 196
811 197 842 222 s.
879 197 1108 224 Auens'nm
1143 198 1320 225 muscom

365 281 445 325 pax
484 280 572 308 non
595 271 718 307 esset.
766 259 850 305 Sed
888 276 976 305 non
1008 270 1122 305 recte
1156 262 1238 306 11οο
1269 261 1455 307 videtur.
1494 265 1644 310 Tutior
1681 279 1740 315 est

362 335 478 380 enim
495 334 567 378 ille
587 347 734 378 sensus
758 341 800 375 et
825 331 987 386 verior,
1015 341 1064 376 ut
1091 347 1167 391 pro
1196 332 1487 377 mutabilitate
1505 335 1739 385 affectionis

359 407 562 450 humanae
589 403 771 463 Spiritus
795 402 871 446 Dei
896 402 1036 446 bonus
1061 402 1172 446 bene
1190 403 1370 457 alliciat,
1390 404 1454 448 vel
1477 405 1530 449 ad
1554 409 1760 466 prophe-'

360 479 477 532 tiam,
497 475 566 522 vel
587 475 642 519 ad
665 489 772 533 opus
797 473 1024 533 quodlibet
1039 473 1155 518 aliud
1181 475 1226 518 in
1245 490 1424 519 munere
1446 476 1618 535 divino3
1646 480 1738 524 affi-

356 550 441 594 ciat
463 556 607 592 autem
632 544 770 589 malus
805 543 938 601 male,
971 546 1047 605 qui
1072 555 1249 605 propter
1278 546 1563 591 ministerium
1585 549 1738 598 divinae

355 618 571 679 aequitatis
593 616 737 661 omnia
760 615 1058 660 distribuentis
1075 624 1117 660 et
1139 617 1342 661 omnibus
1362 627 1477 662 recte
1494 619 1655 664 utentis
1671 620 1736 666 di-
1783 631 1787 637 “

353 691 466 735 citur
494 698 538 732 et
566 689 657 747 ipse
684 687 858 746 spiritus
882 686 959 731 Dei
996 706 1004 731 :
1037 687 1276 746 praesertim
1311 689 1413 748 quia
1452 690 1618 734 dictum
1651 702 1731 749 est,

357 780 377 805 «
402 760 594 804 Recessit
616 760 670 802 ab
692 773 743 802 eo
765 757 939 817 spiritus
959 757 1056 812 Dei,
1078 767 1120 801 et
1142 759 1473 817 comprehendit
1495 776 1594 805 eum
1610 762 1732 821 spiri-

355 851 375 875 »
401 841 471 876 tus
500 830 716 888 malignus
751 845 773 873 a
802 828 1028 873 Domin01.
1066 847 1085 869 »
1118 828 1249 873 Nullo
1282 830 1397 874 enim
1436 840 1562 889 pacto
1598 842 1735 891 potest

349 902 466 947 idem
492 901 627 947 videri
651 899 876 960 recessisse⁴
899 909 942 942 et
969 900 1317 959 apprehendisse.
1357 904 1491 945 Porro
1521 911 1664 946 autem
1690 904 1733 950 in

348 971 571 1018 nonnullis
602 969 945 1030 exemplaribus,
979 978 1022 1013 et
1060 970 1118 1013 eis
1152 970 1335 1014 maxime
1364 987 1463 1031 quae
1496 971 1551 1016 de
1587 973 1732 1032 lingua

348 1044 535 1088 Hebraea
559 1041 612 1086 ad
634 1042 817 1085 verbum
844 1039 1049 1085 videntur
1072 1055 1288 1099 expressa,
1315 1041 1528 1086 invenitur
1553 1043 1731 1102 Spiritus

347 1115 426 1159 Dei
447 1115 537 1159 sine
555 1113 853 1157 additamento
878 1112 1066 1170 positus3
1091 1120 1133 1155 et
1159 1111 1418 1169 intelligitur
1446 1113 1586 1158 malus
1608 1129 1660 1158 ex
1681 1130 1730 1161 eo

345 1183 464 1245 quod
489 1182 720 1242 arripiebat
751 1181 868 1236 Saul,
904 1190 947 1224 et
973 1181 1196 1225 reficiebat
1226 1196 1324 1225 eum
1350 1182 1482 1227 David
1514 1185 1730 1243 tangendo

341 1256 569 1301 citharam.
591 1251 870 1299 Manifestum
885 1260 947 1295 est
962 1260 1122 1305 tamen,
1143 1252 1241 1296 ideo
1259 1268 1347 1296 non
1363 1253 1560 1297 additum
1577 1256 1725 1313 malus,

287 1333 291 1337 “
342 1326 444 1386 quia
462 1324 594 1384 paulo
607 1323 901 1382 superiusjam
917 1320 1083 1366 dictum
1098 1331 1203 1376 erat,
1225 1331 1268 1365 et
1282 1322 1336 1365 de
1353 1323 1573 1369 vicinitate
1589 1326 1727 1386 Scrip-

341 1406 452 1442 turae
469 1394 695 1440 subaudiri
717 1402 760 1438 et
774 1392 955 1450 intelligi
976 1401 1159 1452 poterat.
1189 1395 1252 1437 Ita
1274 1393 1388 1437 enim
1413 1394 1458 1437 in
1482 1395 1726 1454 hujusmodi

341 1466 657 1526 exemplaribus
679 1464 860 1523 legitur:
877 1482 896 1505 «
910 1464 1048 1522 Igitur
1060 1463 1430 1523 quandocumque
1451 1465 1625 1523 spiritus
1643 1469 1724 1512 Do-

342 1555 364 1582 »
389 1539 496 1582 mini
522 1536 755 1595 arripiebat
779 1534 905 1589 Saul,
932 1533 1112 1578 tollebat
1131 1534 1266 1578 David
1289 1535 1498 1579 citharam
1518 1546 1561 1581 et
1578 1553 1721 1596 percu·
1753 1590 1755 1599 Ι

342 1629 362 1653 »
386 1610 522 1654 tiebat
544 1624 678 1653 manu
701 1623 799 1662 sua,
825 1615 867 1650 et
890 1606 1215 1651 refocillabatur
1240 1606 1357 1661 Saiil,
1381 1616 1423 1651 et
1439 1607 1575 1653 levius
1593 1610 1723 1654 habe·

342 1681 461 1725 »bat
510 1700 518 1725 2
564 1678 794 1723 recedebat
831 1678 947 1721 enim
980 1678 1033 1721 ab
1067 1692 1118 1721 eo
1153 1679 1326 1736 spiritus
1356 1678 1533 1723 1111111132.
1575 1698 1594 1721 »
1631 1680 1721 1725 Sive

338 1767 442 1811 ergo
459 1749 579 1811 quod
600 1750 670 1794 hic
693 1764 781 1793 non
804 1757 868 1792 est
889 1746 1072 1802 dictum,
1105 1748 1278 1807 spiritus
1302 1749 1376 1792 Dei
1400 1768 1407 1793 τ
1432 1749 1506 1793 sed
1529 1758 1719 1794 tantum-

337 1822 486 1867 modo.
518 1821 692 1880 spiritus
721 1818 860 1862 malus
893 1838 902 1864 ;
928 1818 1047 1878 quod
1072 1818 1132 1861 ibi
1156 1819 1297 1862 minus
1320 1818 1484 1863 dictum
1503 1829 1608 1874 erat,
1634 1830 1718 1866 tan-

338 1908 471 1954 quam
501 1889 721 1935 redditum
750 1898 948 1948 apparet,
971 1889 1059 1933 sive
1089 1889 1191 1947 quia
1219 1890 1416 1947 superius
1442 1890 1501 1934 ita
1536 1892 1715 1950 positum

338 1973 430 2009 erat
445 1998 456 2018 ,
481 1981 500 2005 «
524 1965 582 2006 Et
602 1960 803 2004 dixerunt
825 1959 935 2003 servi
964 1959 1065 2003 Saiil
1088 1959 1142 2002 ad
1164 1974 1263 2002 eum
1287 1978 1295 2004 ι
1323 1963 1434 2004 Εο00
1456 1961 1628 2019 spiritus
1647 1961 1716 2006 Dei

344 2055 362 2078 »
388 2034 527 2079 malus
556 2032 741 2090 exagitat
762 2040 825 2089 te3
849 2031 1002 2090 jubeat
1028 2029 1229 2074 dominus
1253 2040 1414 2086 noster,
1452 2041 1494 2076 et
1517 2033 1625 2076 servi
1657 2033 1715 2077 tui

343 2126 361 2148 »
387 2105 464 2165 qui
477 2117 623 2148 coram
645 2111 687 2146 te
715 2110 816 2145 sunt
844 2109 1042 2160 quaerent
1069 2101 1291 2145 hominem
1314 2103 1518 2146 scientem
1541 2102 1714 2162 psallere

342 2197 360 2220 2>
383 2176 563 2229 cithara,
576 2182 625 2217 ut
639 2171 816 2232 quando
829 2172 1057 2230 arripuerit
1070 2180 1111 2215 te
1126 2171 1299 2229 spiritus
1310 2173 1385 2216 Dei
1401 2173 1553 2227 malus,
1566 2173 1713 2233 psallat

338 2264 359 2290 1)
386 2261 520 2290 manu
547 2259 640 2298 sua,
665 2252 707 2286 et
728 2242 864 2286 levius
885 2241 1019 2285 feras3
1046 2260 1054 2285 :
1083 2260 1102 2282 »
1130 2257 1218 2286 non
1241 2258 1349 2301 opus
1369 2252 1474 2299 erat,
1496 2259 1594 2288 eum
1619 2260 1710 2288 rur·
1788 2273 1789 2284 ,

333 2333 428 2363 sum
445 2315 661 2360 diceretur
679 2312 1048 2373 quandocumque
1062 2312 1235 2371 spiritus
1254 2313 1330 2357 Dei
1349 2314 1580 2373 arripiebat
1597 2315 1707 2371 Saiil,

333 2388 493 2434 addere
509 2385 687 2439 malum,
713 2385 815 2444 quia
829 2392 983 2428 notum
1001 2392 1091 2427 erat
1114 2383 1168 2427 de
1184 2400 1272 2443 quo
1296 2393 1400 2428 tunc
1423 2386 1650 2431 diceretur.

393 2462 455 2503 70.
480 2461 792 2502 Verumtamen
813 2455 886 2500 illa
907 2455 1090 2515 quaestio
1112 2456 1248 2516 major
1277 2466 1360 2511 est,
1385 2466 1428 2501 et
1449 2473 1536 2502 non
1560 2457 1707 2502 transi·
1730 2499 1732 2521 :
1786 2475 1790 2506 1

383 2550 389 2567 “
411 2548 490 2587 Reg.
511 2554 576 2583 xvi,
602 2542 653 2584 14.
672 2560 709 2565 -·
727 2542 839 2575 21bid.
860 2542 914 2575 23.
929 2540 996 2565 -3
1016 2541 1098 2574 Ibid.
1122 2541 1171 2573 15.
