1790 3187
1752 0 1760 219 l

344 282 519 331 propter
539 273 735 332 precibus
753 280 963 330 quantum
989 271 1179 317 valemus
1202 272 1521 325 incumbimus,
1554 282 1602 316 ut
1624 287 1722 329 gre·
1787 291 1790 304 ¹

343 358 439 401 gem
463 344 538 387 tibi
558 343 831 387 commissum
853 352 996 387 tecum
1025 343 1230 388 Dominus
1259 342 1469 386 sustinere
1491 343 1721 402 dignetur,
1788 342 1790 369 ἢ

342 428 422 458 nec
446 423 487 457 te
510 414 673 472 uspiam
696 413 917 467 deserere,
943 414 1018 457 sed
1035 412 1181 458 adosse
1204 411 1375 473 adjutor
1396 413 1438 456 in
1466 412 1725 472 opportuni·
1754 453 1757 470 ,

341 483 504 527 tatibus
521 518 532 537 ,
562 482 723 527 faciens
750 498 850 527 cum
874 482 1063 527 Ecclesia
1086 498 1162 527 sua,
1192 481 1527 526 misericordiam
1559 497 1632 541 per
1654 498 1723 527 sa-

340 553 580 598 cerdotium
606 562 748 607 tuum,
771 553 944 612 qualem
963 553 1174 612 spiritales
1189 552 1269 598 viri
1289 561 1336 597 ut
1351 551 1499 608 faciat,
1522 551 1723 611 lacrymis

339 639 438 668 eum
464 624 785 684 gemitibusque
806 623 1100 683 interpellant.

400 697 458 739 11.
493 695 607 739 Scias
623 695 770 754 itaque
791 695 973 739 Domine
997 695 1234 739 beatissime
1253 703 1296 738 et
1315 693 1559 753 plenissima
1582 694 1723 738 chari-

339 772 427 808 tate
450 764 708 809 venerabilis
727 800 737 819 ,
770 781 859 809 non
885 764 1112 824 desperare
1144 781 1244 820 nos,
1273 765 1363 809 imo
1391 780 1560 824 sperare
1589 765 1722 809 velic-

340 844 530 889 menter,
565 835 683 895 quod
717 836 926 880 Dominus
948 845 991 879 et
1014 838 1127 880 Deus
1159 844 1304 879 noster
1327 850 1403 894 per
1424 834 1723 878 auctoritatem

337 920 534 964 personae
565 921 697 966 quam
727 907 864 965 geris,
899 922 1031 965 quam
1060 922 1147 950 non
1173 907 1318 960 carni,
1349 905 1422 949 sed
1449 905 1617 964 spiritui
1649 914 1723 950 tuo

336 976 580 1035 impositam
602 992 692 1021 esse
714 977 974 1022 confidimus
990 1013 1000 1032 ,
1023 977 1182 1021 multas
1216 976 1407 1021 carnales
1438 975 1655 1021 foeditates
1680 985 1724 1020 et
1756 1017 1758 1036 ἰ

336 1047 636 1106 aegritudines,
662 1064 770 1108 quas
791 1048 995 1093 Africana
1020 1048 1209 1093 Ecclesia
1235 1049 1277 1092 in
1299 1047 1443 1092 multis
1470 1049 1629 1107 patitur
1646 1081 1657 1100 ,
1678 1047 1722 1089 in

337 1118 485 1175 paucis
505 1118 637 1177 gemit
658 1118 966 1162 consiliorum¹
992 1120 1223 1177 gravitate,
1247 1129 1289 1162 et
1307 1128 1377 1162 tua
1401 1119 1532 1177 possit
1553 1132 1716 1161 sanare.
1756 1115 1758 1130 ¹

335 1188 446 1231 Cum
465 1188 579 1231 enim
601 1188 832 1247 Apostolus
851 1188 929 1232 tria
960 1188 1149 1232 breviter
1167 1203 1322 1246 genera
1344 1189 1547 1231 vitiorum
1577 1187 1720 1231 detes·
1756 1198 1758 1208 ·

335 1257 467 1301 tanda
489 1267 532 1301 et
552 1258 729 1303 vitanda
747 1274 837 1303 uno
857 1259 900 1302 in
920 1258 1017 1303 loco
1035 1259 1249 1318 posuerit,
1274 1258 1329 1302 de
1346 1259 1506 1318 quibus
1524 1258 1722 1301 innume·
1756 1270 1759 1299 i

335 1327 535 1372 rabitium
563 1329 767 1373 vitiorum
791 1330 960 1388 exurgit
988 1345 1107 1389 seges
1123 1364 1134 1382 ,
1163 1345 1302 1373 unum
1326 1331 1481 1373 horum
1506 1328 1624 1389 quod
1649 1344 1718 1372 sc·
1756 1347 1759 1375 ὲ

333 1398 480 1443 cundo
501 1399 598 1444 loco
626 1400 795 1458 posuit,
823 1402 1028 1445 acerrime
1051 1401 1094 1444 in
1119 1399 1307 1445 Ecclesia
1332 1400 1605 1456 vindicatur3
1629 1398 1718 1443 duo
1756 1390 1758 1405 ³

333 1479 478 1513 autem
499 1470 662 1531 reliqua
681 1471 759 1524 ,id
780 1480 844 1515 est
862 1472 1049 1530 primum
1070 1481 1112 1515 ct
1131 1471 1331 1515 ultimum
1351 1506 1361 1525 ,
1387 1470 1627 1514 tolerabilia
1653 1470 1718 1513 vi·
1757 1482 1759 1525 ξ

332 1540 494 1584 dentur
517 1541 788 1595 hominibus,
809 1552 941 1601 atque
960 1542 1016 1586 ita
1037 1541 1243 1601 paulatim
1269 1542 1360 1586 fieri
1380 1551 1545 1601 potest,
1566 1550 1616 1584 ut
1638 1556 1716 1586 nec
1758 1534 1759 1537 Ἴ

331 1611 430 1656 vitia
452 1613 541 1671 jam
576 1622 800 1671 putentur.
834 1614 905 1657 Ait
937 1614 1053 1656 enim
1082 1629 1155 1657 vas
1192 1613 1413 1657 electionis
1447 1633 1456 1657 ε
1493 1633 1511 1654 «
1544 1615 1640 1657 Non
1671 1612 1716 1656 in

335 1700 354 1723 »
381 1684 764 1727 comessationibus
802 1693 845 1728 et
875 1684 1181 1739 ebrietatibus,
1213 1700 1301 1728 non
1340 1685 1384 1728 in
1417 1684 1636 1728 cubilibus
1673 1692 1716 1727 et

333 1770 354 1794 »
379 1753 684 1813 impudicitiis,
717 1769 806 1798 non
833 1754 877 1798 in
907 1755 1185 1799 contentione
1213 1764 1255 1799 et
1287 1755 1414 1809 dolo,
1447 1754 1520 1798 sed
1545 1754 1714 1798 induite

333 1842 354 1866 »
379 1840 455 1868 vos
482 1826 712 1869 Dominum
734 1828 883 1869 Jesum
906 1827 1152 1879 Christum3
1174 1835 1217 1871 et
1240 1826 1379 1871 carnis
1398 1841 1547 1870 curam
1567 1841 1621 1870 ne
1646 1823 1711 1869 fe-

332 1913 353 1936 »
378 1896 519 1940 ceritis
540 1897 584 1939 in
607 1896 966 1956 concupiscentiis
979 1900 1011 1941 2.
1042 1915 1061 1938 »

389 1968 470 2010 ΙΙΙ.
508 1969 674 2010 Horum
707 1982 809 2025 ergo
844 1966 1002 2021 trium,
1037 1965 1196 2011 cubilia
1227 1975 1271 2010 et
1304 1967 1586 2026 impudicitiae
1624 1975 1709 2010 tam

328 2050 535 2093 magnum
558 2037 720 2080 crimen
740 2046 972 2095 putantur,
998 2045 1048 2080 ut
1069 2052 1197 2081 nemo
1214 2037 1372 2096 dignus
1388 2053 1474 2082 non
1495 2037 1625 2081 modo
1646 2051 1713 2081 ec-

328 2106 565 2152 clesiastico
582 2108 835 2161 ministerio,
854 2108 926 2152 sed
948 2110 1036 2166 ipsa
1058 2108 1186 2152 etiam
1208 2118 1572 2153 sacramentorum
1588 2122 1709 2153 com·

328 2179 536 2222 munione
550 2177 748 2222 videatur
763 2214 774 2233 ,
794 2179 870 2238 qui
891 2194 934 2222 se
953 2179 1033 2222 isto
1050 2188 1228 2237 peccato
1254 2179 1500 2223 maculavit.
1522 2182 1577 2223 Et
1595 2188 1710 2223 recte

328 2249 522 2294 omnino.
552 2250 633 2294 Sed
659 2265 791 2309 quare
808 2248 979 2293 solum?
1001 2250 1342 2294 Comessationcs
1365 2250 1478 2294 enim
1503 2259 1545 2294 et
1566 2250 1708 2293 ebrie·
1758 2257 1759 2302 ξ

327 2329 435 2364 tates
449 2321 507 2364 ita
530 2336 743 2365 concessas
762 2330 805 2364 et
822 2320 950 2364 licitae
968 2329 1199 2378 putantur,
1221 2330 1269 2365 ut
1288 2322 1330 2364 in
1350 2322 1558 2365 honorem
1578 2321 1707 2364 ctiam

328 2391 673 2435 beatissimorum
694 2395 934 2449 Martyrum
952 2426 963 2444 ,
986 2407 1071 2435 non
1096 2392 1234 2436 solum
1260 2408 1335 2451 per
1356 2393 1445 2436 dics
1467 2392 1678 2436 solemnes
1694 2426 1705 2445 ,
1758 2439 1759 2457 ἢ

327 2461 476 2520 (quod
507 2462 648 2521 ipsum
671 2462 767 2522 quis
794 2477 883 2506 non
916 2461 1157 2521 lugendum
1187 2463 1354 2517 videat,
1388 2462 1463 2521 qui
1493 2463 1586 2506 haec
1619 2476 1707 2506 non

379 2548 384 2563 ¹
412 2545 514 2578 Forte
530 2545 747 2578 conciliorum.
765 2562 804 2569 ——
825 2552 836 2567 ²
863 2548 940 2578 Boni
974 2556 1037 2583 χιιι,
1060 2546 1111 2577 13.

347 197 428 237 304
787 209 816 233 s.
857 210 1083 236 aucus'rtnt
1120 211 1296 236 Eriscom

1775 402 1779 439 ί
1788 426 1790 442 i

1777 451 1779 487 t

1777 494 1781 531 l
