1790 3187
31 0 35 161 ῐ

31 178 33 247 4

595 178 793 206 ειηετοω.
827 180 905 206 vi1.
1364 165 1449 204 265

12 250 33 295 μί
61 245 333 307 phantastico
353 244 606 288 memoriam
628 242 766 288 facere
788 243 1014 302 potuisset.
1040 244 1143 287 Haec
1164 256 1245 300 ego
1267 241 1452 287 inconsi-

11 298 33 394 --t

62 316 209 361 derate
241 330 290 359 ac
317 314 595 374 perturbate,
627 323 676 358 ut
706 312 820 358 soleo
838 349 848 367 ,
878 313 965 357 dixi
993 333 1001 358 ;
1034 322 1083 357 tu
1110 311 1355 372 explorabis
1373 346 1383 366 ‚
1409 321 1452 356 et

61 384 169 431 falso
187 386 345 445 rejecto
360 421 370 439 ‚
396 385 619 430 veritatem
643 386 689 428 in
706 384 860 428 litteris
877 383 1089 429 conferes.
1114 402 1133 424 »

121 459 179 501 11.
205 475 225 498 «
249 456 362 501 Audi
385 455 503 500 aliud
525 475 533 500 :
559 457 674 510 Cur,
700 470 849 515 quaeso
870 464 933 510 te,
953 470 1041 500 non
1057 470 1079 499 a
1096 469 1140 498 se
1158 453 1301 514 potius
1319 468 1451 514 quam

4 551 8 575 ι
61 544 85 573 a
101 543 229 572 sensu
252 527 522 587 phantasiam
541 527 703 572 habere
720 542 869 572 omnes
896 527 1107 586 imagines
1130 525 1346 570 dicimus?
1366 528 1451 570 Po-

3 606 31 652 3}
62 608 143 645 test
164 614 278 643 enim
298 634 309 654 ‚
333 598 705 659 quemadmodum
728 598 898 643 animus
919 596 1222 642 intellectualis
1244 597 1300 641 ad
1325 595 1454 640 intel-

3 760 12 793 8

2 830 13 862 t

3 906 14 930 ‘t

4 971 12 1003 Ι

4 1042 11 1074 Ι

4 1112 11 1144 Ι

19 1596 23 1705 ἰ

19 1707 23 1795 Ι

19 1800 22 1907 Ξ

59 670 240 730 ligibilia
260 687 335 715 sua
356 670 543 715 videnda
569 687 592 715 a
614 686 740 715 sensu
760 671 1020 715 admonetur
1043 671 1188 729 potius
1213 684 1346 729 quam
1375 667 1455 712 ali-

59 742 166 803 quid
183 743 367 802 accipit,
390 743 449 787 ita
476 751 518 786 et
543 743 837 802 phantasticus
857 743 1025 786 animus
1049 742 1103 785 ad
1121 741 1332 799 imagines
1357 755 1454 784 suas

58 814 445 873 contemplandas,
482 830 505 858 a
537 829 666 858 sensu
695 814 919 858 admoneri
950 814 1093 872 potius
1124 827 1256 872 quam
1289 809 1455 870 aliquid

59 901 289 930 assumere.
333 889 438 931 Nam
469 885 582 930 forte
609 884 712 929 inde
744 884 982 942 contingit,
1018 893 1068 927 ut
1100 898 1148 927 ea
1177 898 1276 942 quae
1305 896 1454 926 sensus

59 971 147 1000 non
169 955 317 1011 videt,
340 955 413 999 ille
436 965 580 1000 tamen
607 955 795 1015 aspicere
820 954 954 1014 possit
984 973 993 998 :
1019 952 1140 1013 quod
1164 953 1336 1011 signum
1359 961 1450 1006 est,

59 1027 103 1071 in
130 1041 174 1070 se
196 1035 239 1071 et
266 1042 288 1070 a
317 1041 361 1070 se
382 1026 545 1070 habere
569 1040 720 1070 omnes
744 1025 968 1085 imagines.
1003 1028 1066 1070 De
1091 1025 1174 1069 hac
1204 1039 1249 1068 re
1277 1037 1455 1084 quoque

59 1097 164 1159 quid
186 1098 366 1153 sentias,
393 1096 690 1158 respondebis.
721 1115 741 1138 »

59 1244 675 1262 mummtvvwvvwvuxstmmt
678 1243 1010 1260 “mmmmm
1013 1243 1148 1259 ΜᾺἊ
1151 1242 1358 1260 UWUWVVWVU
1361 1242 1459 1259 mum

498 1353 827 1402 EPISTOLA
872 1355 956 1401 VH
973 1347 1006 1400 ¹.

473 1491 702 1524 NEBRIDIO
729 1490 1033 1523 AUGUSTINUS.

4 1640 8 1651 ι
60 1613 360 1674 Augustinus
389 1614 698 1672 quoestionem
732 1621 986 1670 utramque
1014 1628 1046 1657 a
1082 1609 1326 1660 Nebridio
1353 1625 1455 1655 mo-

593 1693 691 1729 tum
708 1682 915 1728 discutit.

120 1823 153 1864 Ι.
182 1823 402 1865 Pnoomno
424 1819 689 1880 supersidam
707 1855 717 1875 ,
734 1829 776 1864 et
795 1821 882 1865 cito
897 1821 1100 1879 incipiam
1117 1820 1237 1879 quod
1262 1819 1453 1878 mejam-

19 1913 21 1924 ι
55 1892 233 1952 jamque
255 1893 315 1935 vis
331 1892 474 1935 dicere
491 1926 501 1945 ,
521 1892 757 1949 praesertim
781 1907 869 1935 non
887 1891 974 1935 cito
989 1891 1222 1935 desiturus.
1245 1889 1454 1934 Memoria

63 1963 140 2007 tibi
158 1961 278 2006 nulla
294 1962 466 2007 videtur
481 1978 570 2006 esse
587 1977 709 2022 posse
725 1962 815 2006 sine
832 1962 1093 2021 imaginibus
1109 1961 1180 2006 vel
1195 1960 1456 2020 imaginariis

61 2035 184 2090 visis,
213 2051 313 2095 quae
343 2035 666 2094 phantasiarum
691 2035 866 2079 nomine
895 2034 1114 2095 appellare
1137 2033 1311 2079 voluisti
1341 2053 1348 2077 :
1375 2049 1456 2092 ego

62 2105 178 2151 aliud
196 2107 406 2151 existimo.
434 2108 628 2151 Primum
647 2123 750 2166 ergo
767 2106 1005 2151 videndum
1031 2117 1093 2151 est
1112 2143 1122 2160 ‚
1140 2094 1231 2150 'non
1252 2122 1331 2150 nos
1349 2122 1455 2150 sem-

63 2192 137 2237 per
153 2193 297 2222 rerum
318 2178 677 2237 praetereuntium
697 2177 966 2232 meminisse,
988 2177 1060 2222 sed
1086 2177 1345 2237 plerumque
1364 2192 1456 2221 ma-

62 2250 273 2293 nentium.
297 2252 439 2303 Quare
461 2265 562 2294 cum
585 2249 665 2294 sibi
682 2250 889 2294 memoria
912 2249 1120 2308 praeteriti
1139 2249 1343 2308 temporis
1360 2248 1455 2291 vin-

63 2318 176 2364 dicet
198 2322 475 2365 tenacitatem
499 2341 507 2366 :
528 2330 696 2365 constat
719 2337 812 2365 eam
832 2330 975 2364 tamen
997 2320 1151 2379 partim
1171 2335 1320 2363 eorum
1341 2334 1451 2374 esse,

64 2405 160 2451 quae
183 2407 261 2437 nos
283 2392 510 2448 deserunt,
538 2393 693 2452 partim
719 2407 892 2447 eorum,
918 2407 1017 2451 quae
1044 2390 1305 2435 deseruntur
1328 2406 1351 2435 a
1374 2406 1454 2436 no-

114 2494 123 2511 ¹
146 2488 229 2521 Alias
250 2500 424 2532 tunquae
444 2494 551 2523 autem
569 2500 613 2522 vn
632 2494 714 2527 erat,
731 2500 815 2522 nunc
835 2490 1112 2532 cuiue-Scripta
1129 2490 1214 2522 circa
1237 2489 1361 2523 initium
1381 2490 1453 2520 anni
