1790 3187
366 183 416 209 uz
449 182 553 208 oc'ro
585 182 772 208 ntJLciTu
806 183 1135 217 QUAEsriowBts.
1364 173 1444 208 ‘227

62 250 159 294 tatis
181 249 258 292 iste
279 246 523 291 intellectus
542 247 721 306 hujusce
735 247 1295 291 senteniiaeNerumtamen
1318 247 1449 290 etiam

60 320 94 366 si
108 328 171 363 est
189 317 320 372 alius,
337 317 413 378 qui
431 317 535 361 mihi
557 333 645 361 non
667 317 872 371 occurrit,
893 318 1037 376 potius
1053 316 1296 376 eligendus,
1320 318 1450 361 istum

60 390 256 451 quandiu
278 398 474 433 tenemus
491 423 501 443 ,
537 404 624 432 non
643 389 840 447 cogimur
862 389 1005 433 dicere
1028 389 1215 449 injustiS,
1240 403 1327 432 non
1343 389 1452 432 sub-

61 461 161 506 ditis
182 496 193 514 ,
219 458 427 513 scelestis,
453 460 781 514 contaminatis,
815 460 1062 519 parricidis,
1083 460 1342 514 matricidis,
1370 460 1452 504 ho-

59 532 240 586 micidis,
263 531 622 585 fornicatoribus,
641 531 933 576 masculorum
953 531 1311 577 concubitoribus
1327 566 1337 586 ,
1358 531 1453 591 pla-

60 603 215 663 giariis,
236 603 521 647 mendacibus
538 639 548 658 ‚
576 603 757 663 perjuris
777 638 788 658 ,
822 613 865 647 et
892 604 925 647 si
948 603 1054 664 quid
1078 602 1195 647 aliud
1215 619 1330 647 sanae
1345 604 1454 647 doc-

59 675 184 721 trinae
212 675 463 719 adversatur
479 710 489 730 ,
513 691 613 734 quae
637 685 699 719 est
722 676 963 719 secundum
996 674 1281 733 Evangelium
1306 675 1452 733 gloriae

59 744 172 790 beati
188 746 261 789 Dei
276 747 286 772 ¹
303 765 311 790 :
326 746 367 791 Si
389 748 692 790 tantummodo
715 747 758 790 in
776 748 998 791 Christum
1022 745 1222 800 credatis,
1250 757 1293 790 et
1315 762 1454 791 sacra·

57 829 254 863 mentum
278 818 480 878 baptismi
503 819 594 878 ejus
612 819 844 877 accipiatis,
866 819 1031 863 etiarnsi
1052 818 1186 864 vitam
1209 819 1335 863 istam
1356 833 1452 878 pes-

57 889 207 934 simam
238 906 327 934 non
356 889 627 933 mutaveritis
646 925 656 944 ,
685 890 791 933 salvi
814 889 947 933 eritis.

117 963 178 1005 9⁰.
208 960 334 1005 Unde
369 976 449 1004 nec
478 959 552 1004 illa
584 960 709 1004 nobis
731 960 888 1004 mulier
918 960 1166 1005 Chananaea
1193 960 1450 1020 praescribit,

57 1033 158 1093 quia
181 1032 391 1076 Dominus
412 1031 451 1075 ei
473 1030 594 1092 quod
617 1031 794 1090 petebat
823 1030 945 1075 dedit
964 1066 974 1085 ,
1002 1047 1102 1075 cum
1132 1041 1233 1075 ante
1252 1030 1452 1076 dixisset:

61 1122 81 1146 ι(
105 1105 202 1148 Non
225 1112 285 1147 est
306 1103 471 1147 bonum
496 1101 648 1146 tollere
672 1118 825 1162 panem
851 1102 1065 1158 filiorum,
1086 1112 1129 1146 et
1146 1103 1319 1146 mittere
1333 1103 1454 1147 cani-

61 1191 82 1216 »
108 1174 188 1218 bus
203 1175 218 1199 ²
240 1190 285 1216 z»
305 1174 405 1234 quia
424 1174 495 1217 ille
508 1174 650 1218 cordis
667 1174 886 1232 inspector
906 1184 1118 1217 mutatam
1136 1173 1256 1228 vidit,
1273 1174 1453 1232 quando

57 1241 267 1290 laudavit.
290 1249 345 1289 Et
373 1245 472 1290 ideo
501 1261 589 1289 non
608 1246 667 1289 ait
692 1264 700 1289 :
726 1247 764 1289 Ο
783 1245 899 1289 canis
915 1281 925 1300 ,
952 1261 1110 1304 magna
1133 1255 1196 1289 est
1218 1246 1324 1288 fides
1342 1255 1416 1289 tua
1441 1263 1451 1289 ι

58 1315 145 1368 sed,
166 1336 182 1355 «
210 1317 247 1360 Ο
273 1315 442 1369 mulier,
462 1333 614 1375 inagna
633 1326 693 1359 est
713 1315 950 1360 fidestua.»
965 1316 1152 1360 Mutavit
1167 1315 1453 1371 vocabulum,

58 1387 158 1447 quia
183 1397 400 1431 mutatum
431 1388 539 1431 vidit
561 1388 767 1431 affectum
791 1423 801 1441 ,
827 1397 959 1447 atque
988 1387 1104 1431 illam
1135 1388 1456 1446 correptionem
1492 1438 1495 1439 ⁷

59 1458 112 1503 ad
144 1457 338 1502 trucium
361 1459 603 1517 pervenisse
625 1458 846 1517 cognovit.
869 1459 1004 1502 Miror
1027 1468 1172 1502 autem
1197 1459 1229 1502 si
1253 1457 1453 1501 laudaret

58 1529 163 1574 inea
179 1531 308 1573 fidem
325 1530 416 1573 sine
435 1530 662 1589 operibus,
686 1529 729 1573 id
750 1539 828 1583 est,
846 1531 976 1573 fidem
995 1546 1082 1574 non
1097 1529 1224 1573 talem
1247 1546 1347 1590 quae
1364 1531 1455 1590 jam

59 1616 134 1660 per
155 1601 435 1645 dilectionem
462 1611 600 1660 posset
625 1601 819 1660 operari,
846 1601 976 1645 fidem
1002 1611 1216 1646 mortuam
1233 1637 1244 1655 ,
1271 1611 1314 1645 et
1335 1600 1454 1661 quod

59 1672 247 1716 Jacobus
268 1673 412 1716 dicere
444 1672 625 1715 minime
648 1671 893 1727 dubitavit,
919 1673 1051 1716 fidem
1073 1689 1158 1716 non
1184 1672 1454 1717 Christiano-

57 1745 186 1788 rum3
213 1779 224 1799 ,
261 1744 337 1788 sed
371 1745 640 1787 daemonum.
682 1747 905 1788 Postremo
937 1745 971 1788 si
1000 1744 1125 1787 istam
1157 1745 1453 1788 Chananaeam

58 1814 216 1859 nolunt
248 1814 493 1872 intelligere
528 1824 716 1857 mutasse
744 1814 935 1873 perditos
967 1830 1128 1869 mores,
1151 1815 1330 1874 quando
1357 1830 1453 1859 cam

57 1886 256 1932 Christus
290 1885 615 1930 contemnendo
646 1895 689 1928 et
720 1884 996 1944 corripiendo
1034 1885 1258 1945 redarguit
1289 1905 1298 1930 :
1324 1902 1452 1946 quos-

15 1972 28 1994 x
59 1970 248 2016 cumque
283 1955 528 1999 invenerint
569 1955 876 2000 tantummodo
912 1955 1089 2000 credere
1113 1991 1124 2012 ‚
1172 1957 1304 2000 vitam
1348 1972 1450 2002 vero

17 2025 19 2031 ‘
60 2026 450 2087 inquinatissimam
471 2060 483 2081 ,
511 2041 592 2069 nec
614 2025 766 2070 saltem
792 2025 1035 2082 occultare,
1066 2027 1141 2071 sed
1163 2029 1290 2071 etiam
1313 2027 1451 2072 libere

18 2104 19 2107 ’
61 2098 269 2158 profiteri,
289 2114 338 2143 ac
356 2097 473 2142 nolle
491 2107 682 2149 mutare3
707 2109 860 2143 sanent
878 2098 988 2143 filios
1000 2114 1168 2156 eorum,
1193 2099 1228 2144 si
1250 2109 1448 2159 possunt,

59 2171 168 2216 sicut
184 2181 332 2216 sanata
352 2180 417 2215 est
439 2169 527 2214 filia
550 2171 811 2215 Chananaeae
842 2171 1033 2215 mulieris
1059 2192 1069 2228 3
1099 2187 1188 2216 non
1212 2181 1359 2215 tamen
1379 2187 1452 2217 eos

20 2251 21 2254 ’
60 2239 216 2287 faciant
234 2243 433 2287 membra
454 2240 635 2296 Christi,
653 2257 755 2286 cum
776 2241 854 2301 ipsi
879 2257 968 2287 esse
990 2257 1080 2286 non
1094 2242 1296 2287 desinant
1313 2257 1450 2286 mem·

32 2331 33 2335 ¹
61 2310 137 2358 bra
159 2313 406 2358 meretricis.

121 2386 208 2429 10⁰.
233 2387 343 2428 Item
366 2384 409 2427 in
438 2398 489 2427 eo
512 2382 640 2436 libro,
667 2382 737 2426 cui
755 2381 906 2426 titulus
929 2391 1014 2437 est,
1039 2381 1258 2444 Defide,
1283 2400 1382 2444 spe,
1406 2393 1451 2428 et

63 2450 325 2509 charitate,
357 2469 488 2514 quem
521 2453 668 2512 scripsi
700 2452 754 2497 ad
780 2452 918 2496 {ilium
947 2467 1092 2498 meum
1121 2454 1298 2499 fratrem
1323 2464 1448 2499 tuum

110 2544 118 2561 ¹
142 2549 155 2571 x
181 2539 260 2571 Tim.
282 2549 307 2580 ι,
329 2549 361 2580 9.
380 2553 420 2561 ·—
440 2545 448 2559 ²
466 2537 585 2569 Manli.
607 2547 662 2574 xv,
682 2537 785 2569 2G.-—
801 2544 811 2560 ²
830 2537 933 2569 Jacob
963 2548 998 2579 υ,
1023 2549 1070 2579 ¹9·

1200 2594 1260 2632 15,
