1790 3187
274 199 326 225 ns
360 198 546 226 DIVERSIS
579 198 736 234 Qcffisr.
772 197 919 225 οοτος.
954 197 1118 224 nmis.
1333 189 1388 226 65

14 266 102 311 titia
128 262 344 324 apostolus
377 263 535 307 Paulus
572 262 664 306 sine
690 261 865 322 querela
893 277 938 306 se
958 270 1263 307 conversatum
1301 277 1390 308 esse

12 337 141 382 dieit¹
160 355 172 392 3
196 333 326 378 fuisse
348 333 451 377 item
465 332 570 378 alios
591 333 668 392 qui
689 332 815 378 facile
832 332 1142 378 seducerentur
1156 333 1201 376 in
1222 333 1393 378 cultum

13 405 241 450 idolorum.
263 406 371 457 Quae
392 403 481 448 duo
503 417 659 461 genera
678 437 689 457 ‚
710 402 754 446 id
778 411 862 457 est,
882 402 1141 447 infirmitatis
1158 411 1202 447 et
1218 403 1391 459 erroris,

13 474 242 520 mulierum
264 483 307 518 et
329 488 564 532 puerorum
582 473 831 517 nominibus
848 474 1030 532 figurata
1051 483 1167 519 sunt.
1191 474 1396 519 Infirmus

14 555 76 591 est
98 546 212 589 enim
235 543 467 588 mulierum
491 559 614 588 sexus
633 543 687 587 ad
713 544 924 598 actiones,
950 554 994 589 et
1021 543 1157 589 facilis
1176 543 1231 590 ad
1251 544 1395 590 lusum

15 616 213 677 pueritia.
240 615 356 669 Quid
384 624 527 659 autem
557 615 672 659 lusui
698 615 850 673 puerili
873 624 961 659 tam
989 615 1125 659 simile
1149 625 1239 672 est,
1267 631 1399 677 quam

14 688 129 734 idola
146 687 318 733 colere?
340 686 517 746 quando
541 695 583 730 et
608 686 842 746 Apostolus
867 686 921 731 ad
941 687 1023 731 hoc
1041 686 1191 732 retulit
1214 688 1298 733 hoc
1322 703 1401 748 ge-

15 774 95 805 nus
127 757 462 818 superstitionis,
501 772 602 801 cum
640 758 725 812 ait,
757 775 776 799 (ι
803 760 955 816 Neque
986 756 1115 802 idolis
1140 758 1398 813 servientes,

19 848 38 871 »
65 827 435 890 quemadmodum
451 825 627 887 quidam
643 842 812 881 eorum,
831 827 941 871 sicut
959 827 1167 886 scriptum
1183 837 1263 883 est,
1284 827 1405 873 Sedit

20 920 38 942 »
67 899 252 960 populus
269 898 529 943 manducare
547 908 589 943 et
608 898 770 954 bibere,
792 908 835 943 et
853 907 1134 942 surrexerunt
1155 898 1330 944 ludere²
1348 933 1358 944 .
1376 910 1400 941 ⁴»

15 969 269 1016 Mulieribus
293 984 394 1028 ergo
417 967 575 1013 similes
604 978 728 1013 erant
743 1004 753 1024 ,
778 969 855 1028 qui
878 969 922 1012 in
945 969 1170 1014 laboribus
1199 979 1398 1030 expecta-

18 1040 145 1085 tionis
164 1075 174 1095 ,
197 1055 285 1100 quo
306 1055 444 1099 usque
466 1040 521 1084 ad
544 1039 750 1099 promissa
774 1039 850 1083 Dei
873 1039 1176 1099 pervenirent,
1203 1055 1293 1085 non
1309 1041 1407 1085 viri-

17 1110 113 1155 liter
137 1119 455 1170 perseverantes
472 1118 753 1155 tentaverunt
776 1113 914 1154 Deum
937 1129 945 1154 ε
972 1110 1118 1168 pueris
1135 1119 1281 1155 autem
1297 1145 1308 1166 ‚
1330 1112 1408 1172 qui

17 1182 222 1226 sederunt
254 1181 542 1237 manducare,
570 1190 613 1225 et
642 1181 791 1225 bibere
810 1216 820 1235 ‚
855 1190 898 1225 et
926 1191 1205 1227 surrexerunt
1237 1182 1405 1227 ludere.

16 1256 112 1298 Non
149 1252 290 1297 solum
320 1261 464 1296 autem
497 1252 557 1296 ibi
576 1287 587 1307 ‚
613 1253 688 1296 sed
712 1253 839 1296 etiam
864 1253 909 1296 in
930 1252 1096 1312 populo
1122 1253 1234 1299 Novi
1258 1255 1406 1300 Testa-

18 1326 152 1368 menti
176 1324 252 1383 qui
275 1338 362 1367 non
386 1323 625 1383 perdurant
651 1339 877 1369 occurrere
900 1324 945 1368 in
968 1324 1109 1369 virum
1137 1323 1406 1384 perfectum,

18 1393 86 1439 vel
123 1393 374 1437 infirmitate
405 1394 588 1449 virium,
627 1393 695 1438 vel
728 1394 883 1438 mentis
913 1393 1117 1449 levitate,
1152 1394 1410 1440 mulieribus

19 1473 62 1508 et
102 1463 246 1522 pueris
277 1464 558 1522 comparandi
580 1473 683 1508 sunt
701 1465 732 1507 ³.
764 1466 873 1510 Nam
895 1463 979 1508 illis
999 1464 1159 1509 dicitur
1183 1484 1192 1510 ε
1223 1483 1243 1508 «
1270 1466 1313 1511 Si
1344 1475 1411 1511 ta-

25 1557 41 1578 »
73 1549 172 1579 men
187 1533 358 1578 initium
377 1534 630 1578 substantias
642 1535 732 1594 ejus
747 1549 887 1594 usque
904 1535 947 1578 in
967 1535 1099 1579 finem
1118 1536 1294 1581 firmum
1309 1537 1412 1581 reti-

23 1625 42 1649 »
74 1619 252 1650 neamus
268 1605 282 1629 ⁴
304 1623 312 1649 :
337 1622 356 1646 »
384 1604 470 1649 lllis
496 1614 664 1661 autem,
691 1624 711 1649 ‹<
736 1604 878 1651 Nolite
901 1605 1024 1665 pueri
1052 1607 1166 1651 effici
1188 1608 1407 1664 sensibus,

24 1696 44 1719 »
70 1677 144 1722 sed
166 1675 328 1721 malitia
350 1674 539 1720 infantes
562 1685 720 1731 estote,
750 1685 798 1720 ut
817 1676 1011 1721 sensibus
1029 1676 1213 1737 perfecti
1230 1679 1362 1724 sitis5.
1386 1697 1408 1721 »

25 1767 44 1790 »
72 1750 126 1792 Et
147 1747 244 1791 ideo
267 1761 410 1806 neque
439 1746 484 1790 in
520 1749 703 1802 Vetere,
740 1762 883 1806 neque
915 1747 959 1790 in
979 1750 1103 1793 Novo
1135 1751 1413 1795 Testamento

22 1818 127 1864 tales
151 1816 441 1862 admittuntur
460 1815 513 1860 ad
532 1832 789 1874 numerum3
814 1816 890 1861 sed
913 1817 1001 1862 sive
1019 1817 1080 1861 ibi
1098 1819 1295 1880 quinque
1312 1820 1433 1865 mi1-·

22 1889 101 1944 lia,
126 1889 213 1933 sive
234 1888 305 1932 hic
322 1896 512 1947 quatuor
535 1887 685 1943 millia,
713 1889 900 1947 exeeptis
924 1887 1181 1934 mulieribus
1204 1898 1248 1934 et
1268 1891 1414 1950 pueris

23 1958 152 2004 fuisse
174 1959 421 2003 dicunturss.

83 2032 144 2074 6⁰
165 2028 371 2082 Quamvis
386 2043 488 2072 vero
506 2037 548 2072 et
567 2028 656 2073 illic
669 2038 713 2073 et
734 2030 805 2074 hic
820 2039 999 2090 propter
1012 2031 1154 2091 ipsum
1171 2032 1412 2091 Christum,

0 2142 3 2144 .
2 2101 101 2165 qui
117 2098 313 2144 assidue
305 2115 349 2142 m
370 2100 601 2158 Sclipturis
618 2115 741 2144 mons
763 2100 1032 2160 appellatur,
1052 2111 1103 2146 ut
1124 2115 1416 2184 congruenter

2 2188 3 2199 ¹
27 2174 71 2215 in
86 2179 232 2215 monte
256 2179 438 2229 uterque
461 2169 648 2228 populus
672 2174 971 2229 pasceretur⁷⁷
1000 2173 1069 2217 hic
1090 2182 1236 2218 tamen
1259 2191 1349 2220 non
1370 2177 1416 2222 in

2 2230 5 2272 3
27 2241 147 2287 foeno
163 2240 477 2292 discumbitui
499 2240 601 2284 sed
593 2257 635 2284 in
656 2250 783 2285 terra
808 2242 876 2285 Ibi
894 2243 1007 2286 enim
1028 2242 1241 2290 celsitudo
1257 2247 1417 2292 Christi

4 2339 7 2362 z
29 2322 202 2372 propter
224 2310 415 2356 carnales
440 2311 636 2356 homines
668 2321 711 2356 et
735 2313 973 2357 Jerusalem
1005 2323 1220 2360 terrenam
1255 2318 1419 2363 carnali

75 2438 84 2455 ¹
107 2431 218 2473 Philip.
239 2442 285 2471 in,
304 2430 335 2462 6.
354 2447 394 2453 —
413 2437 424 2452 ²
451 2442 460 2461 1
487 2431 559 2463 Cor.
586 2441 618 2470 x,
650 2443 682 2472 ς,
707 2437 741 2464 et
763 2433 861 2465 Exod.
890 2444 988 2472 xxxxi,
1006 2434 1039 2466 6.
1056 2450 1096 2456 —
1111 2430 1125 2456 ³
1144 2436 1259 2478 Ephes.
1288 2449 1333 2479 lv,
1366 2440 1418 2472 13.

32 2488 98 2518 -4
118 2489 215 2522 Hebr.
233 2499 280 2527 ni,
306 2486 355 2528 14.
370 2504 411 2510 --
425 2485 440 2510 5
461 2498 471 2519 x
489 2489 561 2520 Cor.
587 2499 656 2527 xiv,
677 2498 729 2521 20.
747 2507 787 2513 -
804 2488 819 2512 6
838 2492 928 2522 Joan.
950 2501 992 2532 vi,
1020 2501 1069 2531 io,
1088 2496 1120 2525 et
1133 2493 1253 2527 Matth.
1273 2506 1342 2536 x1v,
1361 2505 1416 2530 21.

33 2550 97 2577 —7
117 2544 165 2576 ld.
188 2555 242 2583 xv,
263 2543 315 2575 38.

8 2596 11 2612 l

240 2608 372 2637 extv.
1180 2605 1203 2643 5
