1790 3187
342 209 423 248 142
776 220 808 244 s.
846 217 1076 244 Aoouscrim
1107 217 1288 243 muscom

341 300 360 323 »
386 282 523 326 filium
553 297 684 341 quem
715 280 910 339 recipit1.
941 299 960 321 »
991 280 1075 332 Qui
1108 294 1210 324 vero
1243 294 1332 322 non
1369 279 1719 338 obtemperantes
1774 311 1776 323 .

337 352 562 412 praeceptis
579 350 873 395 saluberrimis
895 350 1044 409 inique
1065 350 1235 403 vivunt,
1262 357 1420 405 augent
1435 349 1563 392 etiam
1588 358 1719 408 atque
1750 408 1752 411 v
1773 387 1775 408 ,

338 424 467 466 etiam
491 422 664 466 morbos
695 435 796 464 suos
822 439 831 464 ι
856 428 898 463 et
925 429 1000 463 aut
1021 435 1072 463 ex
1095 420 1194 478 ipsis
1218 418 1442 478 patiuntur
1468 421 1719 464 innumera·

340 492 446 537 biles
479 493 746 536 miseriarum
775 491 944 534 labores
979 490 1239 548 doloresque
1268 490 1395 532 etiam
1424 489 1470 532 in
1502 490 1582 533 hac
1609 489 1718 548 vita3

339 572 416 607 aut
435 562 572 622 poenis
590 577 765 622 quoque
792 560 1010 613 adhibitis,
1036 570 1084 603 ut
1102 559 1223 618 quod
1239 574 1391 603 sanum
1416 574 1503 602 non
1523 568 1602 613 est,
1623 568 1721 604 tan·
1743 564 1745 566 ’

339 642 464 691 gatur
494 643 537 677 et
569 632 739 686 doleat,
764 632 809 676 in
831 646 919 690 quo
949 630 1063 674 malo
1084 631 1168 674 sint
1187 665 1197 684 ‚
1222 629 1553 674 misericorditer
1575 629 1721 674 admo·
1768 668 1770 683 s

336 715 518 757 nentur,
550 712 599 746 ut
623 702 677 747 ad
706 701 960 746 medicinam
993 702 1189 745 conversi
1212 716 1287 759 per
1320 701 1499 758 gratiam
1536 703 1611 744 Dei
1630 701 1722 744 sani

338 774 457 817 liant.
483 776 591 826 Quae
620 773 765 817 omnia
786 773 820 816 si
842 772 1196 830 contempserint,
1216 771 1261 814 id
1283 779 1362 824 est,
1388 780 1604 829 praecepta
1627 785 1721 814 ver·
1766 799 1769 811 .

338 843 495 888 borum
517 852 559 887 et
581 843 798 897 dolorum,
829 844 990 902 justam
1014 851 1109 900 post
1131 842 1241 885 hanc
1259 842 1392 884 vitam
1415 841 1722 899 sempiternam

338 913 661 956 damnationem
690 913 989 956 merebuntur.
1022 911 1213 970 Ideoque
1240 910 1312 953 ille
1333 919 1474 969 potest
1496 908 1639 954 dicere
1656 910 1721 953 in-

331 985 447 1043 juste
480 983 560 1028 ista
592 985 706 1038 fieri,
743 985 817 1043 qui
844 982 980 1028 solam
1011 983 1140 1026 vitam
1172 981 1421 1035 mortalem,
1448 996 1579 1040 quam
1605 996 1721 1026 nunc
1762 1014 1765 1032 ÷

338 1055 520 1113 agimus,
546 1070 634 1098 esse
650 1055 918 1109 existimans,
951 1070 1051 1113 quae
1070 1053 1276 1097 divinitus
1293 1053 1500 1111 praedicta
1529 1061 1630 1095 sunt
1647 1051 1721 1096 fu-

337 1133 435 1168 tura
452 1141 540 1169 non
558 1125 710 1179 credit,
732 1140 944 1184 pensurus
962 1125 1207 1188 grauissima
1224 1123 1433 1183 supplicia
1451 1137 1721 1182 perseveran-

340 1194 409 1237 tiae
432 1204 706 1253 peccatorum
731 1205 861 1253 atque
878 1194 1146 1237 infidelitatis
1163 1209 1267 1236 suae.

397 1267 595 1317 Quffisno
611 1267 858 1308 Lxxxui.
883 1290 942 1298 —-
963 1264 1005 1308 Si
1029 1263 1238 1307 Dominus
1270 1262 1541 1306 dimittendae
1570 1262 1720 1326 conju·
1758 1269 1760 1319 J

338 1335 400 1392 gis
418 1333 552 1378 solam
571 1350 742 1378 causam
763 1333 1057 1378 fornicationis
1089 1333 1293 1387 admittit,
1313 1342 1356 1376 et
1378 1347 1594 1391 paganum
1616 1347 1720 1376 con-

331 1404 502 1462 jugium
525 1403 687 1448 dimitti
716 1420 803 1448 non
837 1404 1062 1463 prohibet,
1096 1418 1364 1462 consequens
1383 1413 1447 1446 est
1465 1412 1514 1446 ut
1532 1403 1721 1460 paganis·
1756 1409 1759 1419 '

339 1488 435 1516 mus
479 1472 704 1517 fornicatio
733 1473 1013 1532 deputetur1.
1059 1473 1200 1518 Solam
1243 1483 1387 1516 autern
1425 1472 1720 1518 fornicationis
1754 1482 1757 1510 ³

337 1559 512 1587 causam
535 1554 758 1603 exceptam
787 1545 925 1587 facere
961 1545 1214 1598 Dominum,
1248 1558 1347 1587 cum
1383 1543 1437 1586 de
1465 1541 1721 1587 dimittenda
1754 1583 1755 1589 ,

337 1615 523 1673 conjuge
557 1615 750 1673 loquitur
783 1616 826 1658 in
864 1615 1119 1672 Evangelio,
1144 1613 1419 1658 manifestum
1441 1618 1547 1658 est2.
1587 1617 1720 1672 Paga·-
1752 1636 1754 1650 τ

337 1699 442 1728 uum
466 1700 569 1729 vero
598 1686 852 1745 conjugium
882 1686 983 1730 hinc
1015 1677 1100 1738 nan
1133 1685 1391 1743 prohibetur
1413 1686 1588 1740 dimitti,
1619 1685 1720 1744 quia
1751 1694 1753 1704 ¹

336 1770 437 1799 cum
459 1756 691 1814 Apostolus
711 1756 766 1800 de
785 1758 863 1802 hac
883 1772 927 1800 re
947 1757 1176 1801 consilium
1191 1758 1336 1812 daret,
1361 1766 1409 1800 ut
1426 1756 1563 1800 fidelis
1576 1755 1720 1801 volen-

337 1835 424 1870 tem
457 1842 604 1871 secum
636 1843 726 1871 esse
757 1829 989 1888 conjugem
1019 1827 1239 1872 infidelem
1273 1843 1360 1872 non
1398 1828 1606 1883 dimittat,
1633 1828 1716 1883 ait,

342 1915 363 1938 «
387 1899 481 1955 Ego
514 1898 629 1952 dico,
653 1914 743 1942 non
776 1900 1040 1944 Dominus³:
1068 1917 1087 1940 n
1124 1908 1173 1943 ut
1195 1899 1404 1944 Dominus
1437 1898 1716 1957 intelligatur,
1748 1924 1749 1940 ;

338 1982 428 2010 non
449 1968 625 2026 quidem
641 1969 797 2027 jubere
819 1978 869 2012 ut
890 1968 1157 2023 dimittatur,
1191 1984 1246 2012 ne
1277 1980 1426 2013 contra
1442 1970 1609 2028 jussum
1626 1969 1718 2029 ejus
1746 1962 1748 1992 ³

337 2036 562 2080 consilium
580 2037 683 2081 dare
701 2037 899 2082 videatur
921 2038 1169 2096 Apostolus,
1189 2039 1265 2082 sed
1283 2047 1428 2082 tamen
1446 2039 1716 2097 permittere3

338 2115 388 2150 ut
409 2122 537 2151 nemo
567 2108 612 2151 in
634 2123 683 2152 ea
710 2124 754 2152 re
771 2108 974 2167 jussionis
994 2109 1244 2153 necessitate
1277 2117 1494 2162 teneatur,
1516 2108 1592 2153 sed
1613 2124 1718 2153 con-

337 2176 419 2220 silii
441 2177 665 2222 voluntate
687 2177 821 2222 libere
848 2177 992 2222 faciat,
1025 2181 1337 2223 Verumtamen
1354 2179 1392 2222 ei
1414 2180 1643 2238 quisquam
1660 2193 1718 2223 as·

336 2257 448 2291 serat
477 2247 611 2292 solam
645 2248 764 2292 illam
790 2249 1120 2294 fornicationem
1152 2250 1384 2294 Dominum
1407 2250 1637 2295 admittere
1665 2247 1742 2316 ad,

337 2333 508 2362 causam
527 2318 825 2379 relinquendae
847 2321 1059 2380 conjugis,
1084 2337 1183 2381 quae
1204 2321 1337 2380 vulgo
1351 2322 1509 2366 dicitur
1530 2322 1716 2366 fornica·-
1740 2327 1741 2347 l

337 2388 415 2442 tio,
440 2388 481 2432 id
507 2398 586 2445 est,
610 2405 710 2449 quae
730 2392 967 2435 concubitu
984 2390 1135 2436 illicito
1158 2401 1448 2450 perpetratur,
1474 2393 1556 2436 hoc
1579 2398 1717 2451 potest
1738 2376 1740 2443 J

337 2457 497 2514 dicere,
515 2460 766 2524 Dominum,
792 2476 893 2506 cum
913 2461 968 2507 de
994 2462 1075 2507 hac
1097 2477 1142 2507 re
1162 2462 1431 2522 loqueretur,
1455 2462 1512 2508 de
1533 2471 1716 2523 utroque

386 2548 397 2564 1
417 2543 516 2575 Hebr.
539 2554 597 2582 xii,
613 2544 647 2576 6.
665 2561 703 2568 -
719 2551 731 2567 ²
752 2527 863 2578 nauh.
883 2554 915 2585 v,
932 2544 988 2578 32.
1003 2560 1045 2568 —
1059 2544 1072 2569 ³
1093 2557 1105 2578 1
1127 2548 1201 2579 Gor.
1224 2556 1280 2587 vu,
1301 2556 1351 2579 ιο.
