1790 3187
301 249 385 289 300
743 261 774 286 s.
813 259 1042 287 accusa-im
1075 259 1256 288 Episcom

300 324 531 369 emendare
563 324 747 368 voluisse
764 358 775 377 ,
805 324 925 383 quod
960 324 1198 368 multorum
1224 334 1397 384 peccata
1424 335 1680 380 nautarum,

300 404 534 455 antequam
560 404 760 454 expertus
781 409 915 437 essem
938 394 1043 453 quid
1070 394 1158 438 illic
1185 395 1348 452 agitur,
1371 395 1493 453 quasi
1515 394 1684 440 doctior

300 476 343 511 et
364 466 515 510 melior
531 463 846 525 reprehendere
863 463 1094 509 audebam.
1117 468 1273 525 ltaque
1290 475 1569 525 posteaquam
1590 466 1684 510 mis-

301 552 370 581 sus
392 551 487 580 sum
511 537 555 579 in
579 534 769 578 medium
791 569 803 589 ,
824 544 929 578 tunc
952 535 1109 578 sentire
1125 535 1239 594 coepi
1259 535 1521 578 temeritates
1541 550 1684 594 repre-

300 607 558 650 hensionum
575 620 768 648 mearum
787 624 795 649 :
817 619 1068 665 quanquam
1083 614 1125 648 et
1137 615 1260 649 antea
1275 604 1685 664 periculosissimum

296 676 537 736 judicarem
567 677 649 720 boc
671 675 973 719 ministerium.
1003 678 1059 720 Et
1081 675 1181 720 binc
1203 684 1325 720 erant
1347 676 1551 734 lacrymae
1573 674 1681 731 illae,

299 761 407 806 quas
436 761 505 789 me
538 746 725 790 fundere
755 745 798 790 in
829 745 1002 789 civitate
1033 745 1316 790 ordinationis
1348 761 1456 790 meae
1491 754 1686 804 tempore

300 816 502 860 nonnulli
537 816 689 861 lratres
717 815 1143 871 animadverterunt,
1181 825 1223 860 et
1261 817 1499 861 nescientes
1538 830 1686 861 causas

300 885 461 931 doloris
490 887 596 942 mei,
629 887 789 947 quibus
816 896 1056 947 potuerunt
1084 887 1378 941 sermonibus,
1403 887 1479 946 qui
1508 887 1686 932 omnino

300 957 354 1001 ad
388 958 546 1002 vulnus
583 973 726 1001 meum
762 974 850 1002 non
885 958 1176 1017 pertinerent,
1209 967 1354 1002 tamen
1389 958 1504 1002 bono
1542 958 1686 1002 animo

299 1029 505 1072 consolati
525 1038 641 1072 sunt.
664 1028 746 1073 Sed
766 1028 904 1072 multo
922 1028 1047 1072 valde
1064 1044 1113 1073 ae
1131 1028 1269 1072 multo
1286 1028 1472 1088 amplius
1489 1039 1685 1084 expertus

299 1114 422 1152 sum,
455 1114 584 1158 quam
617 1099 825 1157 putabam
855 1119 863 1143 t
895 1115 983 1142 non
1018 1100 1120 1158 quia
1157 1114 1291 1143 novos
1325 1099 1492 1158 aliquos
1527 1099 1686 1142 fluetus

299 1178 373 1213 aut
407 1178 682 1228 tempestates
720 1170 834 1224 vidi,
865 1185 972 1229 quas
1001 1179 1100 1213 ante
1131 1185 1216 1213 non
1253 1185 1479 1224 noveram,
1504 1168 1573 1213 vel
1598 1183 1686 1213 non

299 1238 517 1283 audieram
537 1274 548 1295 ,
574 1239 642 1283 vel
665 1255 754 1285 non
777 1240 964 1298 legeram
986 1239 1056 1283 vel
1079 1255 1163 1282 non
1189 1241 1476 1298 cogitaveram
1500 1258 1508 1283 :
1535 1238 1609 1283 sed
1632 1237 1685 1282 ad

298 1324 367 1353 eas
383 1309 605 1353 evitandas
627 1318 703 1353 aut
725 1309 1002 1369 perferendas
1025 1309 1242 1353 solertiam
1264 1320 1306 1354 et
1330 1311 1439 1353 vires
1462 1324 1576 1353 meas
1598 1324 1687 1354 om-

298 1381 402 1424 nino
420 1396 508 1424 non
532 1396 734 1425 noveram
756 1416 766 1434 ,
790 1390 832 1425 et
862 1381 1044 1440 alicujus
1075 1381 1284 1424 momenti
1308 1380 1562 1424 arbitrabar.
1597 1383 1687 1424 Do-

297 1451 439 1494 minus
470 1462 616 1495 autem
649 1451 778 1496 irrisit
811 1467 905 1506 me,
936 1461 979 1496 et
1007 1451 1135 1496 rebus
1159 1452 1256 1511 ipsis
1287 1451 1515 1496 ostendere
1548 1450 1685 1495 voluit

297 1522 509 1580 meipsum
531 1522 654 1566 mibi.

356 1594 438 1636 ΙΙΙ.
465 1593 594 1645 Quod
613 1593 646 1637 si
673 1608 761 1636 non
788 1591 1060 1647 damnando,
1086 1593 1162 1637 sed
1186 1592 1431 1636 miserando
1453 1591 1576 1646 fecit,
1601 1592 1685 1636 hoc

296 1662 411 1706 enim
432 1679 557 1723 spero
578 1673 694 1707 certe
711 1664 779 1708 vel
800 1679 918 1708 nunc
935 1665 1107 1723 cognita
1130 1664 1389 1723 aegritudine
1407 1678 1522 1716 mea,
1546 1663 1687 1707 debeo

299 1734 617 1792 Scripturarum
653 1734 744 1794 ejus
777 1735 1092 1778 medicamenta
1133 1735 1276 1778 omnia
1314 1734 1571 1793 perscrutari
1592 1768 1603 1788 ,
1643 1742 1686 1778 et

296 1803 462 1847 orando
484 1819 532 1847 ac
554 1803 740 1863 legendo
759 1819 885 1863 agere
899 1839 910 1859 ,
928 1814 975 1848 ut
991 1804 1146 1848 idonea
1165 1804 1371 1848 valetudo
1389 1804 1545 1847 animae
1560 1818 1682 1859 meae,

295 1872 349 1917 ad
368 1884 455 1917 tam
478 1873 719 1933 periculosa
742 1875 913 1933 negotia
938 1875 1155 1919 tribuatur
1175 1894 1184 1919 ε
1205 1874 1325 1934 quod
1344 1883 1444 1918 ante
1465 1889 1552 1918 non
1573 1873 1655 1919 seci
1670 1908 1681 1929 ,

295 1943 397 2002 quia
428 1953 470 1987 ct
495 1954 665 2004 tempus
696 1960 784 1988 non
811 1945 961 1989 habui.
1004 1948 1124 1990 Tunc
1153 1946 1267 1989 enim
1294 1945 1518 1988 ordinatus
1549 1960 1644 1988 sum
1666 1979 1677 2000 ,

295 2029 395 2058 cum
419 2014 473 2057 de
502 2015 595 2074 ipso
618 2016 852 2059 vacationis
871 2025 1065 2074 tempore
1091 2015 1147 2059 ad
1170 2014 1492 2073 cognoscendas
1518 2014 1684 2060 divinas

299 2084 536 2143 Scripturas
566 2085 876 2144 cogitaremu3‚
908 2095 951 2129 et
978 2087 1036 2130 sie
1071 2101 1149 2129 nos
1182 2086 1412 2144 disponere
1441 2083 1679 2140 vellemus,

297 2163 346 2198 ut
371 2155 496 2198 nobis
530 2155 668 2199 otium
702 2155 756 2199 ad
788 2155 871 2199 hoc
906 2157 1130 2214 negotium
1160 2165 1301 2214 posset
1331 2170 1435 2198 esse.
1472 2157 1527 2198 Et
1557 2155 1678 2214 quod

295 2239 446 2268 verum
476 2234 566 2280 est,
602 2226 800 2270 nondum
831 2226 1019 2270 sciebam
1051 2225 1158 2286 quid
1187 2226 1292 2269 mibi
1314 2224 1481 2269 deesset
1508 2224 1562 2269 ad
1596 2224 1682 2269 tale

295 2310 404 2354 opus
423 2330 433 2350 ,
455 2295 585 2355 quale
600 2311 668 2340 me
691 2312 808 2341 nunc
827 2306 999 2356 torquet
1017 2307 1058 2340 et
1081 2297 1281 2340 conterit.
1304 2295 1433 2349 Quod
1454 2296 1486 2339 si
1507 2304 1682 2355 propte-

296 2379 366 2408 rea
388 2365 433 2408 in
454 2381 498 2408 re
520 2367 608 2424 ipsa
633 2365 764 2409 didici
781 2366 887 2425 quid
911 2367 963 2410 sit
986 2366 1150 2410 bomini
1168 2367 1478 2419 necessarium,
1500 2366 1574 2425 qui
1599 2380 1679 2424 po-

297 2433 403 2492 pulo
427 2435 639 2479 ministrat
667 2444 981 2479 sacramentum
1006 2445 1048 2479 ct
1070 2437 1252 2479 verbum
1279 2437 1380 2490 Dei,
1413 2445 1461 2479 ut
1480 2436 1568 2495 jam
1593 2451 1681 2480 non

298 2504 404 2547 milii
427 2504 551 2549 liceat
575 2507 768 2566 assequi,
794 2506 912 2565 quod
942 2522 1009 2550 me
1032 2522 1119 2550 non
1140 2507 1299 2550 habere
1324 2507 1506 2565 cognovi
1524 2526 1535 2561 3
1554 2506 1681 2565 jubes

297 2589 400 2632 ergo
422 2585 470 2619 ut
492 2591 660 2634 peream
679 2612 689 2630 ,
710 2586 832 2635 pater
855 2576 1020 2621 Valeri?
1046 2577 1126 2621 Ubi
1149 2586 1210 2621 cst
1233 2577 1418 2622 charitas
1440 2578 1543 2622 tua?
1564 2585 1679 2620 certe
