1790 3187
606 195 806 226 EPISTOLA
839 198 898 224 1v.
1363 185 1443 225 261

65 264 234 310 videris.
260 265 316 308 Et
337 261 451 306 belle
474 262 645 307 accidit.
663 264 768 306 Nam
792 260 892 306 volo
915 276 984 306 me
1001 260 1300 305 declinationis
1321 262 1454 321 hujus

61 350 242 394 gnarum
266 333 410 379 facias.
432 336 542 379 Cum
557 334 672 377 enim
690 333 880 393 adjungo
898 334 1029 378 verba
1054 331 1224 386 similia,
1250 332 1456 376 incertior

0 406 8 414 '
60 407 133 451 fio.
176 408 282 451 Nam
313 406 370 449 ita
400 415 463 449 est
485 406 643 464 cupio,
670 414 720 449 ut
758 404 905 462 fugio,
933 413 981 448 ut
1013 403 1155 464 sapio,
1180 412 1229 446 ut
1251 403 1379 462 jacio,
1406 412 1455 448 ut

0 476 8 485 “
60 478 214 538 capio3
245 477 320 521 sed
350 487 496 520 utrum
521 475 652 535 fugiri
682 491 737 519 an
764 475 879 534 fugi,
913 485 1059 519 utrum
1098 474 1227 534 sapiri
1258 490 1313 518 an
1342 474 1451 533 sapi,

59 548 113 594 sit
133 547 287 592 modus
310 547 522 601 infinitus,
547 548 718 606 ignoro.
748 549 917 590 Possem
936 544 1254 605 attenderejaci
1277 554 1317 589 et
1338 544 1452 604 capi,

60 619 105 665 ni
125 634 294 663 vererer
314 634 368 662 nc
390 634 459 662 me
480 628 670 679 caperet,
697 627 740 662 et
762 634 840 678 pro
856 617 1047 662 ludibrio
1062 619 1225 678 jaceret
1246 632 1335 677 quo
1357 615 1453 660 vel-

0 698 4 709 '
59 689 135 746 let,
160 691 236 751 qui
261 689 558 751 aliudjactum
581 699 625 734 et
646 701 840 750 captum,
862 689 982 733 aliud
1001 688 1208 748 fugitum,
1235 687 1454 747 cupitum,

0 751 6 781 ³
59 762 245 821 sapitum
278 777 369 806 esse
399 762 693 807 convinceret.
725 764 834 815 Quae
863 762 966 805 item
998 761 1094 816 tria,
1122 769 1271 804 utrum
1296 757 1459 819 penul-

60 833 162 878 tima
198 833 329 892 longa
354 843 396 877 et
418 834 575 877 inflexa
597 868 607 888 ,
645 849 699 876 an
735 832 854 890 gravi
888 832 1098 890 brevique
1126 828 1456 889 pronuntianda

61 905 161 957 sint,
187 903 384 947 similiter
410 904 570 948 nescio.
602 903 934 947 Provocaverim
960 911 1001 946 te
1020 901 1073 945 ad
1099 900 1325 960 epistolam
1357 898 1458 944 lon-

0 972 6 982 '
63 974 242 1031 giorem,
269 983 370 1032 peto
397 984 446 1018 ut
470 973 601 1033 paulo
630 972 795 1017 diutius
826 982 868 1017 te
900 972 1058 1031 legam.
1086 973 1195 1016 Nam
1227 987 1315 1016 non
1344 985 1461 1030 queo

0 1043 6 1055 '
63 1053 234 1089 tantum
253 1045 412 1101 dicere,
433 1055 650 1106 quantum
667 1043 826 1105 volupe
849 1054 912 1089 est
932 1044 1076 1103 legere
1100 1053 1158 1088 te.

63 1202 1456 1221 WWUUWWWVVWWMWWWWWWWQWWWWWWENMMWWVWUQW

524 1328 853 1376 EPISTOLA
893 1329 957 1375 IV
977 1320 1010 1375 ¹.

480 1475 707 1508 NEBmmo
733 1475 1039 1510 AUGUSTINUS.

0 1615 2 1623 v
65 1592 364 1655 Augustinus
384 1592 643 1650 Nebridio,
666 1595 948 1657 signfficans
971 1595 1017 1638 ei
1038 1602 1274 1653 quantum
1296 1594 1461 1659 profe-

123 1665 242 1709 cerit
264 1665 312 1710 in
335 1680 541 1721 secessu,
559 1664 883 1726 complectione
907 1682 1066 1711 rerum
1088 1675 1398 1712 oeternarum.

125 1818 160 1859 Ι.
196 1817 357 1859 MmrM
382 1813 622 1858 admodum
658 1823 737 1870 est,
765 1830 898 1875 quam
922 1815 1028 1859 mihi
1050 1824 1209 1874 praeter
1227 1830 1347 1874 spem
1368 1830 1467 1861 eve-

7 1893 10 1950 ζ
65 1886 192 1939 nerit,
219 1885 338 1944 quod
361 1900 461 1929 cum
490 1886 663 1945 requiro
694 1887 855 1946 quibus
883 1886 1074 1945 epistolis
1113 1886 1198 1930 tuis
1226 1886 1333 1931 mihi
1370 1901 1460 1931 res-

13 1979 15 1987 ·
66 1956 351 2017 pondendum
389 1956 666 2010 remanserit,
704 1972 836 2000 unam
872 1966 1041 2001 tantum
1071 1957 1246 2012 inveni,
1271 1973 1371 2018 quae
1393 1973 1464 2002 me

2 2049 10 2061 κ·
66 2026 208 2072 adhuc
238 2026 479 2071 debitorem
505 2036 687 2083 tenerer,
711 2045 796 2088 qua
831 2030 939 2087 petis
963 2038 1012 2072 ul
1035 2039 1158 2073 tanto
1184 2038 1333 2073 nostro
1353 2030 1458 2084 otio,

0 2114 2 2122 ·
66 2108 278 2160 quantum
304 2113 394 2142 csse
422 2099 643 2142 arbitraris
668 2109 829 2155 lecum,
851 2109 926 2144 aut
945 2100 1169 2145 nobiscum
1189 2101 1326 2161 cupis,
1352 2101 1465 2145 indi·

0 2183 11 2232 ᾗ,
67 2185 212 2215 cemus
244 2169 322 2213 tibi
356 2169 463 2228 quid
498 2170 542 2213 in
572 2170 782 2214 sensibilis
820 2180 951 2232 atque
975 2170 1261 2230 intelligibilis
1294 2181 1462 2216 naturae

2 2239 9 2284 1
66 2240 377 2291 discernentia,
417 2239 744 2299 profecerimus.
776 2242 862 2287 Sedv
899 2259 988 2287 non
1022 2243 1208 2287 arbitror
1238 2243 1461 2288 occultum

3 2303 10 2335 ⁵·
68 2312 143 2356 tibi
161 2327 250 2355 esse
266 2347 275 2365 ,
300 2311 333 2355 si
360 2310 475 2354 falsis
499 2313 780 2371 opinionibus
800 2322 922 2357 tanto
945 2314 1132 2374 quisque
1151 2315 1354 2359 inseritur
1375 2331 1463 2360 ma-

0 2394 7 2425 2
71 2383 146 2441 gis,
172 2392 336 2442 quanto
368 2382 505 2440 magis
537 2384 581 2426 in
600 2384 659 2427 eis
682 2384 1027 2443 familiariusque
1046 2385 1295 2441 volutatur,
1323 2386 1463 2432 multo

4 2451 8 2482 ἶ
70 2453 114 2497 id
131 2453 300 2497 facilius
331 2453 375 2497 in
398 2454 528 2497 rebus
550 2454 661 2498 veris
688 2455 834 2499 animo
866 2455 1074 2500 accidere.
1098 2459 1161 2500 Ita
1190 2465 1335 2500 tamen
1354 2473 1462 2517 pau-

117 2557 125 2573 ¹
139 2549 221 2583 Alias
238 2560 331 2583 cxvu.
353 2562 422 2594 quae
442 2556 591 2584 autemiv
609 2556 692 2590 erat,
710 2563 795 2585 nunc
812 2561 986 2586 cxxxv1.-
999 2553 1127 2597 Scripta
1139 2553 1227 2587 eirca
1243 2565 1362 2588 annum
1377 2556 1451 2598 387.
