1790 3187
333 183 414 220 228
772 195 805 219 s.
843 190 1072 218 Aucus-mm
1103 191 1286 219 EPISCOPI

334 258 617 302 Laurentium
639 291 650 311 ,
672 257 750 300 ista
771 257 826 300 de
854 257 936 300 hae
957 272 1003 300 re
1028 257 1158 300 verba
1178 271 1272 300 mea
1294 263 1411 299 sunt.
1442 257 1712 312 Creduntur,

329 327 509 386 inquam
528 363 539 383 ,
563 344 585 371 a
614 326 877 385 quibusdam
899 361 910 380 ,
938 327 1064 370 etiam
1087 327 1131 370 hi
1155 327 1230 386 qui
1260 341 1420 370 nomen
1449 327 1606 371 Christi
1627 343 1716 371 non

333 398 607 457 relinquunt,
632 405 675 440 et
692 397 784 455 ejus
798 395 967 440 lavaero
984 397 1028 439 in
1053 396 1238 440 Ecclesia
1259 395 1549 456 baptizantur,
1564 413 1643 442 nee
1660 398 1716 441 ab
1761 295 1767 526 Ι

327 483 377 512 ea
394 467 486 511 ullo
504 467 732 511 schismate
760 465 828 511 vel
846 467 995 510 haeresi
1019 467 1339 526 praeciduntur,
1366 469 1410 510 in
1433 467 1717 527 quantislibet

328 540 563 584 sceleribus
585 539 759 593 vivant,
793 555 891 598 quae
914 554 994 583 nee
1018 538 1187 582 diluant
1204 538 1482 598 poenitendo,
1508 554 1587 583 nee
1609 538 1717 582 elee-

328 610 520 667 mosynis
539 609 771 662 redimant,
788 609 861 652 sed
881 609 926 652 in
944 608 1003 652 eis
1022 624 1160 669 usque
1175 610 1229 651 ad
1252 609 1378 668 hujus
1395 609 1496 653 vitae
1513 608 1717 652 ultimum

328 679 443 724 diem
467 679 804 738 pertinacissime
825 689 1123 738 perseverent,
1149 680 1255 723 salvi
1282 679 1418 724 futuri
1442 679 1715 738 perignem,
1785 661 1790 730 l

327 750 427 796 licet
446 766 524 809 pro
539 750 842 809 magnitudine
858 749 1099 794 facinorum
1117 751 1470 810 flagitiorumque
1488 749 1715 804 diuturno,
1783 744 1790 776 ³

329 838 418 867 non
441 830 588 865 tamen
619 830 784 865 aeterno
806 821 905 879 igne
938 821 1094 880 puniti.
1125 822 1206 866 Sed
1236 822 1312 882 qui
1333 822 1417 865 hoe
1439 820 1650 874 eredunt,
1676 829 1720 864 et
1785 837 1790 866 1

330 902 476 937 tamen
496 891 699 936 catholici
721 901 838 946 sunt,
861 893 1050 935 humana
1068 891 1256 951 quadam
1277 890 1582 935 benevolentia
1614 889 1720 934 mihi
1788 909 1790 915 ·

329 962 421 1008 falli
443 962 647 1007 videntur
669 982 677 1008 :
712 979 812 1006 nam
838 964 1057 1021 Scriptura
1091 963 1236 1007 divina
1271 962 1387 1006 aliud
1411 963 1610 1007 consulta
1635 977 1711 1005 res·
1784 991 1786 994 -

329 1034 508 1094 pondet.
536 1033 715 1077 Librum
733 1044 878 1077 autem
902 1035 956 1077 de
974 1035 1053 1078 hae
1068 1034 1308 1093 quaestione
1323 1033 1577 1092 conscripsi,
1598 1033 1721 1092 cujus
1759 1058 1763 1087 ρ

332 1104 485 1148 titulus
508 1114 601 1158 est,
625 1103 702 1147 De
721 1103 828 1164 fide
853 1113 898 1148 et
929 1102 1176 1162 operibus,
1206 1104 1281 1147 ubi
1307 1104 1548 1147 seeundum
1575 1103 1721 1162 Scrip-
1759 1092 1763 1204 Ῑ

331 1184 448 1219 turas
461 1183 644 1227 sanetas,
671 1182 885 1233 quantum
912 1177 999 1217 Deo
1016 1174 1247 1233 adjuvante
1267 1174 1408 1232 potui,
1429 1172 1722 1217 demonstravi

332 1260 425 1289 eam
448 1243 578 1287 fidem
610 1243 746 1287 salvos
782 1243 923 1288 facere
944 1279 954 1299 ,
980 1260 1110 1304 quam
1142 1244 1242 1288 satis
1266 1244 1488 1288 evidenter
1514 1243 1722 1303 expressit

332 1314 492 1359 Paulus
515 1313 751 1374 apostolus,
777 1313 924 1358 dicens
950 1334 959 1359 :
989 1334 1008 1356 «
1036 1319 1086 1359 ln
1104 1316 1276 1360 Christo
1305 1317 1420 1358 enim
1447 1317 1550 1359 Jesu
1578 1329 1721 1374 neque

335 1386 642 1430 »circumcisio
658 1386 899 1445 quidquam
916 1384 1047 1440 valet,
1061 1401 1202 1446 neque
1220 1387 1503 1445 praeputium,
1523 1385 1597 1429 sed
1616 1385 1722 1429 fides
1757 1362 1761 1440 i

337 1473 472 1517 »quae
503 1472 580 1516 per
602 1457 879 1500 dilectionem
910 1466 1114 1515 operatur
1138 1460 1168 1499 ²,
1198 1475 1218 1498 »
1252 1458 1295 1501 Si
1323 1466 1469 1500 autem
1506 1454 1618 1499 male
1639 1490 1650 1510 ,
1678 1464 1722 1499 et
1757 1444 1760 1481 l

334 1543 423 1572 non
447 1528 558 1571 bene
578 1537 806 1587 operatur,
832 1527 984 1587 procul
1013 1527 1151 1571 dubio
1170 1563 1180 1582 ,
1208 1527 1450 1571 seeundum
1474 1524 1719 1586 apostolum

334 1599 546 1642 Jacobum
567 1634 577 1653 ,
607 1618 626 1641 «
661 1609 831 1643 mortua
850 1600 969 1643 estin
994 1600 1220 1658 semetipsa
1245 1602 1276 1641 2.
1299 1617 1318 1639 »
1346 1599 1430 1651 Qui
1453 1614 1600 1642 rursus
1623 1597 1683 1641 ait
1709 1616 1716 1641 :

337 1689 356 1712 «
383 1670 425 1714 Si
441 1669 571 1712 fidem
591 1669 706 1713 dieat
728 1685 772 1713 se
794 1670 890 1730 quis
914 1670 1090 1725 habere,
1113 1686 1241 1730 opera
1265 1679 1408 1713 autem
1432 1685 1521 1713 non
1545 1669 1717 1722 habeat,

337 1758 357 1782 »
390 1741 604 1801 numquid
635 1742 795 1801 poterit
823 1740 929 1784 fides
964 1741 1126 1784 salvare
1149 1756 1250 1784 eum
1279 1742 1294 1766 ³
1323 1742 1340 1784 Ξ)
1364 1743 1497 1784 Porro
1519 1749 1663 1782 autem
1685 1738 1720 1782 si
1756 1785 1758 1792 ,

332 1813 465 1856 homo
481 1812 712 1857 sceleratus
726 1821 902 1871 propter
914 1812 1045 1855 fidem
1059 1811 1192 1855 solam
1213 1826 1288 1870 per
1301 1811 1444 1870 ignem
1465 1810 1717 1864 salvabitur,

329 1891 373 1926 et
403 1882 462 1926 sie
495 1892 559 1927 est
580 1883 878 1941 accipiendum
903 1882 1022 1941 quod
1056 1883 1115 1926 ait
1143 1883 1294 1926 beatus
1328 1881 1488 1926 Paulus
1526 1901 1535 1926 z
1570 1901 1588 1923 «
1624 1883 1720 1940 Ipse

333 1973 350 1994 »
382 1962 524 1996 autem
548 1953 688 1996 salvus
708 1952 804 2006 erit,
830 1952 889 1995 sie
907 1961 1051 1996 tamen
1069 1952 1189 2012 quasi
1206 1967 1280 2011 per
1298 1953 1442 2011 ignem
1460 1952 1475 1977 4
1495 1970 1503 1996 ε
1526 1970 1546 1992 »
1562 1951 1720 2010 poterit
1755 1951 1757 1972 ‘

325 2038 427 2081 ergo
451 2023 615 2068 salvare
637 2024 728 2067 sine
750 2023 954 2082 operibus
982 2024 1088 2066 fides
1105 2058 1115 2076 ,
1133 2032 1176 2067 et
1194 2023 1351 2067 falsum
1370 2023 1450 2066 erit
1472 2023 1592 2082 quod
1609 2021 1719 2066 dixit

324 2095 414 2154 ejus
435 2093 709 2154 coapostolus
732 2095 920 2138 Jacobus
946 2113 954 2139 :
981 2092 1139 2138 falsum
1157 2094 1237 2138 erit
1259 2102 1303 2137 et
1324 2093 1434 2137 illud
1464 2094 1584 2152 quod
1600 2092 1717 2136 idem

323 2164 414 2224 ipse
438 2165 596 2209 Paulus
623 2184 632 2209 :
662 2183 683 2207 «
703 2163 860 2217 Nolite,
878 2164 1037 2223 inquit,
1058 2179 1199 2208 errare
1220 2179 1389 2224 ,neque
1403 2163 1685 2208 fornicatores
1700 2197 1712 2218 ‚

327 2252 346 2275 »
372 2250 516 2295 neque
533 2235 658 2279 idolis
689 2235 923 2279 servientes
943 2270 954 2289 ‚
980 2250 1122 2294 neque
1140 2234 1349 2289 adulteri,
1370 2250 1514 2295 neque
1536 2234 1707 2288 molleS,

325 2322 345 2346 »
372 2321 514 2365 neque
545 2305 838 2349 masculorum
871 2305 1173 2349 concubitores
1193 2341 1204 2359 ,
1228 2321 1369 2365 neque
1398 2306 1515 2349 fures
1537 2340 1548 2360 ,
1570 2320 1714 2364 neque
1754 2313 1755 2364 J

324 2393 344 2416 »
371 2377 517 2429 avari,
546 2391 689 2435 neque
712 2375 936 2429 maledici,
981 2391 1124 2434 neque
1150 2376 1328 2430 ebriosi,
1363 2392 1504 2435 neque
1538 2390 1710 2434 rapaces

326 2462 346 2486 »
372 2460 554 2504 regnum
575 2447 648 2490 Dei
672 2446 998 2505 possidebunt5.
1023 2446 1101 2491 »Si
1123 2446 1237 2489 enim
1261 2446 1392 2490 etiam
1405 2447 1449 2489 in
1471 2446 1560 2489 istis
1573 2460 1712 2504 perse·
1752 2447 1754 2502 i

375 2537 384 2551 ¹
402 2530 470 2562 Gal.
484 2530 625 2571 v,6.—2
642 2530 754 2563 Jacob.
769 2529 806 2571 11,
820 2528 1027 2572 17.-³1bid.
1051 2529 1163 2572 ¹4⁰⁶
1179 2541 1190 2563 ι
1208 2533 1280 2563 Cor.
1295 2541 1344 2570 ιιι,
1363 2528 1477 2563 15.--5
1490 2529 1537 2563 Id.
1551 2541 1599 2571 vx,
1613 2540 1647 2571 9,
1663 2539 1708 2561 ιο.
