1790 3187
324 238 376 266 nn
410 237 597 264 mvznsis
630 236 786 271 QUAEST.
824 236 971 264 oca-oc..
1008 234 1170 263 smnus.
1356 223 1437 262 123

64 326 84 351 n
111 303 327 361 mundo¹3
360 321 379 344 »
421 301 609 362 possidet
640 316 717 346 nos
756 302 977 356 Christus,
1021 309 1194 345 mortuo
1227 300 1324 353 illo,
1348 301 1439 360 >qui

61 393 138 424 nos
159 375 400 437 possidebat
421 394 429 420 :
450 388 549 418 cum
573 373 611 416 ei
629 373 945 427 renuntiamus,
966 373 1175 417 morimur
1189 371 1267 427 illi,
1286 381 1330 416 et
1351 371 1440 431 ipse

59 449 328 571 ῃοὲιιῗπετιο.
374 515 571 559 Lxxvt.
607 540 663 546 —
695 516 753 557 1⁰.
788 513 1000 566 Quoniam
1035 511 1193 557 Paulus
1222 511 1441 572 apostolus

60 587 297 651 praedicans
332 585 555 646 justificari
586 584 806 631 hominem
837 584 1065 644 perfidem
1099 584 1190 628 sine
1217 584 1437 641 operibus,

59 675 146 705 non
165 660 274 702 bene
291 655 536 701 intellectus
550 665 612 699 est
634 655 776 709 abeis,
795 659 867 714 qui
892 655 951 699 sic
974 665 1233 713 aeceperunt
1255 653 1438 710 dictum,

61 740 109 776 ut
130 736 353 789 putarent,
374 743 471 771 cum
489 725 619 770 semel
640 728 683 769 in
706 726 926 770 Christum
952 726 1250 779 credidissent,
1277 725 1443 769 etiamsi

61 800 170 847 male
201 808 504 859 operarentur,
538 808 580 841 et
613 797 854 842 facinorose
887 798 1185 857 flagitioseque
1221 797 1439 851 viverent,

59 873 194 918 salvos
214 886 257 915 se
284 885 372 914 esse
392 884 511 929 posse
538 884 613 927 per
635 869 791 912 fidem²
821 888 830 913 2
855 868 976 912 locus
999 869 1076 911 iste
1098 868 1228 927 hujus
1251 866 1444 926 epistolae

59 943 257 988 eumdem
289 957 460 985 sensum
484 940 605 985 Pauli
629 939 837 999 apostoli,
873 940 1097 1000 quomodo
1119 940 1172 982 sit
1195 938 1443 997 intelligen-

59 1015 161 1068 dus,
192 1013 382 1072 exponit.
425 1011 616 1072 Ideoque
651 1011 787 1071 magis
821 1011 1009 1055 Abrahae
1042 1011 1181 1055 utitur
1217 1009 1440 1070 exemplo,

59 1100 237 1130 vacuam
256 1100 344 1128 esse
366 1083 512 1135 fidem,
534 1084 566 1127 si
588 1099 675 1126 non
698 1082 809 1126 bene
824 1092 1049 1141 operetur3
1074 1081 1278 1143 quoniam
1302 1082 1444 1125 Abra-

60 1158 126 1202 hae
149 1156 346 1216 exemplo
365 1157 493 1199 etiam
520 1154 678 1199 Paulus
701 1155 920 1213 apostolus
944 1170 1043 1198 usus
1059 1164 1143 1207 est,
1169 1163 1218 1197 ut
1240 1154 1444 1212 probaret

55 1228 279 1288 justificari
304 1228 520 1271 bominem
554 1242 630 1285 per
660 1224 789 1269 fidem
819 1225 911 1269 sine
934 1225 1138 1284 operibus
1165 1223 1304 1282 legisss.
1331 1226 1444 1268 Cum

58 1301 171 1343 enim
197 1299 308 1342 bona
333 1314 458 1357 opera
491 1307 799 1342 commemorat
824 1296 1008 1341 Abrahae
1026 1332 1036 1350 ,
1070 1312 1170 1356 quae
1192 1297 1282 1355 ejus
1312 1294 1444 1338 fidem

57 1370 262 1415 comitata
283 1379 405 1422 sunt,
429 1369 527 1425 satis
563 1368 751 1412 ostendit
780 1367 962 1411 Paulum
996 1367 1238 1426 apostolum
1274 1382 1362 1410 non
1385 1367 1444 1410 ita

59 1456 134 1500 per
172 1441 390 1485 Abraham
426 1439 581 1483 docere
598 1439 823 1499 justificari
847 1439 1069 1482 hominem
1104 1453 1179 1497 per
1202 1437 1331 1481 fidem
1354 1437 1446 1481 sine

59 1512 281 1571 operibus,
300 1521 349 1555 ut
369 1512 401 1555 si
425 1511 520 1570 quis
538 1510 786 1564 crediderit,
807 1525 895 1553 non
919 1508 972 1553 ad
987 1524 1086 1552 eum
1108 1510 1318 1567 pertineat
1334 1508 1445 1552 bene

59 1582 250 1641 operari3
274 1582 346 1625 sed
371 1581 424 1625 ad
443 1582 524 1625 hoc
540 1581 705 1641 potius,
727 1590 777 1624 ut
798 1596 926 1624 nemo
949 1579 1110 1623 meritis
1126 1579 1320 1639 priorum
1345 1594 1445 1638 ope-

60 1668 154 1696 rum
191 1653 424 1697 arbitretur
456 1668 498 1696 se
534 1652 775 1711 pervenisse
812 1652 866 1696 ad
904 1651 1068 1695 donum
1100 1651 1441 1711 justificationis,

60 1739 158 1784 quae
180 1734 242 1768 est
257 1724 300 1767 in
325 1723 425 1767 fide.
455 1726 501 1766 In
520 1724 602 1767 hoc
619 1723 734 1766 enirn
753 1738 796 1766 se
818 1723 1030 1766 Gentibus
1052 1723 1095 1765 in
1111 1723 1331 1766 Christum
1351 1737 1445 1766 cre—

60 1796 262 1840 dentibus
297 1795 438 1839 Judaei
473 1794 676 1854 praeferre
713 1794 969 1854 cupiebant,
1001 1793 1121 1854 quod
1155 1794 1362 1838 dicebant
1402 1809 1446 1838 se

60 1867 221 1911 meritis
248 1868 459 1910 bonorum
484 1881 662 1925 operum
688 1881 787 1925 quoe
809 1866 852 1908 in
876 1865 971 1923 lege
989 1875 1112 1919 sunt,
1139 1867 1191 1909 ad
1213 1865 1446 1923 Evangeli-

58 1953 151 1983 cam
172 1938 350 1996 gratiam
376 1937 616 1994 pervenisse
638 1937 851 1996 :ideoque
874 1936 1281 1980 scandalizabantur
1299 1936 1441 1993 multi,

58 2009 133 2069 qui
173 2024 225 2052 ex
271 2008 330 2051 eis
371 2007 670 2061 crediderant,
717 2008 837 2066 quod
881 2008 1188 2051 incircumcisis
1233 2008 1445 2052 Gentibus

21 2125 24 2130 ,
59 2079 215 2124 Christi
252 2078 385 2137 gratia
415 2078 671 2122 traderetur.
710 2078 836 2122 Unde
871 2077 1090 2137 apostolus
1128 2077 1286 2122 Paulus
1314 2078 1469 2134 dicit,

61 2165 180 2210 posse
199 2151 418 2194 hominem
442 2151 533 2193 sine
556 2150 774 2209 operibus,
799 2150 872 2193 sed
902 2150 1264 2208 praecedentibus,
1287 2151 1446 2210 justifi-

58 2222 143 2266 cari
165 2237 241 2280 per
258 2221 404 2264 fidem.
424 2223 530 2266 Nam
548 2221 807 2281 justificatus
823 2236 897 2279 per
916 2221 1046 2264 fidem
1066 2221 1288 2281 quomodo
1306 2230 1446 2280 potest

60 2292 138 2336 nisi
156 2288 270 2352 juste
293 2291 495 2351 deinceps
518 2292 701 2351 operari,
727 2293 925 2351 quamvis
955 2302 1080 2336 antea
1112 2292 1219 2335 nihil
1242 2301 1445 2352 operatus

57 2364 184 2424 juste,
210 2364 262 2408 ad
287 2363 748 2422 fideijustificationem
770 2363 1011 2423 pervenerit
1030 2379 1117 2407 non
1138 2364 1292 2408 merito
1310 2364 1445 2409 bono-

60 2449 154 2479 rum
174 2447 371 2493 operum,
396 2434 470 2478 sed
503 2435 634 2492 gratia
660 2434 733 2478 Dei
750 2470 760 2490 ,
787 2450 886 2493 quae
908 2434 951 2477 in
977 2433 1051 2478 illo
1070 2435 1159 2494 jam
1195 2451 1330 2480 vacua
1354 2451 1444 2480 esse

63 2521 149 2551 non
177 2515 337 2565 potest,
375 2521 474 2550 eum
502 2507 591 2567 jam
630 2521 706 2566 per
743 2504 1021 2551 dilectionem
1064 2508 1176 2552 bene
1212 2509 1443 2567 operatur?

113 2597 121 2612 ¹
142 2591 209 2623 Gal.
224 2602 255 2626 v,
278 2593 374 2624 18.-
390 2598 402 2613 ²
420 2591 532 2624 Jacob.
561 2603 667 2634 19.--
684 2590 698 2614 3
718 2594 898 2634 Rom.x1v‚
920 2592 953 2625 (3.
