1790 3187
649 248 850 281 131>1sTOLA
882 253 952 280 ιν.
1417 241 1502 284 497

114 318 220 364 duet
241 319 612 378 incorruptionem
630 353 641 374 ,
663 329 706 364 ct
727 319 910 365 mortale
929 320 1014 365 hoc
1030 319 1185 365 induet
1201 320 1483 366 immortalita

114 392 244 434 tem1.
269 392 395 436 Nunc
418 391 534 435 enim
555 389 733 451 quidem
745 391 835 450 jam
854 390 1065 436 habemus
1089 389 1296 451 primitias
1318 392 1501 451 Spiritus

114 475 191 521 per
207 461 360 517 fidem,
381 461 456 506 sed
475 461 620 507 adhuc
636 461 682 505 in
702 462 829 506 nobis
853 462 955 522 ipsis
981 462 1346 522 ingemiscimus2,
1370 463 1506 523 adop-

113 533 276 579 tionem
299 543 573 594 expectantes
595 532 942 594 redemptionem
964 537 1155 595 corporis
1172 533 1322 580 nostri.
1359 553 1379 576 «
1418 536 1502 594 Spe

116 621 136 648 »
160 607 275 650 enim
293 605 398 651 salvi
421 604 523 651 facti
543 621 708 651 sumus.
736 625 754 647 »
778 609 829 650 In
846 606 928 651 hac
945 622 1019 667 spe
1034 622 1136 651 cum
1151 621 1325 663 sumus,
1346 621 1505 666 corpus

111 676 291 737 quidem
314 688 536 723 mortuum
559 687 622 723 est
644 686 821 738 propter
854 687 1112 738 peccatum,
1149 678 1326 738 spiritus
1359 687 1509 723 autem

111 748 197 793 vita
221 757 284 793 est
299 758 477 808 propter
492 749 722 808 justitiam.
744 748 827 793 Sed
840 748 939 793 vide
954 749 1061 809 quid
1072 750 1268 809 sequitur
1295 768 1304 794 :
1334 768 1354 791 «
1376 749 1418 794 Si
1437 764 1509 793 au-

115 837 134 859 »
163 828 247 863 tem
269 819 452 878 Spiritus
466 821 558 879 ejus
573 855 583 875 ,
601 819 744 880 inquit
756 854 767 875 ,
788 821 865 880 qui
882 820 1105 866 suscitavit
1121 822 1145 864 J
1149 835 1272 865 esum
1288 836 1311 864 a
1326 818 1511 866 mortuis

114 907 134 931 »
160 889 328 935 habitat
350 891 394 935 in
417 891 537 936 vobis
562 910 571 936 ι
593 891 669 952 qui
688 892 911 936 suscitavit
932 892 1154 937 Christum
1175 908 1198 936 a
1216 892 1422 946 mortuis,
1443 891 1510 935 vi-

113 978 133 1002 »
160 961 352 1006 vifieabit
380 971 423 1006 ct
457 962 656 1007 mortalia
687 977 870 1020 corpora
900 973 1040 1005 vestra
1074 976 1151 1020 per
1185 962 1508 1006 inhabitantem

114 1051 133 1074 »
163 1034 370 1093 Spiritum
391 1036 482 1094 ejus
501 1034 545 1077 in
568 1033 731 1077 vobis³.
760 1052 778 1074 »
806 1035 900 1077 Hoc
921 1033 1052 1090 igitur
1069 1032 1268 1077 universa
1288 1032 1507 1086 Ecclesia,

110 1105 267 1165 quaein
281 1104 630 1165 peregrinatione
645 1103 919 1149 mortalitatis
936 1103 1115 1149 inventa
1133 1113 1212 1159 est,
1245 1112 1444 1163 expectat
1464 1102 1511 1146 in

109 1176 197 1219 fine
229 1174 376 1220 saeculi
406 1176 526 1235 quod
560 1174 606 1219 iu
630 1174 803 1219 Domini
827 1174 961 1219 nostri
984 1176 1087 1219 Jesu
1129 1174 1291 1220 Christi
1327 1188 1510 1233 corpore

109 1255 494 1306 praemonstratum
512 1254 599 1300 est,
617 1245 691 1305 qui
707 1254 769 1290 est
787 1260 838 1289 ex
852 1245 1034 1290 mortuis
1049 1244 1389 1304 primogenitus,
1409 1243 1513 1304 quia

108 1328 151 1363 et
172 1333 330 1378 corpus
350 1318 440 1378 ejus
456 1317 527 1362 cui
543 1327 674 1376 caput
692 1326 756 1361 est
777 1317 890 1377 ipse,
911 1332 1001 1361 non
1019 1316 1099 1361 nisi
1121 1315 1316 1361 Ecclesia
1335 1324 1414 1361 est.

168 1392 246 1436 IV.
269 1389 481 1435 Nonnulli
505 1389 621 1433 enim
639 1387 912 1433 attendentes
930 1387 1063 1432 verba
1087 1403 1188 1448 quae
1210 1386 1380 1432 assidue
1402 1385 1510 1430 dicit

109 1459 371 1520 Apostolus,
400 1460 502 1521 quia
524 1469 567 1504 et
590 1459 753 1504 mortui
775 1473 924 1503 sumus
946 1473 1044 1503 eum
1074 1458 1273 1514 Christo,
1299 1466 1342 1502 et
1364 1471 1509 1501 resur-

109 1533 296 1577 reximus
318 1548 420 1577 cum
440 1548 491 1576 eo
510 1553 521 1590 3
539 1547 619 1576 nec
635 1530 929 1589 intelligentes
947 1539 1164 1590 quatenus
1193 1529 1414 1584 dicantur,
1447 1543 1511 1572 ar-

110 1603 257 1648 bitrati
281 1614 381 1649 sunt
398 1605 486 1664 jam
511 1601 672 1647 factam
713 1617 802 1645 esse
835 1601 1224 1654 resurrectionem,
1263 1614 1345 1643 nec
1373 1597 1510 1642 ullam

107 1675 290 1721 ulterius
304 1676 349 1719 in
363 1677 450 1720 fine
466 1685 714 1734 temporum
730 1689 819 1717 esse
834 1672 1110 1732 sperandam.
1133 1692 1152 1714 «
1170 1674 1236 1715 Ex
1250 1672 1411 1731 quibus
1426 1678 1506 1725 est,

112 1765 132 1788 »
159 1746 302 1806 inquit
314 1782 324 1800 ,
343 1750 610 1803 Hymenaeus
624 1754 667 1788 et
685 1744 878 1787 Philetus
891 1779 901 1798 ,
917 1743 994 1803 qui
1010 1743 1123 1787 circa
1137 1743 1364 1786 veritatem
1380 1741 1511 1785 aber-

113 1836 132 1860 »
160 1827 390 1874 ravel-unt,
422 1818 616 1862 dicentes
643 1815 1004 1860 resurrectionem
1021 1815 1112 1874 jam
1133 1812 1291 1859 factam
1316 1829 1429 1870 esse,
1466 1821 1511 1857 et

110 1906 131 1931 >›
156 1889 290 1934 fidem
310 1888 604 1950 quorumdam
622 1887 934 1932 subverterunt
947 1887 978 1928 4.
1004 1903 1023 1927 »
1044 1884 1166 1929 Idem
1183 1884 1419 1945 Apostolus
1437 1898 1510 1928 eos

109 1976 292 2019 arguens
315 1961 569 2015 detestatur,
595 1960 671 2019 qui
695 1968 843 2003 tamen
865 1957 970 2002 dicit
999 1971 1076 2001 nos
1105 1957 1384 2001 resurrexisse
1406 1970 1508 2001 cum

108 2035 297 2079 Christo.
314 2036 454 2088 Unde,
468 2033 549 2077 nisi
563 2032 665 2092 quia
684 2032 768 2075 hoc
782 2045 858 2090 per
872 2028 1023 2084 fidem,
1036 2038 1079 2073 et
1093 2044 1231 2088 spem,
1248 2037 1291 2073 et
1306 2028 1508 2073 dilectio-

108 2119 209 2148 nem
226 2104 391 2148 factum
416 2119 505 2148 esse
523 2102 628 2147 dicit
643 2102 688 2146 in
706 2101 830 2146 nobis
847 2135 856 2155 ,
879 2098 1119 2144 secundum
1139 2099 1350 2158 primitias
1371 2098 1506 2158 Spiri-

107 2176 207 2218 tus?
239 2174 322 2219 Sed
345 2174 447 2234 quia
470 2189 565 2232 spes
581 2207 592 2228 ,
617 2188 716 2232 quae
739 2170 929 2225 videtur,
957 2185 1047 2214 non
1070 2181 1134 2213 est
1155 2171 1297 2228 spes⁵,
1332 2178 1376 2213 et
1407 2169 1507 2213 ideo

108 2247 142 2290 si
159 2245 280 2306 quod
305 2262 393 2290 non
416 2244 615 2289 videmus
636 2257 859 2303 speramus
874 2277 884 2297 ,
905 2256 984 2300 per
1010 2241 1266 2300 patientiam
1302 2249 1506 2300 expecta-

109 2332 206 2361 mus
225 2338 236 2375 3
258 2325 390 2361 restat
424 2316 577 2375 utique
601 2314 842 2373 redemptio
864 2311 1056 2371 corporis
1087 2312 1243 2366 nostri,
1267 2327 1401 2371 quam
1430 2326 1504 2354 ex-

106 2397 330 2447 pectantes
342 2387 387 2431 in
403 2386 723 2444 nobismetipsis
737 2383 1076 2443 ingemiscimus.
1091 2381 1216 2426 Unde
1230 2390 1294 2426 est
1312 2391 1354 2426 et
1369 2380 1477 2425 illud
1492 2401 1504 2439 3

112 2477 129 2496 «
155 2461 238 2519 Spe
261 2459 522 2518 gaudentes,
548 2459 592 2502 in
610 2456 891 2501 tribulatione
914 2454 1170 2514 patientes‘f.
1200 2472 1220 2495 »

159 2571 167 2587 ¹
193 2575 205 2595 1
224 2565 297 2598 Cor.
319 2575 374 2605 xv,
395 2564 447 2595 53.
466 2580 501 2585 —
520 2569 532 2584 ²
552 2563 647 2593 Rom.
669 2573 736 2603 viu,
757 2561 810 2592 23.
829 2556 1000 2590 —31bid.
1026 2569 1133 2589 11.—-
1151 2557 1164 2584 »i
1184 2565 1203 2589 2
1236 2557 1316 2589 Tim.
1346 2567 1381 2597 ῃ,
1407 2566 1507 2598 17.—

111 2619 126 2644 5
146 2624 236 2654 Rom.
253 2632 321 2661 vm,
343 2620 396 2661 '24'-
415 2636 455 2642 -
470 2618 484 2642 0
502 2619 549 2651 m.
571 2628 625 2657 XF,
652 2626 701 2649 ι’).

331 2686 461 2714 cxix.
1273 2670 1323 2708 32
