1790 3187
637 229 838 259 ErisToLA
869 231 938 258 Lv.
1395 221 1474 259 511

90 297 214 352 dum,
238 311 327 357 quo
346 295 401 341 ad
424 296 618 357 requiem
641 295 877 351 tendimus,
903 294 1046 339 valere
1067 295 1212 339 omnia
1242 310 1342 355 quae
1363 296 1479 356 figu-

90 376 181 412 rate
203 367 249 411 in
269 367 498 427 Scripturis
519 367 757 425 dicuntur3
788 364 1146 426 quandoquidem
1185 365 1230 409 id
1258 365 1400 410 solum
1435 366 1480 410 in

89 437 304 496 Decalogo
317 439 508 498 figurate
530 439 800 498 praecipitur,
826 438 901 482 ubi
934 438 1105 498 requies
1126 436 1478 492 commendatur,

89 525 189 570 quae
216 510 382 570 ubique
412 519 599 566 amatur,
623 510 700 555 sed
721 509 764 554 in
783 509 874 554 solo
893 512 983 554 Deo
1004 518 1122 554 certa
1139 516 1342 553 etsaneta
1363 508 1482 552 inve-

89 580 225 624 nitur.

146 653 318 696 XXIII.
355 651 452 696 Dies
471 660 618 696 tamen
640 651 890 696 Dominicus
923 666 1012 696 non
1030 653 1054 695 J
1061 650 1210 706 udaeis,
1235 649 1312 695 sed
1333 649 1483 695 Chris-

90 721 216 766 tianis
238 723 553 768 resurrectione
575 723 750 767 Domini
772 721 1015 767 declaratus
1037 731 1123 778 est,
1150 730 1193 767 et
1219 736 1270 766 ex
1298 719 1373 764 illo
1402 719 1483 764 ha-

88 791 192 837 bere
231 793 367 853 coepit
404 793 682 839 festivitatem
713 809 851 838 suam.
884 794 1052 838 Animae
1086 793 1249 854 quippe
1285 792 1483 837 omnium

89 874 339 910 sanctorum
374 875 474 910 ante
496 866 855 910 resurrectionem
879 865 1070 925 corporis
1092 874 1194 909 sunt
1228 864 1408 924 quidem
1438 864 1484 907 in

90 937 261 996 requie,
287 935 363 980 sed
394 937 440 980 in
472 952 520 980 ea
542 953 630 981 non
653 946 756 980 sunt
778 936 963 989 actione,
995 952 1082 995 qua
1106 950 1289 994 corpora
1312 943 1485 993 recepta

88 1016 364 1067 vegetantur.
397 1005 544 1050 Talem
577 1008 739 1066 quippe
766 1006 979 1050 actionem
1003 1005 1218 1063 significat
1251 1005 1341 1048 dies
1364 1013 1484 1049 octa-

89 1093 185 1132 vus,
211 1077 287 1138 qui
315 1087 357 1122 et
386 1077 580 1137 primus,
611 1077 713 1137 quia
746 1093 835 1121 non
858 1075 1002 1120 aufert
1028 1075 1147 1119 illam
1183 1075 1378 1135 requiem
1407 1074 1484 1120 sed

91 1148 317 1208 glorificat.
344 1151 443 1194 Non
466 1150 579 1192 enim
605 1148 717 1192 redit
744 1163 844 1192 cum
871 1163 1052 1208 corpore
1069 1145 1305 1191 difficultas
1320 1163 1369 1190 ex
1392 1162 1486 1192 cor-

89 1236 210 1280 pore,
230 1221 331 1280 quia
349 1237 430 1265 nec
451 1221 689 1279 corruptio.
717 1239 736 1262 «
758 1222 940 1279 Oportet
964 1220 1078 1263 enim
1093 1218 1379 1278 corruptibile
1399 1219 1484 1262 hoc

95 1313 112 1333 »
139 1292 264 1335 indui
288 1292 681 1351 incorruptionem,
703 1301 746 1336 et
770 1290 952 1336 mortale
975 1291 1058 1335 hoc
1082 1289 1206 1334 indui
1226 1289 1483 1335 immortali-

91 1381 111 1404 »
140 1372 272 1408 tatem
312 1365 343 1406 1.
376 1381 396 1404 ³)
430 1366 706 1422 Quapropter
740 1372 840 1406 ante
885 1362 1244 1406 resurrectionem
1289 1360 1480 1415 Domini,

88 1435 288 1496 quamvis
321 1444 491 1480 sanctos
529 1444 671 1494 patres
695 1435 847 1495 plenos
883 1435 1139 1494 prophetico
1168 1434 1321 1493 spiritu
1341 1433 1484 1478 octavi

87 1515 408 1551 sacramentum
437 1521 716 1567 nequaquam
740 1506 910 1559 lateret,
936 1522 1025 1566 quo
1048 1506 1316 1564 significatur
1335 1520 1483 1549 resur-

89 1579 223 1623 rectio
250 1598 257 1624 :
283 1580 403 1636 (nam
423 1587 466 1622 et
486 1594 563 1638 pro
582 1587 735 1622 octavo
756 1577 949 1622 Psalmus
970 1577 1238 1632 inscribitur,
1265 1586 1307 1620 et
1329 1585 1483 1621 octavo

88 1650 159 1694 die
181 1649 610 1694 circumcidebantur
633 1648 837 1703 infantes,
864 1657 907 1692 et
929 1648 974 1691 in
997 1647 1255 1692 Ecclesiaste
1285 1648 1340 1691 ad
1368 1648 1484 1691 duo-

88 1737 186 1765 rum
216 1724 594 1766 Testamentorum
629 1721 989 1780 significationem
1022 1720 1204 1771 dicitur,
1241 1738 1260 1762 «
1301 1722 1365 1763 Da
1399 1718 1484 1763 illis

91 1810 112 1834 »
129 1801 297 1851 septem
315 1801 358 1836 et
376 1791 458 1835 illis
480 1801 579 1836 octo
599 1794 616 1818 ‘²
636 1811 644 1836 :
666 1797 683 1848 )
701 1810 719 1832 »
740 1800 1003 1834 reservatum
1027 1800 1088 1834 est
1108 1800 1255 1834 tamen
1273 1798 1316 1833 et
1334 1788 1484 1833 occul-

92 1871 257 1918 tatum,
283 1872 326 1908 et
359 1862 500 1907 solum
538 1861 850 1907 celebrandum
879 1862 1110 1905 sabbatum
1143 1860 1353 1905 traditum
1387 1870 1482 1918 est,

91 1935 194 1994 quia
226 1944 317 1979 erat
346 1944 472 1979 antea
501 1934 671 1995 requies
700 1943 975 1978 mortuorum
1009 1955 1019 1992 3
1050 1932 1307 1977 resurrectio
1338 1942 1484 1977 autem

90 2006 254 2050 nullius
268 2017 374 2062 erat,
390 2006 466 2066 qui
488 2021 714 2065 resurgens
736 2021 786 2049 ex
803 2006 1098 2065 mortuis,jam
1118 2021 1207 2050 non
1221 2014 1479 2060 moreretur,

91 2087 134 2122 et
151 2093 266 2122 mors
285 2077 349 2122 illi
376 2077 490 2122 ultra
512 2093 603 2122 non
625 2076 939 2131 dominaretur,
962 2086 1012 2121 ut
1028 2085 1260 2136 postquam
1285 2075 1399 2120 facta
1421 2083 1485 2119 est

92 2147 186 2192 talis
220 2149 479 2194 resurrectio
501 2149 548 2192 in
570 2163 751 2207 corpore
783 2148 992 2206 Domini(
1016 2157 1064 2191 ut
1087 2147 1259 2207 praeiret
1281 2147 1327 2190 in
1344 2146 1485 2205 capite

89 2219 312 2277 Ecclesiae,
332 2220 453 2282 quod
471 2236 628 2280 corpus
641 2219 844 2265 Ecclesiae
862 2228 1051 2279 speraret
1072 2219 1117 2263 in
1131 2218 1338 2278 fine)jam
1353 2217 1484 2262 etiam

91 2290 182 2336 dies
205 2293 472 2347 Dominicus,
493 2291 540 2336 id
567 2301 646 2347 est,
672 2299 871 2345 octavus,
892 2290 969 2350 qui
996 2299 1038 2334 et
1062 2289 1242 2348 primus,
1275 2288 1486 2348 inciperet

93 2363 319 2409 celebrari.
340 2368 437 2425 Ipsa
461 2365 592 2408 etiam
614 2379 742 2408 causa
760 2362 1032 2421 intelligitur,
1057 2377 1134 2406 cur
1163 2360 1482 2406 observandum

94 2437 274 2492 Pascha,
313 2437 391 2482 ubi
415 2452 541 2482 ovem
574 2435 771 2481 occidere
792 2445 834 2481 et
855 2435 1082 2480 comedere
1103 2434 1332 2495 jubentur,
1365 2432 1488 2494 quod

92 2506 439 2553 manifestissime
461 2507 704 2569 passionem
733 2506 906 2553 Domini
930 2507 1197 2567 praefigurat,
1224 2520 1316 2551 non
1337 2504 1396 2549 eis
1427 2503 1488 2548 ita

147 2599 156 2616 ¹
186 2605 198 2626 1
221 2595 294 2628 Cor.
313 2604 368 2636 xv,
387 2593 441 2628 53.
458 2610 499 2618 —-
513 2599 527 2616 ²
546 2592 655 2628 Eccle.
673 2604 721 2636 xz,
741 2602 772 2627 2.
