1790 3187
298 211 380 250 302
735 218 767 245 s.
806 218 1035 245 Auens'rrm
1068 217 1249 244 Ειηεεοιη

296 286 366 331 vel
387 300 576 330 annuam
597 284 667 329 vel
689 298 740 327 eo
757 281 939 341 amplius
962 281 1200 327 absentiam
1222 289 1343 324 tuam
1359 277 1480 322 nulla
1499 276 1676 338 querela

296 363 538 409 revocaret,
573 369 629 397 ne
655 352 762 397 alius
790 352 1026 412 possideret
1057 361 1238 405 terram,
1270 364 1360 393 non
1387 348 1566 402 animae,
1601 345 1677 391 sed

296 426 467 486 corpori
500 438 742 484 pauperum
775 424 1054 468 necessariam
1085 439 1093 464 :
1125 435 1314 482 quorum
1346 428 1492 464 tamen
1515 417 1677 462 famem

297 497 406 542 vivae
428 496 601 540 arbores
619 509 726 539 meae
747 493 887 538 multo
905 491 1071 538 facilius
1094 491 1287 552 mihique
1309 489 1468 549 gratius
1482 523 1494 543 ,
1519 489 1553 533 si
1574 487 1677 532 dili-

299 576 450 626 genter
486 565 752 619 colerentur,
785 563 1038 623 explerent?
1072 565 1162 608 Cur
1198 577 1300 620 ergo
1338 560 1393 605 ad
1429 558 1678 604 discendam

299 637 608 696 agriculturam
647 649 787 680 meam
827 634 1096 679 vacationem
1133 633 1338 692 temporis
1372 631 1453 675 tibi
1493 629 1679 674 defuisse

299 707 515 751 causaris?
538 706 613 750 Dic
637 705 740 749 mihi
763 704 869 763 quid
905 704 1211 763 respondeam,
1243 717 1348 760 rogo
1381 702 1455 745 te?
1479 703 1547 744 An
1569 697 1681 743 forte

299 777 361 822 vis
409 775 549 820 dicam
582 794 590 820 ε
633 777 770 821 Senex
801 773 996 818 Valerius
1036 773 1141 817 dum
1190 787 1260 817 me
1296 771 1500 816 omnibus
1553 768 1683 813 rebus

300 848 560 891 instructum
583 861 671 890 esse
697 845 973 901 credidisset,
1000 853 1165 904 quanto
1193 843 1376 903 amplius
1400 857 1470 886 me
1503 839 1651 884 dilexit
1668 873 1680 893 ,

301 926 422 962 tanto
445 917 588 960 minus
609 916 689 960 ista
707 916 868 960 discere
884 915 1103 974 permisit?

358 990 436 1032 VI.
462 986 651 1032 Attende
681 986 825 1031 omnia
848 986 928 1030 ista
945 1021 956 1040 ,
982 1000 1110 1030 senex
1142 983 1308 1038 Valeri,
1333 983 1513 1028 obsecro
1543 990 1587 1025 te
1607 995 1684 1041 per

300 1058 540 1102 bonitatem
569 1067 612 1101 et
645 1057 914 1101 severitatem
952 1055 1144 1110 Christi,
1170 1070 1245 1114 per
1274 1051 1611 1098 misericordiam
1640 1060 1685 1095 et

297 1129 510 1189 judicium
530 1129 642 1187 ejus,
664 1143 740 1187 per
759 1143 859 1172 eum
876 1128 952 1187 qui
968 1136 1131 1171 tantam
1150 1126 1229 1170 tibi
1246 1125 1471 1184 inspiravit
1489 1138 1589 1182 erga
1605 1137 1684 1167 nos

302 1199 581 1252 charitatem,
607 1207 657 1242 ut
679 1214 734 1242 ne
755 1208 798 1242 te
813 1233 824 1253 ,
851 1213 932 1241 nec
961 1212 1040 1255 pro
1059 1195 1182 1241 luero
1204 1195 1358 1240 animae
1390 1202 1572 1248 nostrae,
1604 1208 1685 1237 au-

302 1269 481 1313 deamus
504 1269 741 1314 offendere.
763 1269 831 1313 Sic
852 1277 996 1312 autem
1017 1267 1121 1311 mihi
1140 1269 1278 1311 Deum
1300 1275 1343 1309 et
1362 1264 1583 1310 Christum
1600 1272 1687 1307 tes-

302 1348 391 1384 tem
411 1338 516 1384 facis
538 1339 798 1383 innocentiae
813 1347 856 1383 et
871 1338 1106 1392 charitatis,
1128 1347 1171 1381 et.
1187 1336 1341 1381 sinceri
1359 1336 1540 1380 affectus
1555 1347 1686 1394 quem

304 1411 415 1454 circa
436 1425 514 1454 nos
536 1410 668 1454 habes
687 1409 809 1469 quasi
833 1425 910 1468 ego
932 1425 1021 1454 non
1047 1409 1101 1453 de
1118 1410 1182 1453 his
1204 1410 1348 1468 jurare
1366 1407 1569 1452 omnibus
1587 1421 1688 1466 pos-

305 1481 399 1524 sim.
431 1483 571 1538 Ipsam
594 1496 696 1538 ergo
719 1481 973 1524 charitatem
995 1489 1038 1524 et
1061 1480 1268 1524 affectum
1296 1479 1504 1538 imploro,
1533 1486 1582 1522 ut
1607 1476 1691 1520 mi-

306 1551 481 1595 serearis
499 1552 605 1608 mei,
623 1560 664 1594 et
679 1553 889 1595 concedas
906 1552 1034 1605 mihi,
1058 1552 1112 1595 ad
1136 1552 1218 1595 hoc
1239 1550 1359 1611 quod
1385 1550 1531 1608 rogavi
1549 1584 1559 1602 ,
1578 1558 1690 1592 tem·

307 1636 386 1680 pus
404 1630 617 1680 quantum
646 1621 816 1680 rogavi,
842 1630 971 1680 atque
991 1620 1168 1680 adjuves
1193 1636 1262 1664 me
1285 1620 1552 1665 orationibus
1574 1619 1657 1662 tuis
1675 1651 1687 1672 ,

306 1699 356 1734 ut
383 1706 472 1734 non
500 1691 553 1734 sit
585 1690 714 1734 inane
734 1690 995 1735 desiderium
1019 1707 1164 1734 meum
1184 1727 1194 1746 ,
1220 1707 1299 1735 nec
1326 1691 1597 1735 infructuosa
1619 1704 1691 1731 ec·-

308 1759 447 1804 clesiae
486 1760 646 1805 Christi
690 1770 820 1821 atque
858 1760 1034 1805 utilitati
1078 1761 1259 1804 fratrum
1300 1770 1343 1804 et
1384 1773 1691 1804 conservorum

309 1845 505 1874 meorum
523 1831 716 1874 absentia
735 1847 845 1875 mea.
873 1831 968 1875 Seio
986 1831 1105 1890 quod
1123 1830 1240 1875 illam
1259 1831 1512 1874 charitatem
1533 1844 1609 1888 pro
1624 1841 1692 1871 me

309 1910 503 1945 orantem
523 1937 533 1956 ,
559 1902 741 1945 maxime
762 1904 806 1946 in
829 1903 902 1946 tali
923 1918 1050 1946 causa
1067 1937 1078 1956 ,
1105 1918 1193 1946 non
1218 1902 1424 1960 despiciet
1453 1901 1660 1946 Dominus
1678 1933 1690 1954 ‚

310 1980 353 2015 et
374 1987 468 2015 eam
490 1972 601 2016 sicut
617 1972 874 2016 sacrificium
892 1973 1114 2017 suavitatis
1129 1972 1342 2031 accipiens
1355 2007 1370 2027 ,
1392 1971 1582 2016 fortassis
1598 1971 1696 2013 bre-

309 2042 427 2087 viore
452 2051 647 2101 tempore
673 2060 805 2103 quam
837 2044 1051 2103 postulavi
1082 2059 1151 2087 me
1182 2042 1476 2087 saluberrimis
1506 2040 1697 2087 consiliis

310 2111 365 2156 de
388 2113 617 2172 Scripturis
637 2114 723 2158 suis
746 2113 898 2158 reddet
920 2114 1198 2162 instructum.
