1790 3187
331 226 381 263 16
741 241 772 264 s.
810 236 1036 264 mensum
1069 237 1245 264 flrlscori

324 300 393 345 vel
414 300 663 361 respuendis
684 300 737 345 ad
759 300 1071 356 valetudinem,
1101 301 1360 361 quibusdam
1381 300 1612 346 tolerandis
1633 301 1687 346 ad

326 373 572 431 patientiam
590 408 601 427 ,
626 371 883 431 quibusdam
907 373 1153 416 ordinandis
1175 372 1227 416 ad
1245 373 1455 432 justitiam
1474 408 1485 429 ‚
1511 373 1688 434 quibus·
1743 386 1746 390 ’
1788 387 1790 389 ·

325 444 425 487 dam
464 443 781 489 considerandis
816 442 869 487 ad
906 442 1082 503 aliquod
1115 444 1301 488 veritatis
1338 443 1686 489 documentum:

325 515 461 558 utitur
477 515 604 558 etiam
625 515 675 558 iis
694 530 716 557 a
739 514 894 573 quibus
916 529 959 558 se
981 515 1181 568 abstinet,
1199 514 1251 558 ad
1267 516 1608 575 temperantiam.
1624 517 1690 559 Ita

325 586 524 630 omnibus
552 595 595 630 et
621 585 750 629 sensis
779 594 821 628 et
853 601 941 630 non
962 586 1091 629 sensis
1124 586 1259 630 utitur
1284 607 1295 644 3
1320 601 1398 630 neo
1421 585 1583 646 aliquid
1605 595 1691 630 ter-

329 656 434 700 tium
464 666 539 701 est.
571 657 744 701 judicat
765 665 908 701 autem
942 657 996 700 de
1025 657 1222 701 omnibus
1251 657 1409 716 quibus
1431 658 1567 702 utitur
1594 677 1602 702 z
1637 656 1692 700 de

326 727 416 772 solo
446 730 533 771 Deo
554 743 643 772 non
659 726 852 787 judicat,
878 727 978 788 quia
1009 728 1246 772 seeundum
1269 730 1405 772 Deum
1439 727 1492 772 de
1529 728 1691 772 caeteris

321 797 487 857 judicat
508 819 518 856 3
540 814 620 844 nec
641 814 692 843 eo
708 800 860 854 utitur,
875 799 950 843 sed
963 798 1134 844 fruitur.
1151 802 1300 860 Neque
1317 799 1432 844 enim
1453 800 1508 844 ad
1528 798 1692 859 aliquid

324 869 441 914 aliud
465 873 576 915 Deus
601 870 851 915 referendus
870 880 946 915 est.
972 872 1184 924 Quoniam
1207 886 1334 917 omne
1356 871 1476 932 quod
1498 870 1553 915 ad
1574 870 1693 915 aliud

323 941 598 986 referendum
630 951 692 987 est
717 978 728 998 ,
767 942 944 987 inferius
981 954 1041 987 est
1079 959 1208 1003 quam
1247 942 1292 986 id
1328 942 1382 987 ad
1422 941 1540 1003 quod
1582 941 1692 986 refe-

323 1014 506 1057 rendum
533 1022 609 1057 est.
635 1016 723 1059 Nec
748 1022 811 1058 est
832 1013 997 1073 aliquid
1020 1016 1109 1058 Deo
1132 1014 1346 1073 superius,
1372 1029 1461 1058 non
1479 1013 1592 1066 loco,
1617 1012 1693 1057 sed

322 1084 571 1129 excellentia
592 1100 680 1129 suae
703 1095 884 1129 naturae.
910 1086 1066 1130 Omnia
1088 1101 1189 1145 ergo
1221 1102 1317 1146 quae
1344 1085 1458 1131 facta
1489 1093 1589 1130 sunt
1609 1119 1619 1139 ,
1648 1083 1694 1127 in

321 1169 449 1199 usum
470 1156 656 1200 hominis
675 1156 788 1201 facta
805 1166 906 1201 sunt
926 1192 936 1212 ,
958 1158 1058 1217 quia
1080 1157 1281 1201 omnibus
1302 1157 1438 1202 utitur
1456 1154 1694 1216 judicando

323 1227 431 1270 ratio
447 1260 457 1280 ,
491 1242 591 1285 quae
609 1227 774 1270 homini
802 1228 902 1271 data
924 1237 1000 1271 est.
1028 1231 1083 1272 Et
1100 1237 1198 1272 ante
1215 1227 1382 1287 lapsum
1406 1226 1583 1287 quidem
1605 1240 1695 1270 non
1785 1210 1787 1238 ³

325 1295 526 1340 utebatur
543 1295 799 1351 tolerandis,
825 1312 904 1341 nec
932 1306 1027 1357 post
1047 1297 1214 1356 lapsum
1242 1299 1380 1342 utitur
1411 1299 1491 1342 nisi
1515 1312 1694 1342 conver-

321 1382 407 1422 sus,
430 1375 473 1410 et
490 1382 739 1427 quanquam
758 1376 856 1411 ante
871 1377 1052 1412 mortem
1067 1368 1271 1428 corporis,
1290 1370 1378 1428 jam
1395 1378 1541 1413 tamen
1557 1383 1692 1428 quan-

321 1446 414 1481 tum
436 1446 578 1496 potest
596 1439 673 1483 Dei
695 1438 870 1492 amicus,
887 1439 987 1497 quia
1004 1438 1188 1482 libenter
1208 1454 1367 1484 servus.

379 1510 574 1561 Quffisno
608 1511 768 1553 XXXI.
804 1537 855 1541 —-
895 1511 953 1555 1⁰,
984 1509 1129 1553 ‘Virtus
1163 1519 1226 1553 est
1253 1509 1383 1554 animi
1411 1510 1586 1554 habitus
1612 1524 1689 1553 na-
1760 1562 1761 1571 ἵ

321 1586 429 1622 turae
466 1580 596 1624 modo
626 1589 754 1640 atque
777 1580 928 1624 rationi
952 1589 1278 1625 consentaneus.
1316 1583 1457 1633 Quare
1489 1580 1692 1625 omnibus
1759 1614 1761 1624 ι

321 1651 515 1708 partibus
552 1652 641 1710 ejus
679 1651 859 1710 cognitis
894 1660 982 1696 tota
1021 1652 1082 1695 vis
1117 1653 1196 1696 erit
1228 1652 1429 1711 simplicis
1459 1651 1693 1696 honestatis

321 1721 602 1766 considerata.
647 1722 786 1766 Habet
816 1722 945 1780 igitur
974 1732 1114 1781 partes
1146 1733 1333 1782 quatuor
1351 1758 1361 1777 ,
1385 1721 1688 1783 prudentiam,

315 1792 546 1850 justitiam,
573 1791 894 1848 fortitudinem,
918 1794 1259 1852 temperantiam.
1283 1795 1518 1838 Prudentia
1537 1803 1600 1838 est
1621 1809 1686 1837 re-

321 1878 416 1907 rum
435 1863 648 1908 bonarum
671 1873 713 1908 et
732 1864 943 1909 malarum
970 1873 1309 1926 neutrarumque
1331 1865 1520 1910 scientia.
1547 1868 1692 1910 Partes
1756 1892 1759 1926 5
1780 1890 1784 1906 ,ι

320 1934 425 1994 ejus,
449 1936 671 1991 memoria,
693 1934 990 1994 intelligentia,
1016 1934 1298 1994 providentia.
1317 1936 1523 1981 Memoria
1539 1945 1601 1980 est
1616 1951 1692 1995 per

319 2021 449 2065 quam
478 2007 646 2051 animus
669 2007 822 2066 repetit
843 2005 915 2050 illa
947 2022 1044 2067 quae
1066 2006 1257 2050 fuerunt.
1285 2006 1592 2066 Intelligentia,
1615 2022 1691 2066 per

319 2092 449 2136 quam
469 2093 517 2121 ea
540 2078 739 2137 perspicit
761 2093 859 2137 quae
881 2086 995 2121 sunt.
1019 2078 1305 2133 Providentia,
1324 2092 1399 2136 per
1420 2093 1551 2137 quam
1573 2076 1690 2122 futu-
1755 2079 1758 2087 '
1779 2103 1782 2111 ·

318 2162 414 2191 rum
445 2147 607 2208 aliquid
645 2147 816 2192 videtur
853 2157 1084 2207 antequam
1121 2148 1284 2192 factum
1307 2157 1382 2192 est.
1420 2147 1592 2192 Justitia
1627 2156 1689 2191 est

318 2219 492 2263 habitus
510 2219 657 2273 animi,
675 2221 894 2264 communi
913 2219 1094 2263 utilitate
1112 2229 1373 2275 conservata,
1394 2235 1513 2264 suam
1531 2219 1689 2278 cuique

319 2290 513 2334 tribuens
534 2290 803 2349 dignitatem.
829 2291 931 2350 Ejus
964 2291 1134 2334 initium
1155 2300 1217 2335 est
1244 2291 1298 2335 ab
1327 2300 1481 2335 natura
1512 2290 1687 2350 profec-

322 2369 411 2404 tum
440 2380 448 2404 z
482 2360 637 2405 deinde
670 2362 870 2421 quaedam
892 2361 934 2403 in
963 2361 1317 2405 consuetudinem
1341 2377 1390 2405 ex
1413 2361 1607 2406 utilitatis
1628 2376 1688 2404 ra·

320 2432 435 2476 tione
457 2441 697 2475 venerunt:
724 2440 868 2489 postea
899 2446 961 2474 res
984 2440 1026 2474 et
1054 2432 1107 2475 ab
1146 2442 1296 2476 natura
1320 2433 1529 2492 profectas
1560 2441 1602 2476 et
1634 2430 1687 2475 ab

320 2502 630 2546 consuetudine
665 2501 863 2561 probatas
890 2535 900 2556 ,
941 2501 1086 2560 legum
1115 2511 1254 2546 metus
1283 2512 1325 2546 et
1360 2501 1508 2561 religio
1530 2502 1682 2547 sanxit.

320 2574 480 2619 Natura
509 2572 579 2633 jus
611 2581 709 2628 est,
745 2571 866 2633 quod
886 2586 974 2617 non
1008 2572 1153 2631 opinio
1176 2572 1347 2632 genuit,
1383 2573 1458 2617 sed
1488 2573 1685 2633 qnaedam
1752 2563 1753 2614 Ῐ
