1790 3187
595 225 791 252 EPlSTOLA
824 227 947 254 xxiv.
1383 219 1463 256 317

80 348 498 366 mmmmm
504 350 1206 370 mmmmmvmmmm
1211 355 1461 372 mmmm

488 474 809 521 EPISTULA
855 477 1014 522 KXlV
1033 473 1066 514 ¹-

126 606 258 638 nomino
270 606 386 640 merito
402 606 581 640 honorabili
599 613 632 640 et
650 607 829 641 beatissimo
843 610 926 651 patri
943 609 1130 650 ALYPIO,
1146 611 1378 645 PAULINUS
1395 616 1428 644 et

542 665 777 698 THERASIA
803 671 1003 708 peccatores.

79 781 320 828 Paulinus
347 781 527 843 Alypio
551 785 773 844 episeopo
800 784 859 829 de
891 784 1024 830 libris
1045 786 1323 850 Augustini,
1356 801 1475 845 quos

139 855 332 913 recepit,
356 870 598 899 excusans
620 855 910 914 qaoa'serz'us
927 858 1108 901 miserit
1130 856 1201 901 ad
1219 856 1353 902 illum
1374 856 1425 902 E
1428 873 1476 900 ιι-

138 924 259 969 sebii
296 924 554 970 Chronica.
591 927 734 985 Cupit
766 926 959 971 edoceri
991 926 1051 971 de
1083 943 1262 990 genere
1297 937 1343 972 ec
1371 928 1472 972 vita

138 998 187 1041 A
192 996 333 1057 (9721'55
355 998 455 1056 ipse
480 998 687 1041 vicissim
706 997 766 1042 cle
787 1014 838 1043 se
859 997 1094 1043 nonnulla
1114 998 1476 1059 apert'ens.Pa-

138 1083 249 1112 nem
271 1084 416 1112 ιιηιιιη
438 1066 565 1113 dono
583 1069 742 1113 mittit.

141 1205 175 1246 Ι.
216 1221 237 1244 (ι
272 1205 371 1247 Hffic
393 1213 458 1248 est
475 1219 574 1248 vera
593 1204 795 1259 charitas,
813 1206 907 1249 haec
925 1204 1119 1264 perfecta
1143 1204 1321 1248 dilectio
1344 1219 1475 1264 quam

21 1291 23 1295 ·
79 1272 160 1317 tibi
198 1273 310 1317 eirea
343 1274 636 1319 humilitatem
674 1285 866 1320 nostram
900 1277 1038 1320 inesse
1069 1275 1270 1330 docuisti,
1292 1275 1477 1319 Domine

79 1357 180 1388 vere
213 1355 360 1388 sancte
382 1381 392 1403 ,
422 1355 466 1389 et
489 1347 642 1391 merito
665 1347 909 1391 beatissime
933 1363 983 1391 ae
1011 1346 1267 1390 desirabilis.
1293 1345 1476 1404 Accepi-

82 1429 178 1458 mus
201 1418 316 1459 enim
339 1431 416 1476 per
434 1417 655 1461 hominem
676 1428 874 1462 nostrum
900 1418 1124 1462 Julianum
1140 1416 1195 1460 de
1213 1415 1478 1474 Carthagine

80 1496 368 1530 revertentem
394 1487 573 1543 litteras,
594 1498 762 1532 tantam
796 1489 924 1533 nobis
961 1488 1200 1532 sanctitatis
1224 1496 1311 1530 tuae
1334 1485 1477 1529 lucem

81 1555 328 1611 afferentes,
353 1568 403 1602 ut
427 1559 552 1603 nobis
571 1559 828 1603 charitatem
851 1568 971 1602 tuam
1005 1575 1096 1603 non
1120 1572 1375 1617 agnoscere,
1401 1557 1477 1600 sed

80 1641 388 1685 recognoscere
404 1629 669 1673 videremur.
693 1630 805 1682 Quia
823 1629 1025 1673 videlieet
1044 1645 1095 1672 ex
1114 1628 1206 1682 illo,
1224 1627 1301 1687 qui
1323 1642 1402 1670 nos
1423 1626 1477 1670 ab

80 1697 246 1756 origine
267 1699 420 1743 mundi
443 1700 769 1758 praedestinavit
786 1701 882 1754 sibi,
899 1700 1086 1744 ebaritas
1101 1699 1180 1742 ista
1204 1698 1413 1750 manavit,
1433 1697 1478 1740 in

79 1783 167 1828 quo
190 1768 294 1813 facti
314 1786 462 1814 sumus
486 1781 721 1831 antequam
752 1771 859 1825 nati,
884 1791 904 1813 «
930 1772 1041 1824 Quia
1066 1771 1158 1829 ipse
1176 1768 1283 1813 fecit
1305 1783 1382 1812 nos
1398 1803 1408 1823 ‚
1436 1776 1480 1811 et

83 1855 196 1884 »non
209 1842 285 1899 ipsi
298 1845 445 1897 nos2,»
461 1843 536 1901 qui
552 1842 653 1886 lecit
671 1859 770 1902 quae
785 1842 932 1886 futura
947 1843 1210 1901 sunt.}lujus
1223 1840 1357 1899 igitur
1374 1854 1479 1897 prae—

80 1911 256 1955 scientia
284 1921 327 1955 et
358 1928 489 1971 opere
517 1912 692 1957 formati
714 1915 759 1956 in
784 1912 1112 1956 similitudinem
1137 1909 1414 1954 voluntatum
1436 1917 1480 1952 et

81 1981 291 2025 unitatem
314 1983 414 2026 fidei
427 1983 495 2026 vel
514 1984 692 2027 unitatis
707 1984 834 2026 fidem
851 1982 1145 2042 praeveniente
1159 1981 1357 2025 notitiam
1375 1980 1480 2023 clia-

82 2050 206 2095 ritate
226 2054 408 2096 connexi
428 2069 593 2108 sumus,
611 2064 659 2098 ut
675 2070 754 2098 nos
770 2055 955 2098 invicem
973 2064 1072 2098 ante
1090 2051 1334 2111 corporales
1350 2065 1478 2094 cons-

83 2133 232 2182 pectus
267 2123 485 2168 revelante
514 2122 668 2183 spiritu
692 2140 985 2170 nosceremus.
1023 2123 1306 2168 Gratulamur
1331 2123 1480 2181 itaque

84 2201 127 2236 et
149 2193 384 2252 gloriamur
404 2196 448 2239 in
466 2197 669 2249 Domino,
688 2198 764 2255 qui
781 2212 893 2239 unus
915 2205 1047 2255 atque
1074 2195 1190 2237 idern
1214 2193 1380 2251 ubique
1399 2202 1480 2235 ter—

85 2278 229 2309 rarum
253 2277 457 2326 operatur
478 2267 523 2310 in
546 2268 633 2311 suis
655 2267 978 2312 dilectationem
993 2282 1110 2309 suam
1131 2265 1293 2324 Spiritu
1311 2273 1477 2318 sancto,

87 2350 215 2395 quem
239 2354 368 2395 super
386 2353 560 2382 omnem
585 2355 759 2382 carnem
785 2338 941 2382 effudit
958 2374 968 2393 ,
990 2337 1182 2381 fluminis
1212 2337 1378 2395 impetu
1403 2334 1480 2378 lae-

88 2407 254 2452 tilicans
276 2410 495 2453 civitatem
524 2425 661 2455 suam.
691 2413 741 2454 ln
771 2411 894 2470 cujus
918 2420 958 2453 te
980 2409 1148 2453 civibus
1165 2405 1478 2468 principalem³

138 2521 144 2537 ¹
172 2517 256 2549 Alias
276 2528 370 2549 xxxv.
403 2529 471 2562 quae
492 2524 598 2551 autem
623 2528 674 2550 xiv
695 2524 783 2560 erat,
816 2530 897 2551 nuuc
919 2528 975 2550 cci.
1000 2534 1039 2540 --
1056 2517 1184 2559 Scripta
1212 2515 1272 2548 sub
1296 2515 1391 2548 finem
1407 2513 1480 2546 anni

91 2569 165 2611 394,
183 2576 258 2605 ante
274 2575 433 2615 hyemem.
447 2591 487 2598 —-
502 2581 514 2596 ²
541 2574 617 2607 Psal.
642 2585 725 2613 xcix,
743 2573 838 2606 3.—3
857 2576 962 2607 Forte
979 2573 1167 2616 principem.
