<?xml version="1.0" encoding="UTF-8"?>
<!DOCTYPE html PUBLIC "-//W3C//DTD XHTML 1.0 Transitional//EN"
    "http://www.w3.org/TR/xhtml1/DTD/xhtml1-transitional.dtd">
<html xmlns="http://www.w3.org/1999/xhtml" xml:lang="en" lang="en">
 <head>
  <title>
</title>
<meta http-equiv="Content-Type" content="text/html;charset=utf-8" />
  <meta name='ocr-system' content='tesseract 3.04.00' />
  <meta name='ocr-capabilities' content='ocr_page ocr_carea ocr_par ocr_line ocrx_word'/>
</head>
<body>
  <div class='ocr_page' id='page_1' title='image "./operaomniaaccura38auguuoft/operaomniaaccura38auguuoft_0424.png"; bbox 0 0 1790 3187; ppageno 0'>
   <div class='ocr_carea' id='block_1_1' title="bbox 314 199 1250 240">
    <p class='ocr_par' dir='ltr' id='par_1_1' title="bbox 314 199 1250 240">
     <span class='ocr_line' id='line_1_1' title="bbox 314 199 1250 240; baseline -0.003 -1"><span class='ocrx_word' id='word_1_1' title='bbox 314 200 364 239; x_wconf 77' lang='lat'><strong>41</strong></span> <span class='ocrx_word' id='word_1_2' title='bbox 374 199 397 240; x_wconf 82' lang='lat'>4</span> <span class='ocrx_word' id='word_1_3' title='bbox 737 211 769 236; x_wconf 81' lang='lat' dir='ltr'><strong>s.</strong></span> <span class='ocrx_word' id='word_1_4' title='bbox 807 208 1037 238; x_wconf 75' lang='lat' dir='ltr'><strong>Aoocsnm</strong></span> <span class='ocrx_word' id='word_1_5' title='bbox 1071 210 1250 237; x_wconf 74' lang='lat' dir='ltr'><strong>EPISCOPI</strong></span> 
     </span>
    </p>
   </div>
   <div class='ocr_carea' id='block_1_2' title="bbox 309 273 1772 2595">
    <p class='ocr_par' dir='ltr' id='par_1_2' title="bbox 309 273 1703 1323">
     <span class='ocr_line' id='line_1_2' title="bbox 309 273 1694 334; baseline -0.001 -12"><span class='ocrx_word' id='word_1_6' title='bbox 309 278 423 322; x_wconf 87' lang='lat' dir='ltr'><strong>curis</strong></span> <span class='ocrx_word' id='word_1_7' title='bbox 438 277 771 321; x_wconf 79' lang='lat' dir='ltr'><strong>circumstemur</strong></span> <span class='ocrx_word' id='word_1_8' title='bbox 785 275 1057 334; x_wconf 75' lang='lat' dir='ltr'><strong>ingentibus3</strong></span> <span class='ocrx_word' id='word_1_9' title='bbox 1075 284 1222 320; x_wconf 86' lang='lat' dir='ltr'><strong>tamen</strong></span> <span class='ocrx_word' id='word_1_10' title='bbox 1238 273 1431 334; x_wconf 75' lang='lat' dir='ltr'><strong>epistolae</strong></span> <span class='ocrx_word' id='word_1_11' title='bbox 1448 282 1536 318; x_wconf 88' lang='lat' dir='ltr'><strong>tuae</strong></span> <span class='ocrx_word' id='word_1_12' title='bbox 1554 275 1694 320; x_wconf 89' lang='lat' dir='ltr'><strong>brevi-</strong></span> 
     </span>
     <span class='ocr_line' id='line_1_3' title="bbox 312 346 1696 406; baseline -0.001 -15"><span class='ocrx_word' id='word_1_13' title='bbox 312 348 390 391; x_wconf 83' lang='lat' dir='ltr'>tati</span> <span class='ocrx_word' id='word_1_14' title='bbox 413 346 538 392; x_wconf 86' lang='lat' dir='ltr'><strong>facile</strong></span> <span class='ocrx_word' id='word_1_15' title='bbox 560 363 648 392; x_wconf 87' lang='lat' dir='ltr'><strong>non</strong></span> <span class='ocrx_word' id='word_1_16' title='bbox 670 348 953 405; x_wconf 83' lang='lat' dir='ltr'><strong>ignoscerem,</strong></span> <span class='ocrx_word' id='word_1_17' title='bbox 968 347 1047 390; x_wconf 90' lang='lat' dir='ltr'><strong>nisi</strong></span> <span class='ocrx_word' id='word_1_18' title='bbox 1064 346 1313 404; x_wconf 80' lang='lat' dir='ltr'>cogitarem,</span> <span class='ocrx_word' id='word_1_19' title='bbox 1334 360 1465 406; x_wconf 85' lang='lat' dir='ltr'><strong>quam</strong></span> <span class='ocrx_word' id='word_1_20' title='bbox 1480 346 1696 405; x_wconf 87' lang='lat' dir='ltr'><strong>pauciori-</strong></span> 
     </span>
     <span class='ocr_line' id='line_1_4' title="bbox 310 416 1693 475; baseline -0.002 -13"><span class='ocrx_word' id='word_1_21' title='bbox 310 418 390 462; x_wconf 91' lang='lat' dir='ltr'><strong>bus</strong></span> <span class='ocrx_word' id='word_1_22' title='bbox 419 418 563 462; x_wconf 89' lang='lat' dir='ltr'><strong>verbis</strong></span> <span class='ocrx_word' id='word_1_23' title='bbox 588 417 693 461; x_wconf 89' lang='lat' dir='ltr'><strong>meis</strong></span> <span class='ocrx_word' id='word_1_24' title='bbox 725 416 996 461; x_wconf 78' lang='lat' dir='ltr'><strong>redderetur.</strong></span> <span class='ocrx_word' id='word_1_25' title='bbox 1029 419 1194 471; x_wconf 87' lang='lat' dir='ltr'><strong>Quare,</strong></span> <span class='ocrx_word' id='word_1_26' title='bbox 1228 416 1487 475; x_wconf 82' lang='lat' dir='ltr'><strong>aggredere,</strong></span> <span class='ocrx_word' id='word_1_27' title='bbox 1521 431 1693 475; x_wconf 82' lang='lat' dir='ltr'><strong>quaeso,</strong></span> 
     </span>
     <span class='ocr_line' id='line_1_5' title="bbox 311 484 1696 541; baseline -0.001 -10"><span class='ocrx_word' id='word_1_28' title='bbox 311 488 437 532; x_wconf 91' lang='lat' dir='ltr'><strong>istam</strong></span> <span class='ocrx_word' id='word_1_29' title='bbox 456 488 682 532; x_wconf 88' lang='lat' dir='ltr'><strong>nobiscum</strong></span> <span class='ocrx_word' id='word_1_30' title='bbox 705 486 958 531; x_wconf 84' lang='lat' dir='ltr'><strong>litterariam</strong></span> <span class='ocrx_word' id='word_1_31' title='bbox 977 486 1332 541; x_wconf 89' lang='lat' dir='ltr'><strong>collocutionem,</strong></span> <span class='ocrx_word' id='word_1_32' title='bbox 1349 501 1404 530; x_wconf 93' lang='lat' dir='ltr'><strong>ne</strong></span> <span class='ocrx_word' id='word_1_33' title='bbox 1430 486 1621 531; x_wconf 84' lang='lat' dir='ltr'><strong>multum</strong></span> <span class='ocrx_word' id='word_1_34' title='bbox 1640 484 1696 530; x_wconf 88' lang='lat' dir='ltr'><strong>ad</strong></span> 
     </span>
     <span class='ocr_line' id='line_1_6' title="bbox 312 556 1696 619; baseline -0.002 -16"><span class='ocrx_word' id='word_1_35' title='bbox 312 573 391 603; x_wconf 92' lang='lat' dir='ltr'><strong>nos</strong></span> <span class='ocrx_word' id='word_1_36' title='bbox 426 557 737 619; x_wconf 83' lang='lat' dir='ltr'><strong>disjungendos</strong></span> <span class='ocrx_word' id='word_1_37' title='bbox 769 557 898 602; x_wconf 81' lang='lat' dir='ltr'><strong>liceat</strong></span> <span class='ocrx_word' id='word_1_38' title='bbox 925 558 1132 603; x_wconf 85' lang='lat' dir='ltr'><strong>absentiae</strong></span> <span class='ocrx_word' id='word_1_39' title='bbox 1168 556 1410 617; x_wconf 86' lang='lat' dir='ltr'><strong>corporali:</strong></span> <span class='ocrx_word' id='word_1_40' title='bbox 1442 571 1696 618; x_wconf 86' lang='lat' dir='ltr'><strong>quanquam</strong></span> 
     </span>
     <span class='ocr_line' id='line_1_7' title="bbox 312 626 1697 688; baseline -0.001 -16"><span class='ocrx_word' id='word_1_41' title='bbox 312 629 443 672; x_wconf 90' lang='lat' dir='ltr'><strong>simus</strong></span> <span class='ocrx_word' id='word_1_42' title='bbox 479 630 523 672; x_wconf 91' lang='lat' dir='ltr'><strong>in</strong></span> <span class='ocrx_word' id='word_1_43' title='bbox 559 628 742 674; x_wconf 85' lang='lat' dir='ltr'><strong>Domino</strong></span> <span class='ocrx_word' id='word_1_44' title='bbox 767 629 948 688; x_wconf 86' lang='lat' dir='ltr'><strong>Spiritus</strong></span> <span class='ocrx_word' id='word_1_45' title='bbox 980 629 1148 672; x_wconf 85' lang='lat' dir='ltr'><strong>unitate</strong></span> <span class='ocrx_word' id='word_1_46' title='bbox 1169 628 1410 687; x_wconf 85' lang='lat' dir='ltr'><strong>conjuncti,</strong></span> <span class='ocrx_word' id='word_1_47' title='bbox 1446 627 1612 672; x_wconf 89' lang='lat' dir='ltr'><strong>etiamsi</strong></span> <span class='ocrx_word' id='word_1_48' title='bbox 1640 626 1697 671; x_wconf 88' lang='lat' dir='ltr'><strong>ab</strong></span> 
     </span>
     <span class='ocr_line' id='line_1_8' title="bbox 312 696 1698 761; baseline -0.001 -18"><span class='ocrx_word' id='word_1_49' title='bbox 312 700 425 757; x_wconf 87' lang='lat' dir='ltr'><strong>stylo</strong></span> <span class='ocrx_word' id='word_1_50' title='bbox 451 701 739 759; x_wconf 83' lang='lat' dir='ltr'><strong>quiescamus,</strong></span> <span class='ocrx_word' id='word_1_51' title='bbox 763 710 806 744; x_wconf 90' lang='lat' dir='ltr'><strong>et</strong></span> <span class='ocrx_word' id='word_1_52' title='bbox 832 709 1066 745; x_wconf 87' lang='lat' dir='ltr'><strong>taceamus.</strong></span> <span class='ocrx_word' id='word_1_53' title='bbox 1093 703 1149 744; x_wconf 92' lang='lat' dir='ltr'><strong>Et</strong></span> <span class='ocrx_word' id='word_1_54' title='bbox 1170 699 1269 744; x_wconf 88' lang='lat' dir='ltr'><strong>libri</strong></span> <span class='ocrx_word' id='word_1_55' title='bbox 1296 699 1489 761; x_wconf 86' lang='lat' dir='ltr'><strong>quidem,</strong></span> <span class='ocrx_word' id='word_1_56' title='bbox 1506 714 1615 759; x_wconf 88' lang='lat' dir='ltr'><strong>quos</strong></span> <span class='ocrx_word' id='word_1_57' title='bbox 1642 696 1698 742; x_wconf 88' lang='lat' dir='ltr'><strong>de</strong></span> 
     </span>
     <span class='ocr_line' id='line_1_9' title="bbox 314 769 1699 832; baseline -0.001 -18"><span class='ocrx_word' id='word_1_58' title='bbox 314 772 468 816; x_wconf 85' lang='lat' dir='ltr'><strong>horreo</strong></span> <span class='ocrx_word' id='word_1_59' title='bbox 502 773 720 817; x_wconf 90' lang='lat' dir='ltr'><strong>dominico</strong></span> <span class='ocrx_word' id='word_1_60' title='bbox 752 772 1009 827; x_wconf 86' lang='lat' dir='ltr'><strong>elaborasti,</strong></span> <span class='ocrx_word' id='word_1_61' title='bbox 1036 787 1149 832; x_wconf 93' lang='lat' dir='ltr'><strong>pene</strong></span> <span class='ocrx_word' id='word_1_62' title='bbox 1175 781 1317 817; x_wconf 82' lang='lat' dir='ltr'><strong>totum</strong></span> <span class='ocrx_word' id='word_1_63' title='bbox 1347 781 1388 816; x_wconf 90' lang='lat' dir='ltr'><strong>te</strong></span> <span class='ocrx_word' id='word_1_64' title='bbox 1414 771 1542 816; x_wconf 90' lang='lat' dir='ltr'><strong>nobis</strong></span> <span class='ocrx_word' id='word_1_65' title='bbox 1575 769 1699 814; x_wconf 79' lang='lat' dir='ltr'><strong>exhi-</strong></span> 
     </span>
     <span class='ocr_line' id='line_1_10' title="bbox 314 841 1700 903; baseline 0 -18"><span class='ocrx_word' id='word_1_66' title='bbox 314 841 436 887; x_wconf 90' lang='lat' dir='ltr'><strong>bent.</strong></span> <span class='ocrx_word' id='word_1_67' title='bbox 464 843 506 888; x_wconf 92' lang='lat' dir='ltr'><strong>Si</strong></span> <span class='ocrx_word' id='word_1_68' title='bbox 523 843 638 887; x_wconf 90' lang='lat' dir='ltr'><strong>enim</strong></span> <span class='ocrx_word' id='word_1_69' title='bbox 661 851 890 902; x_wconf 87' lang='lat' dir='ltr'><strong>propterea</strong></span> <span class='ocrx_word' id='word_1_70' title='bbox 911 851 954 887; x_wconf 86' lang='lat' dir='ltr'><strong>te</strong></span> <span class='ocrx_word' id='word_1_71' title='bbox 976 843 1192 898; x_wconf 87' lang='lat' dir='ltr'><strong>novimus,</strong></span> <span class='ocrx_word' id='word_1_72' title='bbox 1218 843 1320 903; x_wconf 86' lang='lat' dir='ltr'><strong>quia</strong></span> <span class='ocrx_word' id='word_1_73' title='bbox 1340 841 1495 887; x_wconf 87' lang='lat' dir='ltr'><strong>faciem</strong></span> <span class='ocrx_word' id='word_1_74' title='bbox 1516 842 1581 886; x_wconf 88' lang='lat' dir='ltr'><strong>tui</strong></span> <span class='ocrx_word' id='word_1_75' title='bbox 1602 855 1700 886; x_wconf 87' lang='lat' dir='ltr'><strong>cor-</strong></span> 
     </span>
     <span class='ocr_line' id='line_1_11' title="bbox 314 913 1701 973; baseline -0.001 -16"><span class='ocrx_word' id='word_1_76' title='bbox 314 913 429 973; x_wconf 87' lang='lat' dir='ltr'><strong>poris</strong></span> <span class='ocrx_word' id='word_1_77' title='bbox 458 929 547 958; x_wconf 86' lang='lat' dir='ltr'><strong>non</strong></span> <span class='ocrx_word' id='word_1_78' title='bbox 568 915 757 959; x_wconf 84' lang='lat' dir='ltr'><strong>vidimus</strong></span> <span class='ocrx_word' id='word_1_79' title='bbox 781 934 789 959; x_wconf 91' lang='lat'>:</span> <span class='ocrx_word' id='word_1_80' title='bbox 811 915 894 958; x_wconf 92' lang='lat' dir='ltr'><strong>hoc</strong></span> <span class='ocrx_word' id='word_1_81' title='bbox 922 914 1052 959; x_wconf 91' lang='lat' dir='ltr'><strong>modo</strong></span> <span class='ocrx_word' id='word_1_82' title='bbox 1082 929 1162 959; x_wconf 89' lang='lat' dir='ltr'><strong>nec</strong></span> <span class='ocrx_word' id='word_1_83' title='bbox 1189 914 1281 973; x_wconf 90' lang='lat' dir='ltr'><strong>ipse</strong></span> <span class='ocrx_word' id='word_1_84' title='bbox 1310 923 1353 958; x_wconf 83' lang='lat' dir='ltr'><strong>te</strong></span> <span class='ocrx_word' id='word_1_85' title='bbox 1375 914 1512 972; x_wconf 82' lang='lat' dir='ltr'><strong>nosti3</strong></span> <span class='ocrx_word' id='word_1_86' title='bbox 1534 921 1623 959; x_wconf 88' lang='lat' dir='ltr'><strong>tam</strong></span> <span class='ocrx_word' id='word_1_87' title='bbox 1651 920 1701 956; x_wconf 87' lang='lat' dir='ltr'><strong>tu</strong></span> 
     </span>
     <span class='ocr_line' id='line_1_12' title="bbox 313 984 1700 1043; baseline -0.001 -16"><span class='ocrx_word' id='word_1_88' title='bbox 313 999 490 1043; x_wconf 89' lang='lat' dir='ltr'><strong>quoqne</strong></span> <span class='ocrx_word' id='word_1_89' title='bbox 512 1000 600 1029; x_wconf 89' lang='lat' dir='ltr'><strong>non</strong></span> <span class='ocrx_word' id='word_1_90' title='bbox 621 985 740 1029; x_wconf 87' lang='lat' dir='ltr'><strong>vides</strong></span> <span class='ocrx_word' id='word_1_91' title='bbox 763 1000 873 1029; x_wconf 87' lang='lat' dir='ltr'><strong>eam.</strong></span> <span class='ocrx_word' id='word_1_92' title='bbox 902 985 945 1029; x_wconf 90' lang='lat' dir='ltr'><strong>Si</strong></span> <span class='ocrx_word' id='word_1_93' title='bbox 969 993 1116 1029; x_wconf 86' lang='lat' dir='ltr'><strong>autem</strong></span> <span class='ocrx_word' id='word_1_94' title='bbox 1141 984 1218 1028; x_wconf 83' lang='lat' dir='ltr'><strong>tibi</strong></span> <span class='ocrx_word' id='word_1_95' title='bbox 1235 1000 1325 1029; x_wconf 92' lang='lat' dir='ltr'><strong>non</strong></span> <span class='ocrx_word' id='word_1_96' title='bbox 1348 984 1403 1029; x_wconf 89' lang='lat' dir='ltr'><strong>ob</strong></span> <span class='ocrx_word' id='word_1_97' title='bbox 1427 984 1546 1028; x_wconf 89' lang='lat' dir='ltr'><strong>aliud</strong></span> <span class='ocrx_word' id='word_1_98' title='bbox 1570 991 1700 1027; x_wconf 88' lang='lat' dir='ltr'><strong>notus</strong></span> 
     </span>
     <span class='ocr_line' id='line_1_13' title="bbox 315 1054 1701 1113; baseline 0.001 -17"><span class='ocrx_word' id='word_1_99' title='bbox 315 1068 383 1108; x_wconf 89' lang='lat' dir='ltr'><strong>es,</strong></span> <span class='ocrx_word' id='word_1_100' title='bbox 408 1054 488 1096; x_wconf 87' lang='lat' dir='ltr'><strong>nisi</strong></span> <span class='ocrx_word' id='word_1_101' title='bbox 509 1055 610 1113; x_wconf 86' lang='lat' dir='ltr'><strong>quia</strong></span> <span class='ocrx_word' id='word_1_102' title='bbox 632 1054 746 1098; x_wconf 82' lang='lat' dir='ltr'><strong>nosti</strong></span> <span class='ocrx_word' id='word_1_103' title='bbox 779 1054 974 1098; x_wconf 88' lang='lat' dir='ltr'><strong>animum</strong></span> <span class='ocrx_word' id='word_1_104' title='bbox 997 1063 1123 1098; x_wconf 88' lang='lat' dir='ltr'><strong>tuum</strong></span> <span class='ocrx_word' id='word_1_105' title='bbox 1144 1075 1155 1112; x_wconf 79' lang='lat'><em>3</em></span> <span class='ocrx_word' id='word_1_106' title='bbox 1181 1063 1224 1098; x_wconf 91' lang='lat' dir='ltr'><strong>et</strong></span> <span class='ocrx_word' id='word_1_107' title='bbox 1253 1070 1330 1099; x_wconf 90' lang='lat' dir='ltr'><strong>nos</strong></span> <span class='ocrx_word' id='word_1_108' title='bbox 1361 1069 1462 1098; x_wconf 88' lang='lat' dir='ltr'><strong>eum</strong></span> <span class='ocrx_word' id='word_1_109' title='bbox 1490 1069 1580 1098; x_wconf 93' lang='lat' dir='ltr'><strong>non</strong></span> <span class='ocrx_word' id='word_1_110' title='bbox 1604 1067 1701 1097; x_wconf 89' lang='lat' dir='ltr'><strong>me-</strong></span> 
     </span>
     <span class='ocr_line' id='line_1_14' title="bbox 315 1122 1701 1184; baseline 0 -18"><span class='ocrx_word' id='word_1_111' title='bbox 315 1122 516 1167; x_wconf 85' lang='lat' dir='ltr'><strong>diocriter</strong></span> <span class='ocrx_word' id='word_1_112' title='bbox 538 1124 739 1168; x_wconf 90' lang='lat' dir='ltr'><strong>novimus</strong></span> <span class='ocrx_word' id='word_1_113' title='bbox 767 1124 812 1167; x_wconf 90' lang='lat' dir='ltr'><strong>in</strong></span> <span class='ocrx_word' id='word_1_114' title='bbox 833 1123 987 1168; x_wconf 87' lang='lat' dir='ltr'><strong>litteris</strong></span> <span class='ocrx_word' id='word_1_115' title='bbox 1008 1125 1092 1168; x_wconf 88' lang='lat' dir='ltr'><strong>tuis</strong></span> <span class='ocrx_word' id='word_1_116' title='bbox 1113 1145 1124 1181; x_wconf 78' lang='lat'>3</span> <span class='ocrx_word' id='word_1_117' title='bbox 1148 1126 1194 1168; x_wconf 93' lang='lat' dir='ltr'><strong>in</strong></span> <span class='ocrx_word' id='word_1_118' title='bbox 1215 1125 1376 1184; x_wconf 87' lang='lat' dir='ltr'><strong>quibus</strong></span> <span class='ocrx_word' id='word_1_119' title='bbox 1400 1124 1701 1168; x_wconf 89' lang='lat' dir='ltr'><strong>benedicimus</strong></span> 
     </span>
     <span class='ocr_line' id='line_1_15' title="bbox 315 1193 1703 1255; baseline 0.001 -18"><span class='ocrx_word' id='word_1_120' title='bbox 315 1193 524 1248; x_wconf 92' lang='lat' dir='ltr'><strong>Domino,</strong></span> <span class='ocrx_word' id='word_1_121' title='bbox 551 1193 672 1253; x_wconf 91' lang='lat' dir='ltr'><strong>quod</strong></span> <span class='ocrx_word' id='word_1_122' title='bbox 704 1194 807 1249; x_wconf 89' lang='lat' dir='ltr'><strong>tibi,</strong></span> <span class='ocrx_word' id='word_1_123' title='bbox 838 1203 881 1237; x_wconf 82' lang='lat' dir='ltr'><strong>et</strong></span> <span class='ocrx_word' id='word_1_124' title='bbox 905 1195 1052 1250; x_wconf 89' lang='lat' dir='ltr'><strong>nobis,</strong></span> <span class='ocrx_word' id='word_1_125' title='bbox 1080 1195 1375 1255; x_wconf 88' lang='lat' dir='ltr'><strong>omnibusque</strong></span> <span class='ocrx_word' id='word_1_126' title='bbox 1397 1194 1601 1239; x_wconf 84' lang='lat' dir='ltr'><strong>fratribus</strong></span> <span class='ocrx_word' id='word_1_127' title='bbox 1626 1193 1703 1254; x_wconf 91' lang='lat' dir='ltr'><strong>qui</strong></span> 
     </span>
     <span class='ocr_line' id='line_1_16' title="bbox 316 1264 950 1323; baseline 0.002 -16"><span class='ocrx_word' id='word_1_128' title='bbox 316 1272 390 1308; x_wconf 88' lang='lat' dir='ltr'><strong>tua</strong></span> <span class='ocrx_word' id='word_1_129' title='bbox 413 1265 579 1323; x_wconf 83' lang='lat' dir='ltr'><strong>legunt,</strong></span> <span class='ocrx_word' id='word_1_130' title='bbox 599 1274 642 1309; x_wconf 81' lang='lat' dir='ltr'><strong>te</strong></span> <span class='ocrx_word' id='word_1_131' title='bbox 660 1264 791 1309; x_wconf 88' lang='lat' dir='ltr'><strong>talem</strong></span> <span class='ocrx_word' id='word_1_132' title='bbox 814 1264 950 1309; x_wconf 85' lang='lat' dir='ltr'><strong>dedit.</strong></span> 
     </span>
    </p>

    <p class='ocr_par' dir='ltr' id='par_1_3' title="bbox 316 1335 1772 2171">
     <span class='ocr_line' id='line_1_17' title="bbox 375 1335 1703 1395; baseline 0 -16"><span class='ocrx_word' id='word_1_133' title='bbox 375 1338 433 1379; x_wconf 83' lang='grc' dir='ltr'><strong>ΙΙ.</strong></span> <span class='ocrx_word' id='word_1_134' title='bbox 473 1336 603 1379; x_wconf 85' lang='lat' dir='ltr'><strong>Liber</strong></span> <span class='ocrx_word' id='word_1_135' title='bbox 645 1335 824 1395; x_wconf 82' lang='lat' dir='ltr'><strong>quidam</strong></span> <span class='ocrx_word' id='word_1_136' title='bbox 853 1345 955 1380; x_wconf 88' lang='lat' dir='ltr'><strong>tuus</strong></span> <span class='ocrx_word' id='word_1_137' title='bbox 996 1337 1109 1380; x_wconf 88' lang='lat' dir='ltr'><strong>inter</strong></span> <span class='ocrx_word' id='word_1_138' title='bbox 1150 1345 1306 1380; x_wconf 84' lang='lat' dir='ltr'><strong>caetera</strong></span> <span class='ocrx_word' id='word_1_139' title='bbox 1340 1351 1429 1381; x_wconf 90' lang='lat' dir='ltr'><strong>non</strong></span> <span class='ocrx_word' id='word_1_140' title='bbox 1458 1335 1535 1380; x_wconf 91' lang='lat' dir='ltr'><strong>diu</strong></span> <span class='ocrx_word' id='word_1_141' title='bbox 1559 1345 1623 1380; x_wconf 86' lang='lat' dir='ltr'><strong>est</strong></span> <span class='ocrx_word' id='word_1_142' title='bbox 1654 1345 1703 1380; x_wconf 92' lang='lat' dir='ltr'><strong>ut</strong></span> 
     </span>
     <span class='ocr_line' id='line_1_18' title="bbox 316 1407 1702 1467; baseline 0.001 -18"><span class='ocrx_word' id='word_1_143' title='bbox 316 1407 500 1450; x_wconf 89' lang='lat' dir='ltr'><strong>venitin</strong></span> <span class='ocrx_word' id='word_1_144' title='bbox 525 1423 678 1451; x_wconf 88' lang='lat' dir='ltr'><strong>manus</strong></span> <span class='ocrx_word' id='word_1_145' title='bbox 698 1416 886 1452; x_wconf 86' lang='lat' dir='ltr'><strong>nostras:</strong></span> <span class='ocrx_word' id='word_1_146' title='bbox 911 1423 1010 1467; x_wconf 77' lang='lat' dir='ltr'><strong>quae</strong></span> <span class='ocrx_word' id='word_1_147' title='bbox 1034 1407 1087 1451; x_wconf 90' lang='lat' dir='ltr'><strong>sit</strong></span> <span class='ocrx_word' id='word_1_148' title='bbox 1114 1408 1205 1467; x_wconf 87' lang='lat' dir='ltr'><strong>ejus</strong></span> <span class='ocrx_word' id='word_1_149' title='bbox 1230 1408 1469 1467; x_wconf 79' lang='lat' dir='ltr'><strong>inscriptio,</strong></span> <span class='ocrx_word' id='word_1_150' title='bbox 1486 1407 1702 1451; x_wconf 89' lang='lat' dir='ltr'><strong>nescimus</strong></span> 
     </span>
     <span class='ocr_line' id='line_1_19' title="bbox 317 1476 1704 1538; baseline 0 -18"><span class='ocrx_word' id='word_1_151' title='bbox 317 1476 475 1522; x_wconf 77' lang='lat' dir='ltr'><strong>adhuc.</strong></span> <span class='ocrx_word' id='word_1_152' title='bbox 505 1480 603 1523; x_wconf 87' lang='lat' dir='ltr'><strong>Non</strong></span> <span class='ocrx_word' id='word_1_153' title='bbox 623 1478 738 1522; x_wconf 88' lang='lat' dir='ltr'><strong>enim</strong></span> <span class='ocrx_word' id='word_1_154' title='bbox 760 1482 844 1522; x_wconf 91' lang='lat' dir='ltr'><strong>hoc</strong></span> <span class='ocrx_word' id='word_1_155' title='bbox 866 1479 1001 1522; x_wconf 87' lang='lat' dir='ltr'><strong>codex</strong></span> <span class='ocrx_word' id='word_1_156' title='bbox 1022 1480 1134 1538; x_wconf 91' lang='lat' dir='ltr'><strong>ipse,</strong></span> <span class='ocrx_word' id='word_1_157' title='bbox 1158 1488 1208 1522; x_wconf 91' lang='lat' dir='ltr'><strong>ut</strong></span> <span class='ocrx_word' id='word_1_158' title='bbox 1229 1478 1414 1533; x_wconf 87' lang='lat' dir='ltr'><strong>assolet,</strong></span> <span class='ocrx_word' id='word_1_159' title='bbox 1438 1479 1483 1522; x_wconf 87' lang='lat' dir='ltr'><strong>in</strong></span> <span class='ocrx_word' id='word_1_160' title='bbox 1515 1477 1704 1522; x_wconf 89' lang='lat' dir='ltr'><strong>liminari</strong></span> 
     </span>
     <span class='ocr_line' id='line_1_20' title="bbox 319 1548 1705 1608; baseline 0.001 -18"><span class='ocrx_word' id='word_1_161' title='bbox 319 1548 475 1606; x_wconf 82' lang='lat' dir='ltr'><strong>pagina</strong></span> <span class='ocrx_word' id='word_1_162' title='bbox 500 1548 813 1607; x_wconf 85' lang='lat' dir='ltr'><strong>praetendebat.</strong></span> <span class='ocrx_word' id='word_1_163' title='bbox 836 1550 1115 1608; x_wconf 81' lang='lat' dir='ltr'><strong>Epitaphium</strong></span> <span class='ocrx_word' id='word_1_164' title='bbox 1139 1558 1281 1593; x_wconf 86' lang='lat' dir='ltr'><strong>tamen</strong></span> <span class='ocrx_word' id='word_1_165' title='bbox 1304 1548 1512 1608; x_wconf 84' lang='lat' dir='ltr'><strong>appellari</strong></span> <span class='ocrx_word' id='word_1_166' title='bbox 1532 1548 1705 1592; x_wconf 87' lang='lat' dir='ltr'><strong>dicebat</strong></span> 
     </span>
     <span class='ocr_line' id='line_1_21' title="bbox 318 1617 1704 1679; baseline 0 -18"><span class='ocrx_word' id='word_1_167' title='bbox 318 1617 466 1672; x_wconf 86' lang='lat' dir='ltr'><strong>frater,</strong></span> <span class='ocrx_word' id='word_1_168' title='bbox 489 1620 607 1678; x_wconf 85' lang='lat' dir='ltr'><strong>apud</strong></span> <span class='ocrx_word' id='word_1_169' title='bbox 639 1635 770 1678; x_wconf 86' lang='lat' dir='ltr'><strong>quem</strong></span> <span class='ocrx_word' id='word_1_170' title='bbox 792 1620 994 1664; x_wconf 89' lang='lat' dir='ltr'><strong>inventus</strong></span> <span class='ocrx_word' id='word_1_171' title='bbox 1012 1629 1090 1675; x_wconf 88' lang='lat' dir='ltr'><strong>est,</strong></span> <span class='ocrx_word' id='word_1_172' title='bbox 1118 1619 1238 1679; x_wconf 88' lang='lat' dir='ltr'><strong>quod</strong></span> <span class='ocrx_word' id='word_1_173' title='bbox 1260 1620 1297 1663; x_wconf 92' lang='lat' dir='ltr'><strong>ei</strong></span> <span class='ocrx_word' id='word_1_174' title='bbox 1325 1635 1485 1663; x_wconf 90' lang='lat' dir='ltr'><strong>nomen</strong></span> <span class='ocrx_word' id='word_1_175' title='bbox 1510 1619 1587 1662; x_wconf 87' lang='lat' dir='ltr'><strong>tibi</strong></span> <span class='ocrx_word' id='word_1_176' title='bbox 1609 1617 1704 1677; x_wconf 80' lang='lat' dir='ltr'><strong>pla-</strong></span> 
     </span>
     <span class='ocr_line' id='line_1_22' title="bbox 319 1689 1701 1745; baseline 0 -13"><span class='ocrx_word' id='word_1_177' title='bbox 319 1690 456 1733; x_wconf 89' lang='lat' dir='ltr'><strong>cuisse</strong></span> <span class='ocrx_word' id='word_1_178' title='bbox 475 1700 519 1733; x_wconf 89' lang='lat' dir='ltr'><strong>ut</strong></span> <span class='ocrx_word' id='word_1_179' title='bbox 535 1689 756 1734; x_wconf 89' lang='lat' dir='ltr'><strong>inderetur</strong></span> <span class='ocrx_word' id='word_1_180' title='bbox 773 1690 1063 1745; x_wconf 84' lang='lat' dir='ltr'><strong>crederemus,</strong></span> <span class='ocrx_word' id='word_1_181' title='bbox 1081 1691 1115 1734; x_wconf 90' lang='lat' dir='ltr'><strong>si</strong></span> <span class='ocrx_word' id='word_1_182' title='bbox 1132 1705 1283 1734; x_wconf 86' lang='lat' dir='ltr'><strong>eorum</strong></span> <span class='ocrx_word' id='word_1_183' title='bbox 1301 1699 1470 1734; x_wconf 86' lang='lat' dir='ltr'><strong>tantum</strong></span> <span class='ocrx_word' id='word_1_184' title='bbox 1488 1689 1558 1734; x_wconf 91' lang='lat' dir='ltr'><strong>vel</strong></span> <span class='ocrx_word' id='word_1_185' title='bbox 1578 1690 1701 1743; x_wconf 88' lang='lat' dir='ltr'><strong>vitas,</strong></span> 
     </span>
     <span class='ocr_line' id='line_1_23' title="bbox 320 1760 1705 1822; baseline 0 -18"><span class='ocrx_word' id='word_1_186' title='bbox 320 1761 389 1804; x_wconf 89' lang='lat' dir='ltr'><strong>vel</strong></span> <span class='ocrx_word' id='word_1_187' title='bbox 411 1762 569 1820; x_wconf 83' lang='lat' dir='ltr'><strong>scripta</strong></span> <span class='ocrx_word' id='word_1_188' title='bbox 590 1761 652 1805; x_wconf 88' lang='lat' dir='ltr'><strong>ibi</strong></span> <span class='ocrx_word' id='word_1_189' title='bbox 673 1761 945 1821; x_wconf 81' lang='lat' dir='ltr'><strong>legissemus,</strong></span> <span class='ocrx_word' id='word_1_190' title='bbox 972 1762 1047 1822; x_wconf 86' lang='lat' dir='ltr'><strong>qui</strong></span> <span class='ocrx_word' id='word_1_191' title='bbox 1063 1763 1153 1821; x_wconf 76' lang='lat' dir='ltr'><strong>jam</strong></span> <span class='ocrx_word' id='word_1_192' title='bbox 1183 1760 1381 1805; x_wconf 68' lang='lat' dir='ltr'><strong>defuncti</strong></span> <span class='ocrx_word' id='word_1_193' title='bbox 1407 1770 1562 1806; x_wconf 88' lang='lat' dir='ltr'><strong>essent.</strong></span> <span class='ocrx_word' id='word_1_194' title='bbox 1591 1762 1705 1805; x_wconf 88' lang='lat' dir='ltr'><strong>Cum</strong></span> 
     </span>
     <span class='ocr_line' id='line_1_24' title="bbox 320 1832 1704 1892; baseline 0 -18"><span class='ocrx_word' id='word_1_195' title='bbox 320 1846 423 1875; x_wconf 90' lang='lat' dir='ltr'><strong>vero</strong></span> <span class='ocrx_word' id='word_1_196' title='bbox 450 1832 689 1876; x_wconf 86' lang='lat' dir='ltr'><strong>multorum</strong></span> <span class='ocrx_word' id='word_1_197' title='bbox 711 1841 754 1876; x_wconf 91' lang='lat' dir='ltr'><strong>et</strong></span> <span class='ocrx_word' id='word_1_198' title='bbox 771 1848 821 1876; x_wconf 92' lang='lat' dir='ltr'><strong>eo</strong></span> <span class='ocrx_word' id='word_1_199' title='bbox 846 1842 1040 1891; x_wconf 88' lang='lat' dir='ltr'><strong>tempore</strong></span> <span class='ocrx_word' id='word_1_200' title='bbox 1060 1848 1148 1892; x_wconf 87' lang='lat' dir='ltr'><strong>quo</strong></span> <span class='ocrx_word' id='word_1_201' title='bbox 1181 1833 1475 1885; x_wconf 87' lang='lat' dir='ltr'><strong>scribebatur,</strong></span> <span class='ocrx_word' id='word_1_202' title='bbox 1511 1841 1556 1876; x_wconf 89' lang='lat' dir='ltr'><strong>et</strong></span> <span class='ocrx_word' id='word_1_203' title='bbox 1585 1845 1704 1875; x_wconf 85' lang='lat' dir='ltr'><strong>nunc</strong></span> 
     </span>
     <span class='ocr_line' id='line_1_25' title="bbox 320 1902 1704 1962; baseline 0.001 -18"><span class='ocrx_word' id='word_1_204' title='bbox 320 1917 459 1962; x_wconf 87' lang='lat' dir='ltr'><strong>usque</strong></span> <span class='ocrx_word' id='word_1_205' title='bbox 489 1903 754 1957; x_wconf 85' lang='lat' dir='ltr'><strong>viventium,</strong></span> <span class='ocrx_word' id='word_1_206' title='bbox 786 1903 845 1946; x_wconf 87' lang='lat' dir='ltr'><strong>ibi</strong></span> <span class='ocrx_word' id='word_1_207' title='bbox 868 1912 1266 1948; x_wconf 87' lang='lat' dir='ltr'><strong>commemorentur</strong></span> <span class='ocrx_word' id='word_1_208' title='bbox 1298 1902 1539 1961; x_wconf 67' lang='lat' dir='ltr'><strong>opuscula,</strong></span> <span class='ocrx_word' id='word_1_209' title='bbox 1572 1902 1704 1945; x_wconf 90' lang='lat' dir='ltr'><strong>mira-</strong></span> 
     </span>
     <span class='ocr_line' id='line_1_26' title="bbox 323 1972 1706 2031; baseline 0 -17"><span class='ocrx_word' id='word_1_210' title='bbox 323 1986 436 2026; x_wconf 86' lang='lat' dir='ltr'><strong>mur,</strong></span> <span class='ocrx_word' id='word_1_211' title='bbox 462 1988 538 2016; x_wconf 89' lang='lat' dir='ltr'><strong>cur</strong></span> <span class='ocrx_word' id='word_1_212' title='bbox 561 1974 678 2017; x_wconf 89' lang='lat' dir='ltr'><strong>hunc</strong></span> <span class='ocrx_word' id='word_1_213' title='bbox 708 1973 746 2016; x_wconf 91' lang='lat' dir='ltr'><strong>ei</strong></span> <span class='ocrx_word' id='word_1_214' title='bbox 770 1973 946 2016; x_wconf 86' lang='lat' dir='ltr'><strong>titulum</strong></span> <span class='ocrx_word' id='word_1_215' title='bbox 967 1972 1037 2017; x_wconf 91' lang='lat' dir='ltr'><strong>vel</strong></span> <span class='ocrx_word' id='word_1_216' title='bbox 1058 1973 1337 2031; x_wconf 85' lang='lat' dir='ltr'><strong>imposueris,</strong></span> <span class='ocrx_word' id='word_1_217' title='bbox 1360 1973 1430 2018; x_wconf 87' lang='lat' dir='ltr'><strong>vel</strong></span> <span class='ocrx_word' id='word_1_218' title='bbox 1454 1972 1706 2031; x_wconf 86' lang='lat' dir='ltr'><strong>imposuisse</strong></span> 
     </span>
     <span class='ocr_line' id='line_1_27' title="bbox 322 2041 1772 2102; baseline -0.001 -16"><span class='ocrx_word' id='word_1_219' title='bbox 322 2042 522 2087; x_wconf 81' lang='lat' dir='ltr'><strong>credaris.</strong></span> <span class='ocrx_word' id='word_1_220' title='bbox 563 2045 673 2087; x_wconf 82' lang='lat' dir='ltr'><strong>Sane</strong></span> <span class='ocrx_word' id='word_1_221' title='bbox 702 2043 865 2087; x_wconf 86' lang='lat' dir='ltr'><strong>utiliter</strong></span> <span class='ocrx_word' id='word_1_222' title='bbox 889 2058 913 2087; x_wconf 90' lang='lat' dir='ltr'><strong>a</strong></span> <span class='ocrx_word' id='word_1_223' title='bbox 930 2052 973 2087; x_wconf 89' lang='lat' dir='ltr'><strong>te</strong></span> <span class='ocrx_word' id='word_1_224' title='bbox 994 2043 1289 2102; x_wconf 87' lang='lat' dir='ltr'><strong>conscriptum</strong></span> <span class='ocrx_word' id='word_1_225' title='bbox 1318 2043 1521 2086; x_wconf 91' lang='lat' dir='ltr'><strong>eumdem</strong></span> <span class='ocrx_word' id='word_1_226' title='bbox 1543 2041 1705 2086; x_wconf 88' lang='lat' dir='ltr'><strong>librum</strong></span> <span class='ocrx_word' id='word_1_227' title='bbox 1767 2051 1772 2053; x_wconf 80' lang='grc'><em>“</em></span> 
     </span>
     <span class='ocr_line' id='line_1_28' title="bbox 324 2113 753 2171; baseline -0.002 -14"><span class='ocrx_word' id='word_1_228' title='bbox 324 2113 423 2158; x_wconf 85' lang='lat' dir='ltr'><strong>satis</strong></span> <span class='ocrx_word' id='word_1_229' title='bbox 447 2114 753 2171; x_wconf 87' lang='lat' dir='ltr'><strong>approbamus.</strong></span> 
     </span>
    </p>

    <p class='ocr_par' dir='ltr' id='par_1_4' title="bbox 323 2181 1708 2595">
     <span class='ocr_line' id='line_1_29' title="bbox 385 2181 1702 2243; baseline -0.001 -16"><span class='ocrx_word' id='word_1_230' title='bbox 385 2187 466 2227; x_wconf 88' lang='lat'><em>111.</em></span> <span class='ocrx_word' id='word_1_231' title='bbox 492 2186 543 2226; x_wconf 89' lang='lat' dir='ltr'><strong>In</strong></span> <span class='ocrx_word' id='word_1_232' title='bbox 565 2183 830 2243; x_wconf 85' lang='lat' dir='ltr'><strong>expositione</strong></span> <span class='ocrx_word' id='word_1_233' title='bbox 850 2198 1026 2242; x_wconf 86' lang='lat' dir='ltr'><strong>quoque</strong></span> <span class='ocrx_word' id='word_1_234' title='bbox 1048 2181 1254 2242; x_wconf 82' lang='lat' dir='ltr'><strong>Epistolae</strong></span> <span class='ocrx_word' id='word_1_235' title='bbox 1276 2183 1399 2226; x_wconf 84' lang='lat' dir='ltr'><strong>Pauli</strong></span> <span class='ocrx_word' id='word_1_236' title='bbox 1428 2182 1483 2226; x_wconf 88' lang='lat' dir='ltr'><strong>ad</strong></span> <span class='ocrx_word' id='word_1_237' title='bbox 1505 2182 1702 2236; x_wconf 83' lang='lat' dir='ltr'><strong>Galatas,</strong></span> 
     </span>
     <span class='ocr_line' id='line_1_30' title="bbox 323 2251 1707 2313; baseline 0 -17"><span class='ocrx_word' id='word_1_238' title='bbox 323 2253 565 2298; x_wconf 88' lang='lat' dir='ltr'><strong>invenimus</strong></span> <span class='ocrx_word' id='word_1_239' title='bbox 586 2253 768 2313; x_wconf 81' lang='lat' dir='ltr'><strong>aliquid,</strong></span> <span class='ocrx_word' id='word_1_240' title='bbox 790 2252 909 2312; x_wconf 86' lang='lat' dir='ltr'><strong>quod</strong></span> <span class='ocrx_word' id='word_1_241' title='bbox 932 2268 1010 2297; x_wconf 90' lang='lat' dir='ltr'><strong>nos</strong></span> <span class='ocrx_word' id='word_1_242' title='bbox 1027 2253 1217 2297; x_wconf 87' lang='lat' dir='ltr'><strong>multum</strong></span> <span class='ocrx_word' id='word_1_243' title='bbox 1238 2263 1423 2298; x_wconf 89' lang='lat' dir='ltr'><strong>moveat.</strong></span> <span class='ocrx_word' id='word_1_244' title='bbox 1448 2253 1491 2298; x_wconf 92' lang='lat' dir='ltr'><strong>Si</strong></span> <span class='ocrx_word' id='word_1_245' title='bbox 1513 2253 1629 2297; x_wconf 91' lang='lat' dir='ltr'><strong>enim</strong></span> <span class='ocrx_word' id='word_1_246' title='bbox 1651 2251 1707 2296; x_wconf 90' lang='lat' dir='ltr'><strong>ad</strong></span> 
     </span>
     <span class='ocr_line' id='line_1_31' title="bbox 327 2323 1706 2384; baseline -0.001 -15"><span class='ocrx_word' id='word_1_247' title='bbox 327 2325 568 2384; x_wconf 87' lang='lat' dir='ltr'><strong>Scripturas</strong></span> <span class='ocrx_word' id='word_1_248' title='bbox 587 2334 754 2369; x_wconf 86' lang='lat' dir='ltr'><strong>sanctas</strong></span> <span class='ocrx_word' id='word_1_249' title='bbox 784 2324 965 2369; x_wconf 86' lang='lat' dir='ltr'><strong>admissa</strong></span> <span class='ocrx_word' id='word_1_250' title='bbox 988 2323 1152 2369; x_wconf 86' lang='lat' dir='ltr'><strong>fuerint</strong></span> <span class='ocrx_word' id='word_1_251' title='bbox 1174 2325 1294 2369; x_wconf 87' lang='lat' dir='ltr'><strong>velut</strong></span> <span class='ocrx_word' id='word_1_252' title='bbox 1311 2325 1501 2369; x_wconf 84' lang='lat' dir='ltr'><strong>officiosa</strong></span> <span class='ocrx_word' id='word_1_253' title='bbox 1524 2323 1706 2368; x_wconf 90' lang='lat' dir='ltr'><strong>menda-</strong></span> 
     </span>
     <span class='ocr_line' id='line_1_32' title="bbox 326 2393 1707 2454; baseline -0.001 -16"><span class='ocrx_word' id='word_1_254' title='bbox 326 2395 389 2438; x_wconf 83' lang='lat' dir='ltr'><strong>cia</strong></span> <span class='ocrx_word' id='word_1_255' title='bbox 408 2429 419 2450; x_wconf 94' lang='lat'><strong>,</strong></span> <span class='ocrx_word' id='word_1_256' title='bbox 451 2394 557 2454; x_wconf 84' lang='lat' dir='ltr'><strong>quid</strong></span> <span class='ocrx_word' id='word_1_257' title='bbox 590 2396 634 2439; x_wconf 90' lang='lat' dir='ltr'><strong>in</strong></span> <span class='ocrx_word' id='word_1_258' title='bbox 657 2395 715 2439; x_wconf 90' lang='lat' dir='ltr'><strong>eis</strong></span> <span class='ocrx_word' id='word_1_259' title='bbox 738 2395 977 2439; x_wconf 89' lang='lat' dir='ltr'><strong>remanebit</strong></span> <span class='ocrx_word' id='word_1_260' title='bbox 1009 2395 1304 2439; x_wconf 84' lang='lat' dir='ltr'><strong>auctoritatis?</strong></span> <span class='ocrx_word' id='word_1_261' title='bbox 1327 2399 1432 2449; x_wconf 83' lang='lat' dir='ltr'><strong>Quae</strong></span> <span class='ocrx_word' id='word_1_262' title='bbox 1453 2394 1631 2439; x_wconf 87' lang='lat' dir='ltr'><strong>tandem</strong></span> <span class='ocrx_word' id='word_1_263' title='bbox 1652 2393 1707 2437; x_wconf 92' lang='lat' dir='ltr'><strong>de</strong></span> 
     </span>
     <span class='ocr_line' id='line_1_33' title="bbox 330 2464 1706 2526; baseline -0.001 -17"><span class='ocrx_word' id='word_1_264' title='bbox 330 2465 560 2524; x_wconf 88' lang='lat' dir='ltr'><strong>Scripturis</strong></span> <span class='ocrx_word' id='word_1_265' title='bbox 584 2464 667 2509; x_wconf 86' lang='lat' dir='ltr'><strong>illis</strong></span> <span class='ocrx_word' id='word_1_266' title='bbox 694 2466 907 2510; x_wconf 89' lang='lat' dir='ltr'><strong>sententia</strong></span> <span class='ocrx_word' id='word_1_267' title='bbox 935 2465 1206 2526; x_wconf 87' lang='lat' dir='ltr'><strong>proferetur,</strong></span> <span class='ocrx_word' id='word_1_268' title='bbox 1236 2467 1358 2526; x_wconf 88' lang='lat' dir='ltr'><strong>cujus</strong></span> <span class='ocrx_word' id='word_1_269' title='bbox 1385 2466 1577 2525; x_wconf 89' lang='lat' dir='ltr'><strong>pondere</strong></span> <span class='ocrx_word' id='word_1_270' title='bbox 1598 2479 1706 2509; x_wconf 91' lang='lat' dir='ltr'><strong>con-</strong></span> 
     </span>
     <span class='ocr_line' id='line_1_34' title="bbox 328 2529 1708 2595; baseline -0.001 -16"><span class='ocrx_word' id='word_1_271' title='bbox 328 2535 524 2580; x_wconf 84' lang='lat' dir='ltr'><strong>tentiosae</strong></span> <span class='ocrx_word' id='word_1_272' title='bbox 554 2534 749 2581; x_wconf 78' lang='lat' dir='ltr'><strong>falsitatis</strong></span> <span class='ocrx_word' id='word_1_273' title='bbox 777 2529 1000 2581; x_wconf 86' lang='lat' dir='ltr'><strong>obteratur</strong></span> <span class='ocrx_word' id='word_1_274' title='bbox 1031 2536 1314 2595; x_wconf 78' lang='lat' dir='ltr'><strong>improbitas?</strong></span> <span class='ocrx_word' id='word_1_275' title='bbox 1340 2537 1491 2582; x_wconf 85' lang='lat' dir='ltr'><strong>Statim</strong></span> <span class='ocrx_word' id='word_1_276' title='bbox 1518 2535 1634 2581; x_wconf 89' lang='lat' dir='ltr'><strong>enim</strong></span> <span class='ocrx_word' id='word_1_277' title='bbox 1659 2541 1708 2579; x_wconf 90' lang='lat' dir='ltr'><strong>ut</strong></span> 
     </span>
    </p>
   </div>
   <div class='ocr_carea' id='block_1_3' title="bbox 1730 0 1790 2648">
    <p class='ocr_par' dir='ltr' id='par_1_5' title="bbox 1730 0 1790 2648">
     <span class='ocr_line' id='line_1_35' title="bbox 1730 0 1790 2648; baseline 0 0"><span class='ocrx_word' id='word_1_278' title='bbox 1730 0 1790 2648; x_wconf 95' lang='lat' dir='ltr'><strong> </strong></span> 
     </span>
    </p>
   </div>
  </div>
 </body>
</html>
