1790 3187
590 182 789 212 tems-rou
822 186 901 213 vn.
1358 174 1442 213 267

0 262 19 295 >r
55 252 233 298 ciuntur
261 250 416 294 animae
449 247 762 293 dormientium
793 265 925 310 quam
956 249 1228 309 vigilantium
1248 284 1259 305 ‚
1290 250 1445 295 melius

0 334 17 363 i·
54 321 407 384 phreneticorum
429 334 560 379 quam
583 317 656 362 tali
677 329 794 378 peste
816 321 1057 364 carentium
1084 339 1094 365 ι
1118 320 1183 364 his
1206 321 1320 364 enim
1345 321 1444 364 assi-

0 406 16 435 ι-
54 394 230 440 ciuntur
265 391 528 450 imaginibus
548 425 559 446 ‚
585 391 746 450 quibus
767 400 867 436 ante
892 392 993 436 istos
1018 407 1165 436 sensus
1192 391 1444 437 vanissimos

1 470 15 507 t.
53 465 229 511 nuntios
251 463 557 506 alliciebantur
586 481 595 507 ε
625 475 668 506 et
692 472 768 507 aut
789 464 930 508 verior
951 465 1032 508 erit
1055 463 1119 508 sol
1139 478 1270 523 quem
1293 463 1444 508 vident

0 533 15 590 i,
51 534 141 590 illi,
164 550 297 595 quam
317 533 389 577 ille
411 549 541 592 quern
560 534 651 578 sani
669 544 800 594 atque
821 535 1072 594 vigilante33
1097 544 1173 578 aut
1190 544 1318 578 erunt
1336 535 1443 579 veris

50 605 155 653 falsa
178 604 371 650 meliora.
399 608 507 659 Quae
528 606 561 649 si
581 605 768 650 absurda
796 615 920 661 sunt,
945 606 1071 650 sicuti
1094 614 1222 661 sunt,
1247 605 1358 650 nihil
1380 615 1442 651 est

0 688 16 720 m
49 677 168 723 aliud
187 675 258 720 illa
277 676 554 734 imaginatio,
573 677 632 720 mi
654 677 853 732 Nebridi,
876 693 1005 737 quam
1031 677 1157 736 plaga
1180 676 1341 720 inflicta
1366 692 1442 736 per

0 762 14 790 ι·
48 763 196 794 sensus
215 782 226 803 ‚
264 748 424 807 quibus
448 763 537 792 non
553 782 564 802 ,
591 757 640 792 ut
664 757 711 792 tu
733 748 883 792 scribis
899 783 910 803 ‚
936 749 1292 793 commemoratio
1319 763 1442 808 quae-

0 818 14 864 ic
46 819 146 865 dam
171 820 220 863 fit
242 827 291 863 ut
309 818 410 863 talia
435 817 681 863 formentur
699 820 742 862 in
764 820 907 863 anima
925 854 935 874 ‚
961 818 1037 863 sed
1058 820 1145 877 ipsa
1170 819 1300 878 hujus
1322 818 1441 862 falsi·

0 905 13 934 ι
45 890 143 935 tatis
165 890 324 944 illatio,
354 890 442 934 sive
457 924 468 943 ‚
494 898 544 933 ut
563 891 798 948 expressius
820 889 991 934 dicatur
1008 924 1019 944 ‚
1045 890 1284 948 impressio.
1310 889 1439 942 Quod

0 969 11 1016 t,
45 976 146 1006 sane
168 970 211 1004 te
228 969 400 1015 movet,
421 961 498 1020 qui
517 961 590 1004 fiat
609 970 657 1004 ut
670 975 739 1005 eas
755 960 885 1005 facies
903 961 1153 1021 formasque
1171 961 1410 1019 cogitemus
1425 997 1436 1017 ‚

0 1047 12 1078 u
44 1044 150 1092 quas
168 1046 398 1091 nunquam
419 1031 622 1086 vidimus,
645 1041 769 1076 acute
786 1040 946 1076 movet.
971 1035 1124 1092 Itaque
1143 1031 1297 1076 faciam
1317 1033 1438 1092 quod

0 1125 11 1140 ι
43 1101 156 1148 ultra
187 1100 364 1146 solitum
398 1102 580 1146 modum
605 1103 716 1147 hanc
746 1102 971 1162 epistolam
1004 1103 1225 1162 porrigat3
1250 1103 1324 1147 sed
1348 1119 1438 1148 non

4 1176 19 1234 ‚l
43 1173 156 1233 apud
181 1182 223 1217 te
238 1208 248 1227 ‚
274 1173 344 1216 cui
367 1172 488 1216 nulla
511 1183 575 1217 est
597 1174 753 1233 pagina
785 1174 967 1233 gratior,
992 1190 1127 1235 quam
1155 1190 1255 1235 quae
1278 1190 1348 1218 me
1370 1175 1437 1220 lo-

0 1256 18 1289 .!
41 1244 289 1305 quaciorem
311 1254 512 1303 apportat
536 1245 631 1289 tibi.

99 1318 174 1360 IV.
208 1318 370 1360 Omnes
397 1317 473 1360 has
498 1316 706 1375 imagines
723 1351 734 1371 ‚
760 1331 867 1376 quas
895 1317 1141 1375 phantasias
1163 1332 1264 1361 cum
1286 1317 1435 1362 multis

0 1401 18 1430 -t
40 1400 164 1432 vocas
179 1421 190 1440 ‚
210 1387 256 1430 in
279 1387 359 1431 tria
380 1402 536 1445 genera
554 1386 902 1432 commodissime
924 1403 972 1431 ac
989 1387 1210 1431 verissime
1232 1387 1434 1432 distribui

1 1475 16 1507 ς)
41 1457 179 1502 video.
203 1460 401 1510 Quorum
426 1467 489 1502 est
506 1474 642 1502 unum
659 1460 791 1502 sensis
803 1459 1227 1517 rebusimpressum,
1246 1458 1433 1503 alterum

0 1544 14 1578 ιι
40 1528 214 1588 putatis,
228 1529 402 1572 tertium
416 1530 531 1574 ratis.
552 1529 683 1573 Primi
697 1530 864 1588 generis
874 1530 1071 1589 exempla
1086 1538 1202 1583 sunt,
1215 1545 1314 1573 cum
1326 1530 1433 1574 mihi

0 1638 4 1659 ,
39 1609 158 1645 tuam
186 1600 340 1645 faciem
369 1600 437 1644 vel
467 1601 800 1660 Carthaginem,
831 1601 902 1645 vel
928 1600 1181 1645 familiarem
1210 1602 1433 1661 quondam

0 1688 15 1710 ,ι
37 1681 232 1715 nostrum
256 1671 564 1716 Verecundum
587 1674 671 1730 (3),
691 1681 734 1716 et
756 1672 790 1716 si
812 1671 918 1731 quid
937 1671 1056 1715 aliud
1075 1673 1345 1716 manentium
1363 1671 1433 1716 vel

0 1759 13 1783 a
37 1751 309 1786 mortuarum
337 1758 481 1787 rerum
501 1778 512 1797 ‚
538 1759 646 1802 quas
674 1753 821 1787 tamen
856 1744 943 1787 vidi
972 1753 1104 1804 atque
1139 1743 1282 1798 sensi,
1313 1744 1359 1787 in
1389 1758 1433 1787 se

0 1833 2 1861 ι
36 1813 204 1857 animus
234 1813 413 1858 format.
439 1814 575 1858 Alteri
604 1814 750 1871 generi
778 1815 1071 1873 subjiciuntur
1094 1814 1190 1867 illa,
1216 1831 1316 1874 quae
1349 1830 1432 1874 pu-

0 1903 2 1930 i
34 1891 176 1928 tamus
197 1884 254 1927 ita
278 1899 322 1928 se
347 1883 547 1928 habuisse
567 1883 637 1928 vel
662 1886 720 1928 ita
749 1899 792 1928 se
813 1884 975 1929 habere
992 1920 1002 1939 ,
1029 1883 1150 1929 velut
1173 1901 1271 1929 cum
1294 1884 1431 1929 disse-

17 1929 156 2024 lrendi
172 1955 306 2012 gratia
323 1955 525 2014 quaedam
541 1955 620 2014 ipsi
635 1956 839 2014 fingimus
856 1971 1131 2016 nequaquam
1149 1956 1430 2015 impedientia

34 2025 254 2070 veritatem
270 2060 281 2079 ‚
305 2024 376 2070 vel
393 2025 537 2086 qualia
558 2026 795 2083 figuramus
813 2042 913 2071 cum
936 2026 1120 2085 legimus
1139 2026 1363 2085 historias;
1387 2035 1430 2072 et

34 2109 134 2141 cum
176 2095 372 2142 fabulosa
412 2096 482 2141 vel
519 2099 720 2141 audimus
758 2097 828 2141 vel
851 2099 1155 2157 componimus
1192 2098 1261 2142 vel
1296 2099 1432 2159 suspi-

35 2180 195 2212 camur.
234 2170 327 2226 Ego
348 2168 466 2212 enim
488 2168 595 2212 mihi
616 2178 666 2212 ut
688 2168 797 2213 libet
818 2178 950 2229 atque
972 2179 1022 2213 ut
1044 2170 1233 2214 occurrit
1257 2169 1427 2225 animo,

34 2239 182 2284 AEneae
205 2238 360 2285 faciem
385 2241 529 2300 fingo,
554 2256 636 2299 ego
653 2241 820 2285 Medeae
842 2257 942 2285 cum
966 2242 1053 2285 suis
1072 2241 1288 2299 anguibus
1307 2241 1424 2285 aliti-

32 2308 112 2354 bus
132 2310 294 2370 junctis
316 2312 426 2372 jugo
443 2347 453 2367 ‚
481 2327 561 2370 ego
584 2312 825 2357 Chremetis
851 2321 894 2356 et
916 2312 1100 2372 alicujus
1125 2313 1422 2357 Parmenonis.

33 2381 82 2425 In
100 2380 182 2426 hoc
204 2398 360 2440 genere
382 2392 484 2427 sunt
502 2383 629 2427 etiam
649 2382 745 2437 illa,
766 2399 865 2444 quae
884 2384 972 2428 sive
992 2385 1228 2444 sapientes,
1255 2384 1425 2444 aliquid

33 2453 118 2496 veri
147 2451 303 2499 talibus
329 2454 600 2500 involventes
622 2455 798 2513 figuris,
830 2455 919 2499 sive
946 2455 1067 2499 stulti
1102 2455 1317 2500 variarum
1349 2472 1424 2500 su-

32 2523 331 2581 perstitionum
352 2526 599 2573 conditores
622 2541 701 2585 pro
721 2541 825 2572 vcro
846 2525 1112 2583 attulerunt,
1132 2535 1183 2572 ut
1201 2535 1266 2572 est
1291 2536 1423 2573 tarta·

12 2601 15 2639 l

12 2710 14 2750 l

12 2754 14 2789 l

12 2791 13 2811 i

10 2974 13 2981 .

10 3010 13 3019 .
