1790 3187
22 2257 25 2267 ι

24 2565 26 2573 ι

24 2602 27 2610 ι

24 2618 27 2625 v

230 231 282 258 DE
318 229 504 257 nrvnus1s
538 228 697 265 QUAEST.
734 229 788 256 AD
819 228 1076 258 smemcuuv.
1112 231 1196 258 mn.
1231 232 1261 258 1.
1359 221 1441 261 169

63 306 237 360 praestat
269 294 388 356 quod
409 294 689 339 voluerimus.
713 297 769 339 Ut
790 294 1107 340 velimusenim
1129 304 1172 340 et
1193 311 1320 341 suum
1353 314 1443 344 esse

64 369 201 415 voluit
233 375 274 410 et
308 374 503 409 nostrum
529 385 539 421 3
562 380 690 408 suum
722 365 945 421 vocando,
970 375 1170 411 nostrum
1199 369 1436 428 sequendo.

63 438 188 493 Quod
211 446 353 481 autem
377 435 641 480 voluerimus
658 435 773 480 solus
800 446 995 495 praestat,
1016 438 1060 482 id
1077 447 1163 493 est,
1184 453 1307 497 posse
1330 439 1443 484 bene

63 523 201 568 agere,
219 515 260 550 et
276 521 442 565 semper
463 506 586 550 beate
609 505 1085 552 vivere.Verumtamen
1108 508 1221 552 Esaii
1243 508 1441 553 nondum

62 589 213 633 natus,
238 577 346 621 nihil
372 578 525 621 horum
550 587 692 637 posset
719 576 831 622 velle
867 593 942 622 seu
980 578 1111 623 nolle.
1144 581 1233 624 Cur
1260 594 1363 639 ergo
1395 581 1439 624 in

62 659 184 694 utero
209 648 372 707 positus
396 648 667 707 improbatus
690 657 753 692 est
775 650 793 692 P
816 648 1001 694 Reditur
1019 650 1137 694 enim
1158 649 1213 694 ad
1242 649 1336 695 illas
1354 649 1442 695 dif-

61 719 271 765 ficultates
291 753 302 773 ‚
336 733 425 762 non
446 718 586 763 solum
612 734 689 763 sua
718 719 983 765 obscuritate
1003 755 1014 776 ‚
1049 722 1125 765 sed
1147 721 1277 766 etiam
1300 730 1444 767 nostra

61 801 146 837 tam
164 789 299 834 multa
321 789 577 849 repetitione
598 789 879 835 molestiores.

122 864 206 905 11⁰.
227 862 317 906 Cur
336 861 449 904 enim
471 857 533 904 est
555 860 826 920 improbatus
842 861 955 905 Esaii
976 861 1177 906 nondum
1200 869 1346 917 natus,
1366 863 1443 923 qui

60 947 137 977 nee
154 930 328 975 eredere
350 940 519 989 poterat
534 932 721 986 vocanti,
748 946 828 977 nec
847 941 1125 977 contemnere
1147 932 1439 989 vocationem,

59 1017 137 1048 nec
154 1002 255 1046 boni
272 1000 340 1046 vel
363 1001 464 1044 mali
482 1001 647 1062 aliquid
662 1002 855 1061 operari?
875 1004 917 1048 Si
940 1003 1167 1062 praesentia
1184 1004 1260 1048 Dei
1278 1003 1442 1048 futurae

58 1072 181 1118 malae
201 1071 435 1117 voluntatis
457 1073 576 1132 ejus,
606 1088 684 1117 cur
707 1088 798 1117 non
829 1083 874 1118 et
895 1074 1031 1118 Jacob
1064 1075 1332 1133 praescientia
1364 1075 1443 1119 Dei

61 1143 321 1205 approbatus
365 1151 427 1186 est
458 1142 581 1187 bonis
618 1142 778 1188 futurae
814 1144 1050 1189 voluntatis
1091 1146 1218 1204 ejus?
1250 1144 1381 1199 Quod
1409 1146 1442 1189 si

59 1214 188 1260 semel
211 1214 489 1269 concesseris,
512 1215 699 1274 potuisse
725 1230 990 1276 quemquam
1015 1215 1084 1260 vel
1110 1216 1340 1276 approbari
1373 1215 1442 1262 vel

60 1286 294 1345 improbari
316 1301 367 1329 ex
383 1300 434 1330 eo
455 1285 575 1346 quod
590 1285 789 1329 nondum
814 1286 860 1329 in
875 1286 949 1330 illo
973 1294 1083 1341 erat,
1103 1286 1179 1330 sed
1201 1287 1304 1346 quia
1328 1290 1441 1331 Deus

62 1358 260 1402 futurum
276 1373 364 1401 esse
378 1358 655 1416 praesciel›at3
675 1359 903 1402 conficitur
924 1373 1022 1402 eum
1038 1358 1228 1417 potuisse
1246 1359 1375 1402 etiam
1389 1374 1441 1402 ex

61 1428 262 1487 operibus
285 1429 538 1487 approbari,
556 1444 655 1488 quae
678 1430 721 1472 in
739 1428 813 1473 illo
837 1432 950 1473 Deus
967 1427 1114 1473 futura
1137 1444 1227 1473 esse
1242 1430 1442 1488 praescie-

57 1499 153 1553 bat,
174 1499 368 1558 quamvis
397 1499 594 1543 nondum
618 1508 727 1544 esset
752 1499 917 1559 aliquid
940 1508 1142 1559 operatus
1163 1521 1174 1558 3
1192 1509 1234 1544 et
1260 1501 1441 1546 omnino

61 1579 100 1614 te
132 1570 241 1614 nihil
263 1570 485 1630 adjuvabit
506 1571 624 1629 quod
649 1571 850 1615 nondum
876 1571 966 1615 nati
985 1580 1123 1626 erant,
1149 1586 1250 1616 cum
1273 1570 1440 1616 dictum

57 1650 179 1696 esset,
197 1660 216 1683 «
237 1644 293 1686 Et
314 1643 451 1701 major
471 1641 626 1685 serviet
645 1642 847 1696 minori‚»
863 1651 912 1685 ut
934 1643 1032 1686 hinc
1053 1643 1254 1688 ostendas
1277 1658 1367 1688 non
1390 1659 1440 1687 ex

20 1742 21 1754 i
58 1713 260 1772 operibus
284 1712 468 1767 dictum,
494 1714 596 1772 quia
620 1713 818 1756 nondum
841 1712 1082 1773 quidquam
1101 1722 1193 1757 erat
1214 1724 1435 1773 operatus

118 1785 205 1826 12⁰.
238 1783 316 1827 Illa
353 1784 481 1827 etiam
512 1783 643 1828 verba
669 1784 702 1827 si
730 1783 961 1843 diligenter
995 1784 1194 1828 attendas
1215 1820 1225 1840 ,
1255 1804 1273 1827 «
1301 1786 1441 1844 Igitur

20 1844 22 1866 ἶ
61 1870 181 1899 »ῃοη
203 1855 386 1899 volentis
408 1871 551 1915 neque
573 1856 800 1911 currentis,
826 1854 900 1899 sed
922 1856 1161 1900 miserentis
1179 1866 1242 1900 est
1266 1857 1390 1902 Dei12
1416 1876 1436 1899 »

57 1941 144 1970 non
180 1926 262 1970 hoc
297 1926 528 1985 Apostolus
560 1935 787 1986 propterea
820 1935 985 1970 tantum
1015 1926 1167 1970 dixisse
1190 1925 1436 1984 videbitur,

57 1997 173 2058 quod
189 1996 407 2057 adjutorio
420 1997 496 2041 Dei
520 1997 574 2041 ad
592 1998 636 2041 id
654 1997 775 2058 quod
789 1997 990 2043 volumus
1009 1999 1310 2058 perveniamus
1328 2021 1338 2058 3
1364 2000 1438 2045 sed

22 2126 24 2129 Ι
57 2068 183 2112 etiam
207 2083 256 2112 ex
278 2068 350 2113 illa
373 2069 616 2113 intentione
636 2104 646 2124 3
683 2085 768 2129 qua
799 2078 842 2113 et
866 2068 950 2114 alio
981 2069 1078 2114 loco
1105 2069 1239 2125 dicit,
1280 2089 1300 2112 «
1325 2072 1439 2116 Cum

22 2136 24 2168 ³
61 2159 80 2182 n
102 2140 253 2184 timore
268 2150 310 2185 et
329 2150 515 2185 tremore
537 2150 723 2186 vestram
747 2141 939 2200 ipsorum
958 2141 1141 2185 salutem
1162 2143 1401 2201 operamini
1425 2164 1436 2199 3

64 2228 82 2252 »
110 2213 223 2255 Deus
255 2211 369 2254 enim
395 2220 458 2255 est
488 2212 563 2271 qui
589 2220 793 2271 operatur
814 2211 858 2255 in
882 2211 1005 2256 vobis
1027 2221 1069 2256 et
1087 2211 1198 2256 velle
1215 2221 1258 2256 et
1275 2215 1442 2272 operari

63 2300 82 2323 »
107 2297 184 2341 pro
210 2282 321 2326 bona
346 2281 570 2327 voluntate
592 2284 624 2326 2.
655 2301 675 2323 »
698 2284 793 2327 Tibi
810 2283 909 2327 satis
934 2283 1124 2328 ostendit
1147 2283 1277 2327 etiam
1301 2284 1438 2342 ipsam

60 2352 216 2398 bonam
237 2353 504 2398 voluntatem
540 2355 585 2399 in
617 2356 742 2400 nobis
774 2364 980 2415 operante
1010 2358 1099 2399 Deo
1121 2355 1229 2399 fieri.
1264 2357 1373 2401 Nam
1404 2357 1438 2400 si

60 2433 282 2482 propterea
312 2424 451 2469 solum
479 2424 646 2469 dictum
671 2436 764 2481 est,
795 2429 929 2472 «Non
952 2424 1137 2470 volentis
1166 2441 1308 2486 neque
1337 2442 1438 2470 cur-

66 2511 84 2534 »
103 2495 252 2550 rentis,
285 2495 358 2539 sed
385 2496 623 2540 miserentis
645 2505 708 2541 est
726 2497 802 2541 Dei
833 2519 843 2552 3
871 2515 891 2539 »
912 2497 1011 2557 quia
1034 2495 1235 2543 Voluntas
1252 2498 1438 2542 hominis

109 2585 116 2601 ¹
140 2580 232 2611 Rom.
252 2590 294 2621 ix,
316 2580 363 2611 16.
379 2598 418 2601 -
434 2587 444 2602 ⁷
466 2580 577 2622 l'liilip.
598 2592 631 2621 ιι,
656 2589 691 2613 12
712 2586 743 2612 et
765 2582 815 2613 13.
