1790 3187
349 227 431 267 468
790 236 822 263 s.
860 237 1088 263 Aucusnm
1121 237 1297 264 EPISCOPl

340 305 546 364 jubemur
563 303 623 346 ire
643 317 739 346 cum
763 302 821 344 eis
842 301 921 344 alia
940 301 1027 345 duo
1045 304 1055 327 ¹
1071 336 1082 355 ,
1107 310 1237 345 tantae
1260 301 1383 345 nobis
1405 301 1666 358 ingeruntur
1683 309 1732 343 ut

347 375 417 418 vix
439 373 645 432 respirare
668 372 875 431 possimus
902 391 910 415 :
936 372 1159 416 credentes
1187 382 1328 415 tamen
1351 372 1471 431 quod
1492 370 1565 414 ille
1586 371 1632 414 in
1656 387 1733 415 cu-

341 446 413 505 jus
428 453 665 502 conspectu
679 444 812 486 intrat
832 443 1016 501 gemitus
1030 444 1394 502 compeditorum,
1413 451 1734 501 perseverantes

350 530 428 559 nos
450 515 496 557 in
522 529 573 558 eo
602 513 864 567 ministerio,
890 514 935 556 in
967 529 1055 573 quo
1079 515 1282 573 dignatus
1304 522 1367 557 est
1395 513 1605 558 collocare
1634 527 1735 556 cum

349 585 558 644 promissa
588 584 814 638 mercede,
855 582 1161 644 adjuvantibus
1196 585 1464 630 orationibus
1500 583 1650 628 vestris
1680 582 1735 627 ab

353 655 472 699 omni
495 654 690 713 angustia
713 654 929 698 liberabit.

407 728 466 769 II„
489 727 575 768 Vos
593 733 755 778 autem,
774 723 944 779 fratres,
959 725 1239 768 exhortamur
1256 725 1300 767 in
1316 724 1500 768 Domino
1517 732 1567 767 ut
1581 738 1736 782 propo-

352 795 483 840 situm
504 803 698 840 vestrum
713 795 984 850 custodiatis,
1003 805 1046 839 et
1062 810 1199 854 usquc
1216 795 1261 838 in
1278 795 1407 838 finem
1428 793 1705 853 perseveretis
1725 812 1734 838 ι

351 881 400 911 ac
422 866 457 911 si
477 881 610 925 quam
631 881 806 925 operam
825 875 1009 910 vestram
1034 875 1170 911 mater
1187 865 1379 910 Ecclesia
1401 864 1734 918 desideraverit,

351 952 431 982 nec
454 936 640 980 elatione
657 936 781 980 avida
804 937 1062 995 suscipiatis,
1089 952 1168 980 nec
1188 935 1438 980 blandiente
1458 935 1621 979 desidia
1648 950 1737 979 res-

352 1007 516 1065 puatis,
539 1005 611 1049 sed
634 1006 729 1050 miti
748 1005 878 1050 corde
901 1007 1206 1065 obtemperetis
1230 1010 1342 1063 Deo3
1363 1021 1461 1049 cum
1486 1014 1738 1049 mansuetu-

352 1077 453 1121 dine
475 1085 696 1134 portantes
725 1091 823 1120 eum
843 1111 853 1131 ,
891 1077 968 1136 qui
1004 1093 1078 1121 vos
1111 1077 1243 1135 regit,
1275 1077 1350 1136 qui
1375 1076 1518 1134 dirigit
1548 1077 1672 1119 mites
1693 1076 1737 1119 in

345 1146 539 1206 judicio,
579 1147 655 1206 qui
690 1145 819 1190 docet
848 1157 1095 1191 mansuetos
1130 1148 1217 1191 vias
1250 1150 1391 1190 suas‘l.
1428 1149 1517 1191 Nec
1547 1155 1738 1190 vestrum

353 1217 490 1261 otium
514 1217 839 1261 necessitatibus
862 1216 1061 1261 Ecclesiae
1083 1217 1367 1276 praeponatis,
1393 1216 1463 1260 cui
1484 1216 1739 1275 parturienti

354 1287 387 1331 si
416 1286 526 1331 nulli
551 1287 657 1331 boni
692 1287 934 1331 ministrare
967 1287 1152 1341 vellent,
1188 1287 1411 1347 quomodo
1433 1287 1736 1340 nasceremini,

352 1372 442 1401 non
470 1357 735 1402 inveniretis.
771 1358 890 1402 Sicut
919 1367 1062 1401 autem
1097 1361 1209 1401 inter
1236 1359 1381 1416 ignem
1415 1367 1458 1401 et
1489 1372 1646 1417 aquarn
1672 1366 1737 1400 te-

352 1427 496 1473 nenda
518 1437 581 1472 est
600 1429 669 1472 via
685 1463 696 1483 ,
719 1437 768 1472 ut
784 1444 862 1472 nec
880 1438 1086 1472 exuratur
1103 1430 1234 1473 homo
1257 1445 1336 1473 nec
1355 1429 1632 1486 demergatur
1650 1447 1657 1472 :
1680 1427 1739 1471 sic

350 1497 463 1541 inter
482 1497 647 1556 apicem
671 1498 882 1556 superbiae
905 1507 947 1542 et
968 1500 1219 1557 voraginem
1242 1497 1417 1542 desidiae
1438 1499 1521 1542 iter
1543 1507 1738 1542 nostrum

350 1577 591 1627 temperare
604 1567 828 1622 debemus,
845 1569 955 1613 sicut
971 1570 1181 1628 scriptum
1195 1578 1258 1613 est
1277 1588 1284 1613 :
1306 1588 1325 1611 «
1343 1572 1438 1614 Non
1454 1569 1735 1623 declinantes,

354 1657 374 1680 »
401 1653 545 1698 neque
562 1638 617 1682 ad
639 1638 883 1694 dexteram,
910 1655 1052 1699 neque
1070 1640 1123 1683 ad
1146 1640 1356 1683 sinistram
1373 1642 1404 1682 3.
1434 1658 1453 1680 »
1492 1642 1601 1683 Sunt
1624 1640 1738 1682 enim

348 1710 426 1769 qui
447 1710 554 1753 dum
577 1709 705 1753 nimis
726 1710 909 1764 timent,
935 1725 988 1753 ne
1011 1711 1132 1769 quasi
1154 1709 1206 1753 ad
1226 1709 1444 1753 dexteram
1469 1710 1579 1768 rapti
1602 1709 1738 1753 extol‘

348 1778 517 1834 lantur,
542 1780 585 1822 in
612 1780 826 1823 sinistram
856 1779 963 1838 lapsi
996 1780 1326 1838 demerguntur.
1357 1782 1413 1823 Et
1440 1788 1561 1823 stunt
1592 1793 1739 1823 rursus

347 1851 424 1910 qui
439 1850 546 1894 dum
562 1851 688 1894 nimis
706 1866 749 1894 se
767 1849 974 1894 auferunt
992 1867 1012 1894 a
1032 1851 1199 1894 sinistra
1216 1887 1227 1908 ,
1246 1866 1301 1894 ne
1315 1850 1486 1909 torpida
1504 1849 1739 1894 vacationis

349 1919 531 1964 mollitie
553 1920 811 1964 sorbeantur
828 1955 838 1974 ,
876 1936 927 1965 ev
950 1920 1081 1964 altera
1111 1930 1232 1979 parte
1259 1922 1478 1980 jactantiae
1504 1921 1619 1964 fastu
1641 1935 1738 1964 cor-

348 1992 466 2049 rupti
484 2001 614 2049 atque
632 1992 903 2049 consumpti,
924 1991 968 2034 in
991 1991 1182 2035 favillam
1202 1993 1462 2051 fumumque
1478 1999 1733 2035 vanescunt.

350 2062 418 2106 Sic
435 2077 537 2119 ergo
559 2060 821 2104 dilectissimi
840 2061 1005 2118 diligite
1023 2063 1158 2104 otium
1174 2097 1183 2115 ,
1205 2071 1253 2104 ut
1267 2077 1342 2105 vos
1360 2062 1414 2105 ab
1431 2063 1548 2106 omni
1569 2071 1738 2105 terrena

347 2129 636 2175 delectatione
658 2130 897 2181 refrenetis,
916 2140 957 2173 et
975 2131 1253 2174 memineritis
1272 2132 1443 2174 nullum
1462 2131 1605 2175 locum
1627 2146 1732 2184 esse,

348 2202 422 2244 ubi
447 2217 536 2246 non
564 2202 697 2261 possit
726 2201 903 2260 laqueos
930 2201 1107 2244 tendere
1124 2237 1133 2255 ,
1161 2202 1236 2260 qui
1261 2203 1384 2246 timet
1413 2217 1468 2245 ne
1495 2202 1736 2246 revolemus

348 2270 403 2314 ad
434 2274 571 2315 Deum
601 2281 643 2315 et
671 2272 895 2315 inimicum
922 2271 1118 2314 omnium
1153 2271 1393 2325 bonorum,
1427 2273 1549 2330 cujus
1576 2271 1736 2330 captivi

346 2342 510 2386 fuimus
535 2342 781 2402 judicemus
799 2377 809 2396 ‚
845 2341 1099 2400 nullamque
1122 2343 1244 2386 nobis
1278 2358 1367 2386 esse
1394 2342 1629 2401 perfectam
1663 2357 1732 2385 re-

346 2413 492 2471 quiem
511 2415 747 2471 cogitemus
760 2449 769 2467 ,
788 2413 926 2457 donec
946 2422 1132 2456 transeat
1149 2413 1351 2472 iniquitas
1373 2431 1380 2456 :
1403 2422 1445 2457 et
1461 2413 1505 2457 in
1517 2411 1732 2472 judicium

334 2479 338 2482 ”
344 2483 510 2542 justitia
532 2493 822 2529 eonvertatur.

401 2572 407 2587 ¹
440 2569 555 2600 Matth.
576 2580 609 2603 v,
640 2568 693 2604 lu.
708 2575 775 2591 ——2
800 2568 878 2599 Psal.
900 2578 988 2607 xxiv,
1014 2580 1045 2608 q.
1066 2566 1133 2589 -Ξ
1162 2571 1254 2599 Dcut.
1276 2578 1371 2606 xxvii,
1400 2579 1446 2598 ιι.
