1790 3187
347 184 429 224 264
779 200 810 224 s.
848 197 1076 225 Αυαυετιω
1111 198 1290 225 ΕΡιεεοω

345 326 1714 346 ΜΜΜἋΛΊἋΜΜἎἏΜἋΜῚΜΝἋΜἋΜἋΜΜΝΜΜΜΜΜΜΜ

792 434 1105 483 EPlS'l'OLA
1151 427 1261 481 54¹.

754 569 1021 605 AUGUSTmo
1049 570 1307 604 Nssssmmus.

343 686 513 732 Scribit
538 686 595 733 Ν
595 685 802 731 ebrz'dias
831 685 985 731 videri
1011 685 1104 732 sibi
1132 688 1414 732 memoriam
1440 688 1541 732 sine
1561 686 1724 747 phan-
1766 705 1783 737 »ι

401 759 530 802 tasia
552 773 652 802 esse
682 773 778 803 non
809 773 951 817 posse
958 779 979 814 ‚·
1008 767 1107 802 tum
1139 758 1284 802 etiam
1315 756 1593 817 plzantczsioe
1631 759 1726 804 vim

399 845 495 874 non
522 845 554 875 α
582 845 747 886 sensu,
775 827 864 875 sed
880 846 912 875 α
942 845 992 875 se
1016 830 1176 890 potius
1205 831 1440 891 imagines
1459 845 1616 876 rerum
1635 829 1724 875 lza-

403 899 527 946 bere.

399 1039 434 1080 Ι.
461 1056 480 1078 «
500 1040 730 1082 EPISTOLAS
745 1047 840 1082 tuas
860 1036 1080 1097 perplacet
1096 1038 1154 1081 ita
1171 1052 1339 1082 servare
1355 1046 1406 1081 ut
1422 1037 1571 1081 oculos
1592 1051 1724 1082 meos.
1758 1039 1762 1085 i

343 1110 454 1152 Sunt
475 1109 590 1151 enim
613 1123 806 1167 magnae,
831 1124 918 1152 non
947 1109 1214 1168 quantitate,
1238 1107 1312 1152 sed
1345 1107 1500 1163 rebus,
1538 1117 1583 1152 et
1603 1123 1727 1167 mag·
1758 1096 1762 1164 3

341 1193 496 1221 narum
529 1193 672 1221 rerum
709 1193 884 1237 magnas
917 1178 1144 1222 continent
1177 1178 1470 1237 probationes.
1505 1177 1598 1222 lllae
1624 1179 1729 1223 mihi
1758 1179 1762 1252 3

340 1248 560 1293 Christum
579 1284 589 1303 ‚
607 1248 693 1293 illae
715 1248 939 1292 Platonem
957 1283 967 1304 ,
988 1247 1074 1292 illae
1093 1248 1315 1292 Plotinum
1334 1248 1568 1293 sonabunt.
1589 1251 1730 1294 Erunt
1758 1254 1774 1319 3⁷

343 1320 473 1378 igitur
499 1321 632 1376 mihi,
667 1329 710 1364 et
737 1319 791 1364 ad
819 1319 1086 1364 audiendum
1110 1329 1288 1379 propter
1310 1319 1602 1380 eloquentiam
1631 1318 1731 1363 dul·
1758 1342 1762 1370 ρ

341 1406 432 1445 ces,
459 1401 502 1435 et
525 1392 578 1436 ad
600 1390 836 1450 legendum
858 1400 1034 1450 propter
1054 1391 1309 1435 brevitatem
1329 1389 1474 1435 faciles
1491 1425 1501 1444 ,
1527 1400 1569 1434 et
1591 1389 1646 1434 ad
1663 1390 1731 1434 in-
1758 1375 1762 1437 3

344 1461 628 1520 telligendum
661 1471 837 1521 propter
876 1462 1128 1521 sapientiam
1166 1461 1375 1506 salubres.
1413 1461 1596 1506 Curabis
1630 1475 1731 1520 ergo
1758 1446 1790 1522 '1¹

343 1533 460 1593 quod
483 1541 569 1575 tuae
592 1533 727 1576 menti
745 1541 942 1576 sanctum
964 1532 1185 1575 bonumve
1206 1531 1336 1576 fuerit
1357 1531 1497 1576 visum
1515 1566 1526 1586 ‚
1551 1546 1620 1574 me
1649 1531 1731 1576 do·
1758 1526 1790 1599 33.

343 1619 454 1649 cere.
484 1604 558 1647 His
582 1613 727 1647 autem
746 1602 897 1647 litteris
915 1602 1195 1662 respondebis
1212 1638 1222 1657 ,
1249 1618 1347 1647 cum
1370 1602 1425 1646 de
1443 1602 1666 1661 phantasia
1689 1612 1733 1648 et
1758 1600 1761 1675 3
1786 1601 1790 1641 ἕ

345 1674 549 1717 memoria
565 1673 765 1716 subtilius
781 1672 944 1733 aliquid
957 1673 1203 1731 disputaris.
1222 1672 1328 1717 Mihi
1341 1672 1454 1715 enirn
1467 1672 1526 1716 ita
1541 1672 1729 1726 videtur,
1781 1687 1790 1715 t

343 1745 463 1805 quod
483 1744 679 1804 quamvis
697 1760 785 1788 non
805 1744 945 1788 omnis
964 1744 1187 1803 phantasia
1206 1758 1306 1787 cum
1324 1743 1529 1787 memoria
1546 1743 1620 1797 sit,
1639 1758 1733 1787 om·
1758 1782 1760 1791 ,
1779 1758 1790 1786 n

343 1816 407 1860 nis
436 1824 579 1859 tamen
616 1815 820 1858 memoria
853 1814 943 1858 sine
972 1814 1196 1873 phantasia
1233 1829 1323 1858 esse
1355 1829 1444 1857 non
1464 1814 1612 1873 possit.
1650 1813 1732 1858 Sed
1757 1836 1786 1865 =2

344 1885 451 1930 dicis
471 1905 479 1929 :
501 1884 615 1937 Quid
632 1900 731 1929 cum
752 1884 1030 1929 recordamur
1045 1899 1120 1928 nos
1139 1883 1412 1938 intellexisse,
1434 1893 1509 1928 aut
1526 1884 1733 1942 cogitasse
1786 1900 1790 1913 ³

347 1955 542 2015 aliquid?
564 1957 726 2000 Contra
744 1955 837 1998 haec
854 1969 934 2012 ego
953 1954 1194 2013 respondeo
1208 1963 1251 1997 et
1269 1954 1386 2008 dieo,
1408 1963 1632 2012 propterea
1650 1954 1733 1998 hoc
1757 1951 1760 1967 ¹

346 2026 560 2079 evenisse,
590 2025 689 2083 quia
720 2039 821 2068 curn
855 2023 1146 2067 intelleximus
1174 2022 1243 2067 vel
1267 2024 1552 2082 cogitavimus
1581 2039 1734 2083 corpo-

347 2111 467 2139 reum
484 2112 532 2140 ac
550 2095 787 2155 temporale
805 2093 985 2155 aliquid,
1008 2094 1235 2152 genuimus
1257 2093 1376 2154 quod
1390 2095 1442 2138 ad
1463 2095 1730 2154 phantasiam
1757 2100 1760 2136 ἐ

348 2165 534 2224 pertinet
565 2184 574 2210 ε
612 2180 711 2209 nam
750 2173 824 2209 aut
863 2165 996 2209 verba
1032 2163 1271 2208 intellectui
1309 2165 1733 2225 cogitationibusque
1757 2212 1759 2227 Ι

348 2235 504 2279 nostris
526 2234 821 2294 adjunximus,
844 2250 942 2294 quae
961 2234 1091 2279 verba
1108 2234 1198 2278 sine
1216 2244 1411 2294 tempore
1433 2250 1521 2279 non
1547 2245 1670 2289 sunt,
1691 2244 1734 2279 et
1756 2236 1759 2254 ¹

348 2307 404 2350 ad
423 2321 593 2350 sensum
620 2305 687 2350 vel
712 2306 979 2365 phantasiam
1003 2306 1222 2364 pertinent
1245 2325 1253 2351 ;
1279 2314 1354 2350 aut
1378 2305 1461 2350 tale
1480 2306 1643 2365 aliquid
1666 2306 1734 2350 in-

353 2375 549 2420 tellectus
584 2386 728 2420 noster
762 2375 1021 2433 cogitatione
1058 2391 1204 2434 passus
1234 2385 1296 2420 est
1317 2411 1327 2431 ,
1361 2376 1479 2436 quod
1514 2376 1557 2419 in
1590 2367 1759 2432 animo3

402 2493 407 2506 ¹
441 2487 520 2517 Alias
544 2497 627 2517 mxi.
648 2497 714 2528 ane
730 2490 837 2517 autem
861 2497 893 2517 νι
919 2489 1095 2525 erat,nunc
1114 2495 1203 2515 xcxii.
1220 2501 1257 2507 —·
1277 2485 1403 2526 Scripta
1417 2485 1501 2517 circa
1522 2484 1643 2516 initium
1662 2485 1733 2517 anni
1756 2465 1757 2528 3

358 2542 429 2583 389.
