1790 3187
342 201 395 227 οε
427 199 530 227 οετο
563 199 749 225 nummu
783 198 1110 234 Quazszrromnus.
1331 186 1411 224 241

40 266 232 312 omnium
256 263 582 308 immundorum
615 263 845 323 spirituum
868 264 1011 323 potuit
1033 262 1155 323 loqui
1177 276 1278 307 cum
1302 265 1417 318 Deo,

40 347 82 382 et
104 347 247 396 petere
269 336 527 380 tentandum
554 335 638 380 Job
656 335 938 395 justissimum
959 335 1101 378 virum
1118 336 1130 360 ²
1158 353 1167 379 :
1192 334 1266 393 qui
1290 334 1420 378 etiam

41 407 269 453 tentandos
290 406 518 466 Apostolos
550 407 672 466 petiit
695 409 728 449 ².
755 409 843 450 Aut
872 407 904 449 si
934 407 1017 451 hoc
1050 421 1138 450 non
1161 404 1259 449 ideo
1290 405 1423 448 habet

43 478 263 525 difficilem
298 478 614 539 quaestionem,
651 478 752 537 quia
796 493 874 537 per
904 493 1035 538 quam
1079 476 1266 522 voluerit
1302 491 1424 520 crea-

43 560 206 606 turam,
247 551 316 595 cui
351 550 538 595 voluerit
579 559 812 603 creaturae,
838 550 1003 610 ubique
1043 564 1231 609 praesens
1267 548 1426 592 veritas

44 623 261 684 loquitur,
297 638 378 667 nec
411 632 640 682 propterea
669 622 816 681 magni
852 621 995 665 meriti
1035 630 1098 666 est
1126 621 1196 665 cui
1232 620 1429 681 loquitur

44 697 178 740 Deus:
195 695 372 738 interest
386 695 501 738 enim
524 695 630 754 quid
644 694 872 754 loquatur·⁷
897 694 999 754 quia
1017 703 1059 737 et
1074 695 1308 753 imperator
1328 707 1430 738 cum

10 790 14 794 ·
45 765 191 810 multis
209 765 517 810 innocentibus
538 781 625 810 non
647 764 859 826 loquitur,
881 765 1042 825 quibus
1061 762 1433 823 providentissime

45 837 231 882 consulit
249 836 302 880 ad
326 836 509 881 salutem
538 857 548 893 3
574 846 617 880 et
641 852 742 880 cum
767 836 915 880 multis
937 835 1196 879 nocentibus
1219 835 1432 894 loquitur,

45 923 155 968 quos
172 908 299 967 jubet
321 908 505 952 interfici
529 926 538 952 ε
563 908 596 951 si
613 922 716 966 ergo
731 907 834 951 hinc
857 917 1086 966 propterea
1110 905 1230 949 nulla
1253 905 1438 965 quaestio

2 1012 9 1030 ,-
47 988 140 1036 est3
166 978 285 1022 nulla
308 979 360 1022 sit
379 979 562 1038 quaestio
588 977 813 1038 quomodo
838 979 967 1022 ctiam
989 976 1246 1021 immundus
1265 977 1440 1036 spiritus

2 1035 3 1049 ἵ
48 1064 144 1095 cum
164 1050 305 1093 anima
319 1051 543 1094 sanctiviri
559 1049 679 1109 loqui
699 1050 905 1109 potuerit.
919 1049 1135 1094 Omnibus
1153 1048 1267 1092 enim
1287 1047 1444 1092 sanctis

49 1124 160 1166 Deus
180 1131 347 1165 creator
365 1131 408 1166 et
426 1116 718 1166 sanctificator
735 1122 865 1181 longe
878 1122 1030 1180 utique
1053 1122 1189 1181 major
1210 1130 1288 1165 est.
1311 1119 1442 1174 Quod

8 1182 10 1188 ’
50 1192 83 1238 si
99 1193 181 1236 hoc
205 1202 373 1247 movet,
397 1192 516 1252 quod
540 1193 712 1237 licuerit
734 1193 928 1251 maligno
950 1192 1118 1252 spiritui
1139 1192 1324 1236 excitare
1345 1191 1441 1235 ani-

51 1277 162 1307 mam
177 1263 304 1322 justi‚
329 1273 370 1307 ct
389 1273 597 1323 tanquam
617 1265 672 1307 de
685 1264 844 1308 abditis
868 1272 1142 1307 mortuorum
1159 1260 1443 1322 receptaculis

53 1348 256 1390 evocare3
279 1349 425 1378 nonne
448 1335 583 1392 magis
600 1334 846 1377 mirandum
861 1343 940 1387 est,
958 1332 1076 1393 quod
1103 1336 1279 1378 Satanas
1300 1333 1442 1391 ipsum

53 1404 282 1448 Dominum
314 1406 543 1463 assumpsit
565 1414 608 1448 et
630 1405 854 1449 constituit
877 1420 1006 1463 super
1028 1404 1208 1463 pinnam
1229 1401 1441 1461 templi3i‘

1 1463 9 1542 ᾗ
53 1475 255 1529 Quolibet
273 1476 386 1520 enim
405 1475 535 1520 modo
557 1476 707 1521 fecerit
721 1476 817 1531 ‚ille
835 1477 961 1520 etiam
977 1476 1131 1520 modus
1145 1491 1233 1535 quo
1252 1474 1442 1520 Samueli

1 1547 25 1608 j}
55 1545 217 1590 factum
245 1557 309 1591 est
340 1557 387 1590 ut
410 1548 670 1591 excitaretur
691 1583 701 1602 ,
728 1547 925 1591 similiter
952 1547 1072 1590 latet.
1100 1546 1186 1589 Msi
1210 1544 1323 1590 forte
1346 1546 1442 1605 quis

2 1627 7 1662 ὲ
52 1615 232 1671 dixerit,
259 1617 496 1661 faciliorem
526 1617 702 1661 diabolo
726 1618 856 1661 fuisse
878 1618 1097 1661 licentiam
1124 1615 1178 1659 atl
1206 1617 1441 1660 Dominum

2 1701 9 1728 r
53 1687 196 1731 vivum
220 1688 337 1732 unde
354 1688 494 1732 voluit
515 1687 842 1741 assumendum,
866 1697 909 1731 et
926 1686 1154 1731 ubivoluit
1176 1687 1441 1730 constituen-

52 1758 178 1818 dum,
206 1775 337 1818 quam
360 1760 413 1802 acl
434 1758 644 1803 Samuelis
667 1757 862 1802 defuncti
886 1758 1086 1817 spiritum
1109 1773 1131 1800 a
1153 1758 1239 1801 suis
1266 1756 1440 1801 sedibus

53 1829 343 1874 excitandum.
383 1830 513 1882 Quod
551 1831 584 1873 si
614 1829 725 1873 illud
762 1830 806 1872 in
840 1829 1077 1886 Evangelio
1110 1844 1188 1872 nos
1216 1829 1314 1872 ideo
1353 1844 1438 1871 non

52 1900 303 1959 perturbat,
334 1900 435 1959 quia
454 1900 662 1943 Dominus
687 1899 825 1943 voluit
855 1909 986 1958 atque
1010 1899 1202 1958 permisit
1230 1897 1349 1941 nulla
1380 1898 1440 1941 di-

23 1946 27 2019 l
53 1972 296 2015 minutione
323 1987 412 2014 suae
445 1970 666 2030 potestatis
699 1979 742 2013 et
764 1969 1001 2014 divinitatis
1020 1971 1063 2013 id
1089 1970 1180 2013 fieri
1206 1990 1217 2024 ς
1251 1969 1364 2013 sicut
1385 1968 1440 2013 ab

53 2041 151 2101 ipsis
167 2041 345 2096 Jndaeis‚
362 2057 613 2102 quanquam
631 2041 840 2100 perversis
862 2051 992 2101 atque
1008 2039 1246 2083 immundis
1264 2049 1307 2083 et
1329 2038 1440 2084 sacta

2 2197 9 2229 i

2 1733 7 1753 l

2 1763 11 1878 ἓ

1 1902 8 1943 ἴ

2 1971 8 2011 i

2 2057 9 2089 ξ

55 2111 214 2158 diaboli
243 2112 502 2158 facientibus
518 2148 528 2167 ‚
554 2123 597 2156 et
619 2112 757 2156 teneri
778 2128 821 2156 se
845 2147 855 2167 ‚
877 2121 920 2156 et
947 2111 1126 2165 vinciri,
1157 2121 1200 2155 et
1224 2110 1379 2166 illudi,
1400 2120 1441 2155 et

56 2185 244 2243 crucifigi
271 2194 402 2245 atque
433 2183 619 2228 interfici
655 2199 803 2243 passus
837 2192 901 2226 est
935 2202 943 2227 ;
981 2198 1071 2226 non
1104 2191 1168 2226 est
1204 2181 1442 2227 absurdum

57 2256 227 2301 credere
265 2272 314 2300 ex
344 2256 487 2316 aliqua
525 2256 845 2315 dispensatione
880 2255 1039 2298 divinae
1075 2253 1312 2298 voluntatis
1341 2269 1442 2313 per-

56 2328 228 2372 missurn
255 2328 404 2383 fuisse,
430 2324 583 2373 utnon
610 2327 773 2371 invitus
800 2342 880 2370 nec
903 2325 1155 2370 dominante
1178 2334 1308 2385 atque
1337 2326 1444 2369 sub-

54 2399 232 2458 jugante
267 2399 432 2457 magica
455 2397 649 2458 potentia
666 2433 677 2451 ,
700 2396 776 2442 sed
801 2395 951 2440 volens
982 2405 1113 2456 atque
1134 2396 1441 2455 obtemperans

58 2470 237 2515 occultae
269 2470 577 2530 dispensationi
611 2471 715 2524 Dei,
758 2486 857 2530 quae
898 2479 939 2512 et
972 2469 1276 2527 Pythonissam
1320 2468 1439 2512 illam

105 2562 112 2578 ¹
135 2555 210 2598 Job,
227 2566 250 2596 1,
274 2563 407 2588 11.-‘⁸
429 2558 506 2588 Luc.
529 2565 604 2595 xxii,
625 2552 758 2586 31.-—3
779 2555 898 2587 Matth.
923 2565 968 2593 iv,
990 2554 1019 2586 5.

246 2619 377 2650 cuv.
1152 2608 1199 2647 16
