1790 3187
345 205 429 245 342
784 216 815 240 s.
854 214 935 240 Asc
946 213 1082 239 ovs-rim
1115 212 1295 240 nmscom

405 284 483 324 ΠΙ.
521 280 621 336 Legi
649 279 773 321 etiam
801 278 998 337 rguaetlarn
1024 277 1202 334 scripta,
1226 292 1324 336 quae
1355 286 1427 319 tua
1452 275 1722 330 dicerentur,

342 354 387 395 in
415 350 623 409 Epistulas
641 349 821 407 apostoli
850 347 984 400 Pauli,
1006 362 1191 405 quarum
1215 347 1268 389 ad
1288 344 1478 398 Galatas,
1499 359 1596 388 curn
1619 360 1727 388 eno-
1789 357 1790 362 ¹

344 420 615 471 darevelles,
643 419 761 461 venit
783 418 826 460 in
847 433 998 461 manus
1021 417 1140 461 locus
1162 416 1258 470 ille,
1287 432 1375 475 quo
1401 415 1619 474 apostolus
1645 418 1729 458 Pe-

343 504 436 538 trus
460 509 481 536 a
512 491 744 550 perniciosa
773 488 1046 532 simulatione
1078 498 1318 531 revocatur.
1350 487 1414 530 lbi
1440 486 1725 546 patrocinium

343 563 558 608 mendacii
588 570 832 616 susceptum
857 574 946 602 esse
969 560 1036 602 vel
1066 559 1141 601 abs
1173 568 1214 601 te
1237 557 1308 601 tali
1331 558 1423 600 viro
1443 592 1454 611 ,
1478 556 1545 600 vel
1570 572 1591 598 a
1614 571 1729 615 quo-

345 635 487 693 piam,
508 633 539 676 si
560 632 667 675 alius
690 630 759 674 illa
780 630 968 687 scripsit,
992 627 1153 683 fateor,
1178 644 1263 672 non
1285 627 1556 671 mediocriter
1577 626 1728 683 doleo,

347 705 488 747 donec
512 701 763 746 rsit-llantur
779 701 839 758 (si
861 700 971 744 forte
991 699 1127 744 refelli
1150 701 1352 758 possunt)
1368 714 1414 741 ea
1435 714 1533 758 quae
1556 713 1624 740 me
1641 713 1731 742 mo-

343 783 460 817 vent.
483 774 588 817 Mihi
613 773 728 815 enim
749 771 923 815 videtur
944 770 1236 814 exitiosissime
1257 769 1372 813 credi
1394 768 1572 827 aliquod
1593 768 1637 810 in
1659 767 1730 811 Li-

344 845 432 889 bris
464 844 622 888 sanctis
645 844 796 887 haberi
820 841 1093 886 mendacium
1114 863 1126 899 3
1151 842 1194 884 id
1213 850 1300 890 est,
1322 856 1393 884 eos
1413 840 1630 891 homines,
1654 853 1731 898 per

344 931 455 975 quos
478 915 601 958 nobis
624 913 692 957 illa
721 914 940 972 Scriptura
967 913 1202 956 ministrata
1225 921 1288 956 est
1313 920 1444 972 atque
1463 910 1728 967 conscripta,

344 986 510 1045 aliquid
535 988 578 1029 in
599 985 720 1028 libris
742 986 827 1028 suis
856 984 984 1027 fuisse
1007 985 1221 1028 mentitos,
1251 984 1341 1027 Alia
1367 984 1529 1042 quippe
1550 982 1734 1041 quaestio

347 1066 437 1109 est,
464 1057 589 1099 sitne
611 1055 848 1114 aliquando
868 1054 1039 1097 mentiri
1062 1054 1140 1096 viri
1163 1054 1263 1096 boni
1285 1063 1326 1096 et
1348 1054 1428 1096 alia
1446 1052 1628 1112 quscstio
1646 1061 1730 1108 ost,

347 1135 496 1168 utrum
524 1124 776 1182 scriptorem
801 1132 1047 1166 sanctarum
1075 1124 1392 1181 Scripturarum
1410 1121 1579 1164 mentiri
1602 1136 1733 1180 opor-

346 1198 477 1239 tuerit
506 1214 514 1240 :
541 1196 629 1238 imo
648 1210 748 1238 vero
766 1210 852 1238 non
874 1194 954 1237 alia
972 1229 982 1247 ,
1003 1193 1077 1237 sed
1101 1193 1219 1237 nulla
1239 1192 1421 1252 quaestio
1437 1201 1514 1236 est.
1536 1192 1734 1237 Admisso

347 1269 461 1312 enim
487 1267 616 1311 semel
637 1267 680 1310 in
704 1275 872 1310 tantum
899 1265 1165 1309 auctoritatis
1187 1265 1406 1323 fastigium
1435 1264 1628 1308 officioso
1656 1262 1735 1307 ali-

343 1353 434 1397 qno
456 1337 711 1390 mend-acio,
737 1336 843 1380 null
836 1354 857 1380 ι
879 1335 1052 1380 illorum
1074 1336 1284 1379 librorum
1308 1334 1519 1401 particula
1544 1349 1735 1378 remane-

342 1409 406 1452 bit
424 1426 555 1468 ,quae
578 1425 667 1452 non
692 1417 739 1452 ut
762 1407 921 1466 cuique
947 1407 1060 1450 vide'
1062 1407 1168 1450 ›iiur
1191 1406 1261 1450 vel
1284 1407 1336 1450 ad
1363 1422 1501 1449 mores
1523 1405 1733 1460 difficilis,

339 1480 406 1521 vel
437 1481 489 1522 ad
528 1480 658 1522 fidem
695 1477 986 1531 incredibilis,
1022 1477 1174 1521 eadem
1205 1477 1557 1534 peiniciosissima
1591 1475 1739 1534 iegula

344 1550 398 1593 ad
421 1549 669 1593 mentientis
690 1550 877 1592 motoris
896 1547 1127 1591 consilium
1147 1548 1432 1607 officiumque
1451 1546 1678 1591 referattu.

403 1622 479 1662 IV.
519 1621 560 1663 Si
595 1621 709 1663 enim
739 1619 1036 1662 mentiebatur
1068 1618 1288 1677 apostolus
1311 1618 1470 1662 Paulus
1492 1633 1591 1662 cum
1616 1631 1742 1677 apos·
1776 1640 1778 1647 ·

349 1689 487 1734 tolum
514 1694 689 1734 Petrum
711 1690 946 1749 objuro·aiis
962 1690 1153 1746 diceret,
1177 1708 1195 1730 «
1220 1689 1259 1734 Si
1281 1699 1327 1732 tu
1348 1704 1446 1733 cum
1467 1689 1520 1732 sis
1536 1688 1737 1744 Judaeus,
1772 1680 1785 1713 *²

351 1779 371 1800 υ
400 1761 617 1818 gentiliter
645 1770 687 1803 et
716 1776 803 1804 non
828 1761 1005 1819 judaice
1030 1760 1135 1803 vivis
1151 1760 1558 1819 ,quemadmodum
1594 1768 1741 1818 gentes
1780 1764 1790 1804 l

353 1849 372 1872 »
401 1832 518 1889 cogis
546 1831 824 1891 jtida'izire'
817 1833 834 1864 ‚7
867 1849 885 1870 »
919 1840 961 1873 et
995 1840 1110 1874 recte
1137 1795 1199 1873 illi
1231 1829 1462 1872 videbatui
1496 1832 1647 1873 Petius
1674 1827 1742 1872 fu·
1766 1838 1790 1870 ϋῑ

351 1902 484 1954 cisse,
512 1918 640 1961 quem
663 1918 747 1944 non
768 1911 884 1946 lette
909 1900 1057 1944 secisse
1079 1910 1121 1944 et
1144 1899 1249 1943 dixit
1269 1910 1311 1943 et
1334 1899 1521 1958 scripsit,
1547 1907 1596 1942 ut
1622 1898 1743 1958 quasi
1775 1909 1787 1942 4

352 1973 518 2014 animos
555 1971 918 2014 tumultuantium
949 1970 1150 2013 deliniret
1183 1990 1190 2014 :
1221 1970 1324 2029 quid
1361 1969 1740 2028 respondebimus,
1766 1987 1767 1990 ¹

353 2057 452 2085 cum
479 2042 776 2085 exurrexerint
800 2042 985 2100 perversi
1012 2042 1226 2093 homines,
1249 2041 1526 2099 prohibentes
1546 2042 1740 2100 nuptias,
1772 2041 1786 2079 ’Ϊ

356 2128 465 2171 qnos
486 2113 658 2156 sumi-os
681 2114 770 2171 ipse
794 2112 1103 2170 prsenuritiavit
1122 2147 1131 2164 ,
1165 2122 1204 2154 ct
1235 2112 1423 2155 dixerint
1447 2121 1584 2155 toturn
1610 2101 1740 2168 illud,
1783 2132 1786 2144 ·

356 2182 477 2241 quod
509 2182 621 2226 idem
656 2183 887 2242 Apostolus
921 2182 974 2225 (le
1004 2182 1371 2225 matrimoniorum
1400 2182 1498 2242 jure
1531 2172 1743 2228 firmando
1787 2203 1790 2215 ·

357 2252 530 2296 locutus
553 2263 615 2296 est
633 2257 649 2279 '²
670 2289 680 2308 ,
708 2263 883 2312 propter
908 2253 1102 2295 homines
1120 2288 1130 2305 ,
1158 2252 1231 2310 qui
1255 2252 1484 2296 dilectione
1506 2255 1742 2311 conjugum

362 2324 620 2367 tumultuari
645 2328 870 2383 poterant,
896 2322 1023 2366 fuisse
1046 2325 1275 2366 mentitum
1299 2342 1307 2367 ε
1333 2323 1494 2367 scilicet
1517 2339 1602 2367 non
1625 2323 1742 2382 quod

359 2395 443 2437 hoc
470 2396 671 2449 senserit,
707 2395 782 2439 sctl
818 2405 864 2438 ut
891 2394 1061 2438 illorum
1088 2392 1332 2452 placaretur
1359 2394 1624 2439 adversitas?
1656 2397 1744 2444 non

362 2481 471 2524 opus
489 2474 553 2509 est
576 2467 711 2510 multa
734 2481 1087 2510 commemorare.
1117 2469 1300 2510 Possunt
1320 2465 1433 2509 enim
1456 2465 1594 2510 videri
1617 2465 1744 2522 etiam

410 2556 419 2570 ¹
442 2549 510 2582 Gal.
534 2561 568 2592 ιι,
591 2550 639 2592 14.
663 2568 700 2573 --
716 2556 727 2571 ²
755 2562 765 2583 t
793 2550 873 2583 Tim.
894 2562 941 2591 xv,
963 2550 1004 2583 30
1022 2555 1056 2583 et
1077 2562 1086 2581 1
1110 2551 1182 2582 Cor.
1204 2561 1257 2587 vu,
1282 2561 1332 2582 ιο.
