1790 3187
336 209 416 251 418
778 223 811 248 s.
847 217 1077 249 Aucus'rmr
1109 215 1292 246 Er1scor1

331 287 535 332 adversus
558 286 751 345 Trojam‚
777 283 1106 330 dimicaverunt.
1127 285 1280 343 Neque
1298 282 1382 326 hoc
1398 279 1498 325 ideo
1519 278 1639 335 dico,
1663 288 1715 324 ut

331 357 480 402 oculos
501 356 642 402 cordis
660 355 863 415 recipias;
888 371 996 417 quos
1018 355 1127 400 absit
1147 364 1196 399 ut
1218 352 1407 398 amiseris
1431 371 1439 397 :
1466 351 1541 396 sed
1565 359 1615 396 ut
1636 349 1714 395 ad-

329 437 470 473 vertas
485 463 496 484 ,
523 443 631 489 quos
653 440 754 471 cum
776 426 933 472 habeas
951 441 1074 472 sanos
1097 431 1140 470 et
1163 423 1312 483 vigiles
1328 458 1340 478 ‚
1366 423 1508 468 nescio
1525 435 1611 482 qua
1629 421 1713 466 dis*

329 498 603 543 simulatione
620 497 867 553 advertisti,
888 506 937 541 ut
954 509 1042 542 non
1061 495 1307 540 intenderes
1329 508 1429 554 quae
1444 505 1714 553 consequan-

329 577 400 612 tur
433 569 610 614 adversa
627 603 638 624 ‚
669 568 704 612 si
734 567 866 612 semel
893 567 1107 612 creditum
1140 563 1290 620 fuerit,
1315 579 1439 624 posse
1458 563 1640 608 honeste
1663 572 1713 606 ac

327 639 398 698 pie
428 639 680 698 scriptorem
708 638 957 684 divinorum
983 636 1196 681 librorum
1227 635 1273 678 in
1303 634 1448 694 aliqua
1475 633 1540 678 sui
1571 630 1715 692 operis

326 717 450 767 parte
463 708 652 753 mentiri.

385 782 510 824 VIII.
550 779 811 838 Scripseram
834 778 936 822 hinc
954 779 1046 838 jam
1069 775 1303 837 aliquando
1324 775 1379 820 ad
1395 783 1438 819 te
1456 771 1681 834 epistolam
1698 806 1710 828 ,

325 865 424 909 quae
447 865 535 894 non
554 850 718 910 perlata
742 858 804 894 est
823 884 834 905 ⁷
859 850 960 908 quia
981 863 1062 893 nec
1086 845 1272 908 perrexit
1293 847 1363 892 cui
1385 843 1712 906 perferendam²

326 919 588 964 tradideram
616 939 624 964 :
650 935 700 963 ex
722 935 807 978 qua
824 918 935 963 illud
958 919 1064 963 mihi
1083 927 1335 977 suggestum
1352 925 1438 972 est,
1463 931 1564 961 cum
1585 915 1714 958 istam·

324 990 532 1035 dictarem
549 1025 560 1046 ‚
588 989 708 1051 quod
730 990 774 1033 in
795 990 877 1035 hac
899 1004 1075 1050 quoque
1092 989 1422 1049 praetermittere
1443 1002 1533 1032 non
1554 984 1710 1039 debui,

324 1069 372 1104 ut
396 1061 429 1103 si
450 1061 531 1104 alia
555 1069 618 1104 est
639 1060 852 1104 sententia
876 1069 974 1116 tua,
1005 1059 1245 1119 eademque
1266 1068 1330 1104 est
1363 1057 1516 1102 melior
1532 1092 1542 1112 ‚
1568 1053 1713 1100 timori

324 1145 420 1174 meo
436 1129 625 1174 libenter
647 1131 858 1189 ignoscas.
887 1130 929 1175 Si
946 1129 1059 1173 enim
1080 1129 1202 1173 aliter
1223 1129 1353 1173 sentis
1369 1163 1379 1183 ‚
1399 1140 1640 1185 verumque
1663 1133 1713 1169 tu

322 1201 453 1245 sentis
475 1204 600 1256 (nam
620 1200 701 1244 nisi
725 1215 874 1245 verum
897 1200 952 1244 sit
968 1199 1122 1244 melius
1144 1213 1233 1243 esse
1253 1213 1343 1243 non
1363 1199 1534 1257 potest)
1550 1205 1599 1240 ut
1621 1209 1713 1239 non

322 1270 463 1315 dicam
488 1269 630 1326 nulla,
658 1281 774 1316 certe
798 1286 887 1316 non
908 1283 1062 1329 magna
1090 1271 1219 1330 culpa
1241 1284 1363 1315 meus
1392 1284 1511 1314 error
1541 1268 1714 1315 veritati

324 1340 441 1385 favet
459 1376 469 1395 ‚
490 1342 523 1385 si
545 1350 660 1386 recte
679 1341 722 1385 in
739 1357 961 1402 quoquam
979 1342 1136 1386 veritas
1155 1350 1295 1401 potest
1310 1339 1453 1386 favere
1466 1339 1712 1384 mendacio.

386 1414 463 1456 IX.
500 1415 561 1456 De
596 1413 781 1471 Origene
814 1422 959 1457 autem
994 1411 1114 1473 quod
1145 1412 1380 1457 rescribere
1409 1412 1611 1470 dignatus
1643 1421 1710 1464 eS,

321 1482 411 1541 Jam
439 1483 626 1526 sciebam
652 1495 741 1527 non
769 1491 938 1528 tantum
966 1483 1010 1527 in
1039 1482 1333 1528 ecclesiasticis
1354 1481 1534 1537 litteris,
1566 1481 1642 1526 sed
1671 1480 1717 1524 in

329 1550 533 1596 omnibus
557 1562 672 1596 recta
699 1561 741 1596 et
761 1568 887 1608 vera,
913 1569 1013 1613 quae
1039 1552 1333 1598 invenerimus
1349 1589 1358 1607 ,
1385 1552 1624 1612 approbare
1648 1559 1715 1594 at-

330 1638 416 1682 que
437 1623 615 1667 laudare
630 1659 641 1677 ,
666 1622 772 1668 falsa
799 1639 901 1669 vero
923 1633 966 1667 et
986 1639 1116 1683 prava
1144 1624 1391 1683 improbare
1414 1632 1544 1682 atque
1566 1636 1716 1681 repre-

329 1693 534 1737 hendere.
565 1692 649 1738 Sed
670 1692 780 1737 illud
805 1693 860 1737 de
886 1693 1119 1752 prudentia
1142 1693 1426 1752 doctrinaque
1449 1703 1524 1737 tua
1546 1691 1718 1736 deside-

332 1764 504 1818 rabam,
529 1771 572 1807 et
601 1762 744 1807 adhuc
772 1764 995 1818 desidero,
1028 1773 1077 1807 ut
1109 1773 1210 1808 nota
1240 1764 1367 1807 nobis
1399 1761 1528 1807 facias
1555 1778 1604 1806 ea
1626 1763 1718 1821 ipsa

333 1834 423 1894 ejus
441 1843 579 1878 errata
598 1869 608 1889 ‚
629 1834 790 1893 quibus
809 1849 830 1878 a
849 1833 935 1878 fide
957 1834 1146 1879 veritatis
1164 1834 1236 1878 ille
1254 1835 1320 1879 vir
1336 1843 1483 1878 tantus
1500 1832 1718 1877 recessisse

334 1904 621 1949 convincitur.
647 1906 699 1948 In
720 1903 832 1947 libro
856 1904 985 1948 etiam
1007 1919 1097 1963 quo
1121 1913 1328 1958 cunctos,
1353 1918 1539 1963 quorum
1562 1901 1718 1946 memi-

335 1974 445 2017 nisse
469 1974 673 2032 potuisti‚
710 1975 936 2031 scriptores
968 1974 1274 2019 ecclesiasticos
1312 1983 1527 2017 eteorum
1561 1971 1720 2030 scripta

336 2042 703 2098 commemorasti,
729 2042 1026 2096 commodius,
1047 2052 1097 2086 ut
1120 2043 1304 2086 arbitror
1321 2077 1332 2097 ,
1358 2043 1502 2097 fieret,
1523 2042 1558 2086 si
1580 2041 1720 2085 nomi-

337 2113 448 2156 natis
480 2113 538 2156 eis
567 2127 676 2172 quos
703 2112 949 2156 haeresiotas
981 2126 1070 2155 esse
1109 2113 1250 2167 nosti,
1283 2111 1488 2171 (quando
1521 2125 1575 2155 nc
1608 2111 1720 2170 ipsos

337 2183 515 2243 quidem
538 2184 866 2242 praetermittere
880 2182 1091 2238 volueris)
1113 2183 1398 2242 subjungeres
1420 2183 1549 2226 etiam
1565 2182 1611 2225 in
1626 2181 1721 2240 qui-

338 2253 419 2297 hus
451 2254 633 2298 cavendi
666 2262 805 2298 essent
832 2271 840 2298 ι
869 2266 1119 2312 quanquam
1149 2252 1384 2297 nonnullos
1408 2253 1536 2296 etiam
1557 2259 1718 2312 praete-

337 2323 478 2378 rieris,
504 2324 624 2383 quod
648 2323 754 2368 scire
770 2337 972 2382 cuperem
991 2339 1080 2382 quo
1102 2323 1281 2367 consilio
1304 2321 1468 2367 sactum
1486 2322 1554 2367 sit.
1581 2324 1670 2366 Aut
1686 2321 1720 2365 si

336 2392 447 2438 illud
479 2393 687 2438 volumen
720 2393 832 2438 forte
856 2406 1033 2438 onerare
1061 2393 1263 2449 noluisti,
1293 2402 1341 2438 ut
1372 2391 1719 2438 commemoratis
1763 2418 1765 2422 ·

337 2464 571 2520 haereticis,
599 2480 688 2510 non
709 2464 889 2510 adderes
916 2465 961 2509 in
988 2465 1146 2524 quibus
1169 2480 1240 2510 eos
1268 2465 1480 2510 catholica
1503 2464 1719 2510 damnarit
1768 2479 1770 2482 ’

387 2554 396 2571 ¹
417 2547 614 2581 Profuturus,
