1790 3187
547 209 744 236 EPlSTOLA
778 211 821 236 x.
1294 202 1378 239 275

36 288 92 320 on
116 274 232 318 enim
262 272 404 316 brevis
427 281 489 316 est
515 272 608 323 via,
641 274 716 316 sed
743 281 858 316 tanta
881 272 1085 326 omnino,
1111 273 1232 333 cujus
1255 288 1382 332 pera-

25 342 149 390 endae
186 343 414 401 negotium
451 357 566 402 saepe
601 342 842 402 suscipere,
884 357 974 387 non
1011 343 1065 386 sit
1097 342 1152 386 ad
1183 353 1382 402 optatum

12 415 137 461 tium
168 414 425 473 pervenisse.
458 416 556 458 Huc
592 412 759 458 accedit
790 413 1018 458 infirmitas
1048 414 1262 473 corporis,
1296 431 1383 476 qua

12 499 78 539 '3⁰
99 499 277 544 quoque
297 518 308 538 ,
338 492 389 528 ut
419 485 556 539 nosti,
588 499 678 528 non
713 483 838 528 valeo
866 483 986 544 quod
1015 483 1142 540 volo,
1176 485 1255 529 nisi
1285 501 1383 530 om-

13 555 103 601 ·'no
118 553 313 599 desinam
329 553 572 614 quidquam
594 554 693 613 plus
713 553 826 599 velle
851 570 982 614 quam
1005 555 1145 600 valeo.

4 615 6 618 ¹
56 627 116 671 11.
143 624 439 670 Profectiones
460 640 563 684 ergo
587 641 695 684 quas
711 624 881 685 quietas
903 634 945 670 et
963 624 1109 670 faciles
1131 625 1294 670 habere
1311 641 1383 670 ne-

15 709 129 753 ‚ueas
145 730 158 749 ,
181 710 260 754 per
279 704 417 741 totam
438 695 628 755 cogitare
648 697 808 751 vitam,
833 711 923 741 non
945 704 1008 740 est
1031 696 1218 740 hominis
1235 696 1290 740 de
1311 695 1385 741 illa

16 781 86 811 ·na
112 765 290 821 ultima,
327 783 426 827 quae
460 782 576 812 mors
597 776 780 812 vocatur
797 802 808 822 ‚
835 766 1090 825 cogitanti83
1122 767 1177 811 de
1204 783 1290 827 qua
1315 766 1386 812 vel

5 835 86 881 ola
108 836 310 895 intelligis
339 853 438 882 vere
471 852 561 882 esse
583 836 880 896 cogitandum.
914 837 1042 880 Dedit
1063 837 1242 896 quidem
1271 840 1387 882 Deus

7 906 146 952 ·aucis
177 906 464 966 quibusdam,
497 922 607 966 quos
644 907 956 964 gubernatores
991 905 1268 950 ecclesiarum
1297 923 1388 952 esse

8 975 160 1040 oluit,
191 986 240 1022 ut
273 986 316 1021 et
345 976 464 1021 illam
487 992 576 1022 non
600 977 740 1021 solum
774 985 1051 1036 expectarent
1074 974 1270 1034 sortiter,
1311 977 1388 1023 sed

10 1084 13 1112 ἑ
42 1048 220 1103 acriter,
247 1048 377 1094 etiam
399 1048 721 1104 desiderarent,
752 1058 795 1093 et
817 1063 965 1093 earum
992 1049 1297 1094 obeundarum
1320 1050 1387 1095 la-
1434 1104 1443 1111 „

20 1133 124 1165 ores
143 1118 234 1163 sine
249 1118 342 1164 ullo
361 1134 522 1178 angore
544 1119 810 1178 susciperent
838 1137 846 1163 :
877 1118 952 1162 sed
974 1134 1118 1179 neque
1139 1119 1210 1175 iis,
1231 1122 1308 1180 qui
1331 1120 1388 1166 ad

20 1189 249 1249 ujusmodi
291 1189 687 1234 administrationes
732 1188 980 1248 temporalis
1018 1189 1197 1235 honoris
1240 1207 1387 1236 amore

27 1268 228 1320 aptantur
243 1295 254 1315 ,
279 1275 423 1320 neque
441 1275 614 1305 rursum
635 1260 685 1304 iis
700 1295 711 1315 ‚
736 1260 811 1320 qui
829 1275 929 1304 cum
949 1260 1033 1304 sint
1053 1261 1233 1320 privati,
1258 1278 1386 1322 nego·

23 1345 150 1376 osam
167 1332 302 1376 vitam
325 1339 558 1390 appetunt,
584 1331 667 1375 hoc
685 1339 858 1374 tantum
875 1330 1040 1374 bonum
1063 1332 1243 1376 concedi
1267 1333 1386 1377 arbi-

24 1420 25 1441 1
43 1415 90 1446 or
104 1435 115 1456 ‚
141 1411 191 1445 ut
211 1402 324 1445 inter
346 1402 548 1460 strepitus
569 1402 877 1461 inquietosque
890 1411 1132 1446 conventus
1149 1411 1281 1462 atque
1301 1403 1387 1447 dis-

14 1486 175 1526 ursus,
216 1486 318 1515 cum
350 1480 491 1515 morte
526 1470 865 1515 familiaritatem
886 1506 896 1525 ,
940 1487 1071 1531 quam
1110 1474 1347 1531 quaerimus
1373 1509 1384 1529 ,

26 1542 184 1599 ciant3
208 1540 401 1585 deificari
419 1542 534 1586 enim
553 1541 750 1600 utrisque
772 1542 817 1584 in
835 1541 925 1585 otio
945 1541 1119 1586 licebat.
1144 1545 1233 1586 Aut
1253 1543 1287 1587 si
1304 1544 1388 1588 hoc
1429 1597 1434 1607 .

4 1641 5 1647 κ
26 1611 156 1657 ,lsum
174 1622 260 1668 est,
279 1628 362 1672 ego
379 1627 474 1656 sum
497 1612 695 1656 omnium
712 1626 768 1655 ne
784 1611 926 1655 dicam
948 1612 1226 1657 stultissimus
1241 1648 1252 1668 ,
1272 1624 1389 1659 certe

27 1683 296 1730 ·navissimus
317 1702 326 1727 2
347 1683 417 1727 cui
439 1683 518 1726 nisi
540 1683 766 1741 proveniat
785 1682 988 1742 quaedam
1010 1698 1160 1727 secura
1182 1684 1364 1729 cessatio
1370 1687 1387 1740 j

29 1752 215 1797 'ncerum
236 1751 349 1797 illud
371 1753 536 1796 bonum
561 1760 734 1811 gustare
760 1760 891 1811 atque
913 1767 1058 1796 amare
1080 1767 1170 1797 non
1193 1768 1385 1811 possum.

13 1836 35 1854 ·-
51 1837 158 1881 agna
201 1822 438 1866 secessione
473 1837 497 1865 a
534 1820 731 1865 tumultu
772 1836 917 1864 rerum
960 1821 1203 1866 labentium
1228 1857 1238 1877 ,
1283 1824 1391 1867 mihi

15 1892 129 1939 {rede
148 1926 159 1947 ,
184 1907 292 1950 opus
314 1900 378 1935 est
393 1926 404 1946 ,
429 1900 479 1935 ut
508 1906 598 1935 non
621 1890 782 1934 duritia
803 1905 893 1934 non
920 1890 1122 1945 audacia,
1147 1907 1238 1936 non
1263 1893 1391 1952 cupi·

35 1962 136 2008 itate
162 1964 298 2007 inanis
323 1961 495 2022 gloriae,
521 1977 609 2006 non
639 1961 935 2020 superstitiosa
961 1962 1221 2007 credulitate
1250 1964 1327 2008 fiat
1347 1965 1395 2008 in

18 2035 201 2089 omine,
232 2033 341 2078 nihil
363 2033 530 2079 timere.
561 2032 672 2077 Hinc
695 2032 811 2076 enim
832 2032 884 2076 fit
910 2031 1022 2077 illud
1050 2034 1182 2078 etiam
1204 2033 1395 2079 solidum

39 2104 212 2154 audium
243 2104 375 2150 nullis
402 2105 583 2150 omnino
609 2103 774 2148 laetitiis
803 2102 893 2148 ulla
921 2119 974 2148 ex
999 2104 1215 2164 particula
1242 2105 1396 2150 confe-

35 2174 207 2220 endum.

68 2247 148 2290 111.
177 2244 306 2299 Quod
318 2245 351 2289 si
373 2253 575 2289 naturam
591 2244 832 2288 humanam
846 2242 943 2288 talis
958 2243 1046 2288 vita
1065 2259 1155 2288 non
1170 2244 1302 2300 cadit,
1323 2259 1402 2289 cur

0 2293 18 2324 ἢ
56 2314 244 2375 ‘quando
264 2316 409 2360 evenit
432 2316 511 2360 ista
533 2315 767 2373 securitas3
786 2329 866 2358 cur
879 2323 1002 2358 tanto
1019 2315 1164 2360 evenit
1185 2315 1398 2370 crebrius,

0 2357 19 2415 ’i‘-
39 2395 174 2445 ‚nanto
208 2386 391 2446 quisque
422 2386 468 2428 in
511 2384 669 2429 mentis
710 2383 1008 2444 penetralibus
1046 2384 1197 2429 adorat
1234 2386 1402 2429 Deum?

12 1354 17 1366 γ
