1790 3187
353 230 407 269 76
776 243 808 269 s.
846 240 1074 269 Aueusnm
1107 243 1286 270 El’lscom

352 307 464 350 »Dei
487 315 590 351 sunt
611 321 739 351 nemo
761 305 856 361 scit,
870 305 951 350 nisi
975 307 1156 365 Spiritus
1180 307 1306 351 Dei.»
1333 307 1412 351 Hic
1438 321 1538 365 ergo
1556 307 1729 367 spiritus
1783 304 1785 326 ²

349 377 535 421 hominis
558 391 656 421 cum
679 391 864 436 praesens
885 386 947 421 est
970 411 981 431 ‚
1004 376 1049 420 id
1078 385 1156 431 est,
1182 377 1376 421 intentus
1391 412 1402 429 ,
1428 386 1471 421 et
1499 393 1543 421 se
1570 377 1730 436 pietate
1757 401 1759 403 ·
1782 379 1783 392 ¹

347 448 522 507 subjicit
536 451 641 501 Deo,
659 446 860 506 intelligit
871 448 1002 492 homo
1017 462 1115 506 quae
1131 446 1379 506 spiritaliter
1389 448 1728 493 dicuntur.Cum

347 528 494 564 autem
510 517 671 562 diaboli
685 533 818 572 error,
834 527 1040 577 tauquam
1056 518 1233 562 absente
1256 517 1499 572 intellectu,
1520 518 1566 561 in
1589 518 1730 563 anima

348 589 613 643 dominatur,
628 588 799 632 adulter
815 597 892 632 est.
913 591 1054 632 «Voca
1078 603 1196 646 ergo,
1216 589 1374 647 inquit,
1398 589 1537 633 virum
1554 598 1725 642 tuum,»

346 659 392 704 id
413 668 491 714 est,
513 659 712 718 spiritum
736 660 810 718 qui
832 659 877 702 in
900 667 941 702 te
969 668 1048 712 est,
1069 675 1156 717 quo
1179 668 1320 717 potest
1338 660 1468 704 homo
1491 658 1730 717 intelligere
1778 659 1780 700 3}

344 729 568 787 spiritalia,
595 729 628 773 si
651 744 750 772 eum
782 729 853 773 lux
882 729 1070 773 veritatis
1102 728 1289 772 illustret
1316 747 1324 773 :
1354 730 1443 788 ipse
1466 729 1602 783 adsit,
1628 744 1727 773 cum
1777 789 1779 802 A

344 799 501 859 loquor
524 799 600 843 tibi
619 834 630 854 ,
656 808 705 844 ut
726 800 958 859 spiritalem
977 800 1111 858 possis
1138 800 1331 858 accipere
1352 814 1524 858 aquam.
1552 802 1608 842 Et
1629 815 1727 843 cum

344 869 417 915 illa
443 870 603 914 diceret
629 890 638 916 2
667 890 685 913 «
713 873 809 916 Non
830 871 971 915 habeo
998 872 1135 914 virum
1164 890 1172 914 :
1200 873 1342 924 Bene,
1368 870 1528 930 inquit,
1549 869 1689 913 dixisti
1715 892 1726 928 3
1776 885 1777 894 ¹

346 959 367 983 »
395 942 592 1001 quinque
614 943 728 986 enim
748 943 860 986 viros
886 942 1074 985 habuisti
1095 977 1104 996 ‚
1136 961 1154 983 «
1181 941 1224 985 id
1248 950 1332 996 est,
1363 942 1559 1001 quinque
1581 957 1729 985 sensus

342 1011 480 1055 carnis
496 1046 506 1065 ‚
545 1012 621 1071 qui
655 1021 697 1056 te
720 1013 762 1055 in
783 1013 920 1070 prima
949 1021 1077 1056 aetate
1100 1020 1326 1068 rexerunt3
1351 1030 1370 1053 «
1396 1021 1439 1054 et
1460 1026 1578 1055 nunc
1597 1026 1728 1070 quem
1775 1008 1777 1027 ³

345 1099 365 1122 »
390 1080 539 1136 habes,
566 1097 654 1126 non
670 1092 733 1126 est
746 1091 845 1126 tuus
867 1082 948 1136 vir,
969 1100 989 1122 u
1010 1083 1110 1141 quia
1134 1097 1222 1126 non
1238 1091 1300 1126 est
1319 1083 1362 1126 in
1381 1091 1421 1126 te
1435 1083 1625 1142 spiritus,
1652 1083 1729 1141 qui

341 1150 543 1208 intelligit
561 1155 714 1207 Deum,
738 1168 836 1196 cum
856 1168 944 1212 quo
965 1152 1207 1211 legitimum
1226 1153 1359 1212 possis
1378 1153 1538 1196 habere
1560 1167 1728 1196 connu-

340 1219 462 1263 bium
486 1240 497 1277 ς
521 1220 595 1264 sed
626 1236 743 1265 error
765 1221 921 1266 diaboli
947 1223 1091 1281 potius
1107 1222 1373 1274 dominatur,
1389 1223 1463 1283 qui
1485 1232 1529 1266 te
1550 1221 1726 1266 adulte·
1772 1234 1774 1278 J

341 1290 432 1334 rina
450 1291 820 1335 contaminatione
842 1292 1098 1350 corrumpit.

400 1362 461 1405 8⁰.
496 1363 552 1405 Et
587 1361 767 1406 fortasse
805 1371 854 1406 ut
883 1362 1226 1421 intelligentibus
1259 1363 1495 1417 indicaret,
1531 1363 1727 1422 quinque
1770 1401 1771 1412 ,

340 1440 600 1476 memoratos
631 1434 822 1492 corporis
851 1448 998 1477 sensus
1025 1434 1220 1493 quinque
1245 1434 1436 1477 virorum
1473 1435 1648 1478 nomine
1669 1435 1726 1477 si-

341 1502 558 1560 gnificari,
583 1513 680 1562 post
702 1504 897 1562 quinque
928 1505 1226 1563 responsiones
1255 1504 1448 1548 carnales
1472 1505 1549 1549 ista
1571 1504 1728 1548 mulier

338 1580 456 1616 sexta
488 1573 765 1631 responsione
802 1574 999 1617 nominat
1037 1574 1272 1618 Christum.
1314 1577 1422 1619 Nam
1462 1575 1599 1633 prima
1637 1575 1727 1633 ejus

338 1643 560 1701 responsio
575 1652 652 1696 est,
679 1663 699 1684 «
725 1646 789 1687 Tu
812 1658 912 1687 cum
935 1643 989 1687 sis
1007 1643 1203 1698 Judaeus‚
1220 1644 1443 1703 quomodo
1460 1659 1566 1688 ame
1579 1643 1727 1687 bibere
1766 1666 1768 1698 s

340 1729 360 1752 »
381 1712 490 1770 petis
505 1713 546 1756 ¹?
562 1729 581 1752 »
606 1711 819 1766 Secunda,
841 1731 860 1753 «
879 1713 1074 1766 Domine,
1097 1729 1239 1772 neque
1263 1714 1549 1758 hauritorium
1575 1713 1722 1768 habes,
1765 1736 1766 1754 i

340 1801 360 1825 »
388 1791 430 1826 et
449 1790 607 1841 puteus
629 1782 740 1826 altus
771 1791 848 1826 est.
878 1801 897 1823 »
927 1783 1083 1836 Tertia,
1114 1802 1133 1824 «
1161 1784 1367 1837 Domine,
1397 1782 1450 1827 da
1483 1783 1587 1826 mihi
1611 1784 1724 1828 hanc

343 1874 361 1895 »
387 1869 543 1913 aquam
557 1848 572 1908 ,⁸
592 1863 640 1897 ut
669 1869 811 1913 neque
828 1854 983 1908 sitiam⁷
1017 1868 1160 1913 neque
1181 1855 1352 1899 veniam
1376 1855 1462 1898 huc
1485 1855 1672 1899 haurire.
1701 1873 1720 1895 n
1763 1870 1765 1903 f

336 1926 516 1978 Quarta,
542 1926 678 1968 «Non
703 1924 842 1967 habeo
860 1923 1016 1967 virum.
1045 1943 1063 1963 n
1090 1925 1272 1977 Quinta,
1294 1924 1471 1968 «Video
1495 1926 1595 1984 quia
1622 1940 1723 1984 pro-
1762 1929 1764 1963 ἰ

340 2011 361 2035 »
388 1993 518 2053 pheta
533 2008 592 2046 es,
619 2003 759 2052 patres
778 1994 909 2037 nostri
925 1992 969 2036 in
988 2003 1134 2037 monte
1150 1994 1231 2037 hoc
1254 1994 1558 2038 adoraverunt.
1583 1996 1723 2039 »Nam
1761 2003 1763 2050 ξ

336 2072 378 2108 et
408 2064 488 2107 ista
508 2063 727 2123 responsio
748 2063 927 2107 carnalis
955 2072 1032 2107 est.
1057 2063 1313 2108 Carnalibus
1336 2065 1451 2107 enim
1474 2065 1600 2108 datus
1625 2065 1723 2108 sue-
1760 2084 1761 2090 ¹

336 2143 402 2178 rat
417 2134 539 2178 locus
561 2144 772 2188 terrean
794 2134 871 2178 ubi
888 2143 1060 2178 orarent
1080 2154 1088 2179 :
1110 2135 1319 2192 spiritales
1335 2144 1479 2179 autem
1504 2136 1548 2178 in
1571 2136 1722 2194 spiritu

336 2213 379 2248 et
413 2204 593 2248 veritate
625 2213 820 2248 oraturos
852 2204 1062 2248 Dominus
1090 2203 1210 2248 dixit.
1249 2206 1378 2257 Quod
1413 2214 1560 2263 postea
1590 2219 1720 2264 quam
1758 2257 1759 2261 Ἰ

335 2275 508 2319 locutus
525 2284 604 2329 est,
630 2284 743 2319 sexta
759 2275 948 2319 mulieris
971 2276 1190 2334 responsio
1208 2275 1429 2320 Christum
1449 2275 1610 2319 fatetur
1625 2290 1720 2319 om-

337 2345 458 2388 nium
492 2345 671 2388 istorum
700 2360 790 2389 esse
808 2345 1029 2389 doctorem
1063 2364 1070 2389 :
1108 2344 1213 2389 dicit
1246 2345 1388 2400 enim,
1427 2364 1446 2387 «
1488 2346 1582 2389 Scio
1621 2347 1720 2404 quia

340 2432 360 2455 »
387 2415 558 2458 Messias
582 2415 740 2469 veniet,
764 2415 839 2474 qui
866 2414 1023 2459 dicitur
1050 2414 1246 2458 Christus
1268 2434 1276 2459 :
1297 2430 1395 2459 cum
1419 2416 1600 2469 venerit,
1632 2417 1721 2474 ipse
1754 2453 1756 2480 ἐ

339 2503 359 2526 n
386 2485 510 2528 nobis
535 2486 813 2529 annuntiabit
842 2485 1002 2530 omnia.
1033 2503 1052 2526 »
1082 2484 1164 2530 Sed
1184 2485 1325 2530 adhuc
1348 2495 1482 2540 errat,
1500 2487 1599 2546 quia
1618 2501 1716 2530 eum
1753 2501 1755 2545 ᾗ

385 2576 393 2590 ¹
416 2571 505 2600 Joan*
530 2580 574 2610 iv,
597 2581 618 2612 9
636 2573 667 2602 et
686 2579 772 2611 seqq,
