1790 3187
357 242 439 282 378
793 250 825 277 S·
861 249 1091 280 AUGUs‘nm
1121 251 1303 283 EPISGom

354 316 569 373 Milevim,
591 314 712 376 quod
732 313 843 371 illic,
867 314 978 359 sicut
1006 315 1253 374 perhibent,
1276 314 1511 361 concilium
1539 316 1736 376 proxime

353 388 547 434 habituri
560 396 676 444 sunt,
700 383 932 430 ridiculum
954 394 1018 430 cst
1034 385 1193 441 dicere,
1219 386 1342 446 quasi
1356 385 1412 430 ad
1435 401 1504 431 me
1519 388 1736 446 pertineat

352 474 457 504 cura
479 458 668 518 propria,
689 456 770 502 nisi
794 456 1099 515 Hypponensis
1121 455 1340 501 Ecclesiae.
1365 457 1474 501 Mihi
1495 466 1587 502 tota
1606 459 1737 518 hujus

350 529 602 590 quaestionis
619 528 728 573 ratio
749 527 935 572 maxime
948 543 1049 573 cum
1063 527 1347 573 Proculeiano
1368 536 1446 572 est.
1460 527 1544 573 Sed
1566 529 1601 572 si
1620 528 1736 574 forte

350 601 559 659 imparem
587 613 631 643 se
660 606 801 658 putat,
833 598 957 657 cujus
992 596 1180 643 voluerit
1218 597 1398 656 collegae
1430 598 1499 642 sui
1533 597 1736 657 imploret

349 669 571 715 auxilium.
601 672 653 716 In
673 667 765 713 aliis
786 668 904 712 enim
935 668 1183 714 civitatibus
1211 677 1384 714 tantum
1408 668 1590 726 agimus,
1615 668 1736 728 quod

352 741 407 792 ad
441 739 677 786 Ecclesiam
709 739 924 798 pertinet,
948 748 1162 799 quantum
1189 737 1259 784 vel
1280 739 1335 783 ad
1356 754 1434 783 nos
1455 739 1732 798 permittunt,

351 810 421 858 vel
442 810 567 854 nobis
587 811 822 869 imponunt
843 809 1095 856 earumdem
1115 810 1342 856 civitatum
1373 810 1563 869 episcopi
1583 807 1736 854 fratres
1788 854 1790 859 ,

350 890 393 925 et
414 880 742 926 consacerdotes
765 880 916 926 nostri.

407 953 484 995 VI.
526 953 788 1010 Quanquam
809 960 852 994 et
878 952 958 994 iste
991 951 1068 1010 qui
1089 965 1133 995 se
1155 959 1221 996 tot
1251 965 1464 995 annorum
1484 950 1734 1010 episcopum

348 1022 475 1077 dicit,
501 1023 609 1081 quid
641 1023 688 1066 in
709 1038 778 1066 me
797 1031 952 1079 tyrone
973 1022 1140 1078 timeat,
1173 1023 1407 1081 quominus
1429 1037 1601 1067 mecum
1633 1021 1738 1066 velit

348 1091 547 1136 conferre
568 1107 829 1148 sermonem,
844 1094 1047 1137 nonsatis
1066 1091 1264 1151 intelligo
1287 1111 1296 1137 :
1316 1094 1348 1136 si
1365 1092 1612 1136 doctrinam
1628 1091 1736 1136 lihe-

347 1162 503 1207 ralium
534 1162 801 1217 litterarum,
832 1178 939 1222 quas
972 1161 1085 1206 forte
1115 1162 1205 1220 ipse
1233 1171 1309 1206 aut
1336 1178 1425 1206 non
1453 1161 1630 1217 didicit,
1661 1169 1736 1206 aut

345 1235 490 1278 minus
503 1234 651 1279 didicit
675 1256 686 1292 3
707 1234 814 1294 quid
831 1235 914 1279 hoc
932 1235 1119 1294 pertinet
1136 1234 1191 1277 ad
1209 1249 1304 1278 eam
1323 1234 1625 1293 quaestionem,
1637 1248 1736 1293 quae

345 1304 414 1350 vel
436 1304 491 1348 de
512 1305 669 1349 sanctis
694 1305 941 1364 Scripturis,
955 1304 1025 1350 vel
1048 1304 1322 1349 documentis
1343 1303 1639 1348 ecclesiasticis
1660 1312 1736 1348 aut

344 1374 531 1432 publicis
553 1375 827 1421 discutienda
848 1384 928 1431 est,
949 1377 994 1420 in
1015 1376 1176 1435 quibus
1206 1375 1279 1420 ille
1301 1391 1378 1436 per
1394 1385 1460 1420 tot
1482 1390 1617 1420 annos
1637 1389 1735 1420 ver-

345 1455 480 1502 satur,
511 1446 630 1490 unde
652 1447 698 1490 in
717 1448 776 1490 eis
803 1446 982 1491 deberet
1003 1461 1094 1491 esse
1108 1447 1320 1506 peritior?
1343 1451 1565 1491 Postremo
1583 1454 1644 1490 est
1666 1445 1735 1489 hic

343 1515 478 1560 frater
515 1527 557 1561 et
592 1517 757 1575 collega
792 1533 914 1562 meus
954 1519 1198 1563 Samsucius
1240 1519 1469 1578 episcopus
1512 1516 1735 1561 Turrensis

343 1586 558 1643 ecclesiae,
583 1589 658 1648 qui
680 1588 822 1633 nullas
845 1588 950 1633 tales
981 1588 1147 1645 didicit,
1180 1588 1329 1649 quales
1360 1590 1440 1633 iste
1469 1589 1628 1632 dicitur
1643 1586 1732 1631 for-

343 1657 523 1701 midare.
559 1662 655 1717 Ipse
687 1659 820 1714 adsit,
856 1669 956 1719 agat
990 1676 1091 1704 cum
1127 1660 1218 1704 illo.
1246 1660 1427 1716 Rogabo
1457 1674 1582 1713 eum,
1615 1667 1657 1701 et
1683 1666 1733 1702 ut

343 1728 517 1774 confido
537 1730 582 1774 in
600 1731 775 1775 nomine
795 1732 971 1786 Christi,
997 1730 1124 1776 facile
1141 1732 1247 1775 mihi
1271 1729 1498 1785 concedet,
1524 1738 1574 1773 ut
1594 1728 1731 1773 susci—

341 1801 433 1859 piat
453 1802 498 1845 in
528 1802 610 1846 hac
634 1804 820 1847 revicem
841 1818 981 1848 meam
1001 1838 1011 1858 ,
1033 1813 1077 1847 et
1098 1818 1198 1847 eum
1220 1803 1429 1847 Dominus
1451 1817 1531 1860 pro
1551 1800 1732 1845 veritate

341 1879 596 1927 certantem,
622 1874 818 1932 quamvis
847 1888 1045 1918 sermone
1064 1872 1329 1932 impolitum,
1354 1882 1502 1916 tamen
1528 1885 1628 1915 vera
1644 1868 1731 1913 fide

342 1940 578 1997 eruditum,
605 1944 716 1987 sicut
744 1943 1021 1999 confidimus,
1047 1943 1287 2003 adjuvabit.
1313 1941 1442 1988 Nulla
1472 1956 1573 1999 ergo
1603 1954 1730 1984 causa

342 2020 433 2064 est,
468 2027 546 2055 cur
567 2013 622 2057 ad
644 2014 749 2060 alios
771 2015 916 2059 nescio
937 2029 1047 2073 quos
1070 2013 1258 2068 deterat,
1292 2027 1347 2056 ne
1369 2012 1481 2056 inter
1501 2027 1580 2056 nos
1607 2007 1730 2069 quod

343 2080 398 2126 ad
419 2097 497 2127 nos
518 2084 706 2141 pertinet
735 2099 1008 2143 peragamus.
1046 2087 1133 2130 Nec
1161 2093 1338 2138 tamen,
1363 2092 1414 2128 ut
1443 2082 1561 2139 dixi,
1598 2081 1729 2126 etiam

344 2150 440 2198 illos
457 2153 651 2212 defugio,
675 2156 710 2200 si
727 2170 878 2200 eorum
895 2157 986 2214 ipse
1002 2155 1141 2214 poscit
1162 2154 1383 2200 auxilium.
