1790 3187
609 279 806 308 emsa-on
841 281 962 309 xxvx.
1391 271 1470 311 331

149 351 235 395 Nos
257 348 338 391 iter
358 347 619 390 immensum
638 345 925 400 disterminat,
951 354 994 389 et
1006 344 1133 404 plaga
1158 347 1295 404 ponti.

150 418 367 466 Interfusa
389 421 576 471 coe'rcet,
596 432 717 461 amor
728 417 970 461 contemnit
988 428 1239 478 utrumque.

148 489 314 535 Gaudia
333 489 406 548 qui
428 503 634 547 spernens
654 486 900 540 oculorum,
922 503 1092 546 semper
1106 488 1245 533 amico

149 561 340 606 Absente
354 558 545 615 fruitur,
569 558 775 617 quoniam
802 558 856 601 de
878 558 1008 602 corde
1025 558 1244 617 profundo

149 632 331 683 Pendet,
357 639 400 674 ct
423 631 606 674 internae
627 630 808 674 rimatur
831 630 991 689 pabula
1015 631 1153 674 fibrae.

149 705 321 746 Interea
344 702 519 746 venient
537 717 830 761 quaecumque
851 700 998 746 futura
1020 702 1238 746 bonorum

151 774 319 832 Scripta
342 772 552 817 salutiferi
572 774 796 827 sermonis,
822 782 865 817 ct
887 773 959 817 illa
983 774 1177 832 priorum

149 844 478 904 AEquiparanda
503 843 629 897 favis,
651 854 857 904 reputans
881 860 980 903 quae
1001 854 1175 902 pectore
1197 844 1240 888 in
1259 844 1364 899 alto,

147 918 420 974 Conceptum
438 915 481 957 in
502 913 644 957 lucem
668 915 871 958 vomuisti
894 925 1146 958 nectareum
1167 915 1269 967 mel,

151 990 409 1031 Praesentem
431 986 520 1044 ipsa
545 986 648 1028 mihi
666 994 707 1028 te
730 985 930 1038 reddent,
952 986 985 1028 si
1009 985 1114 1028 mihi
1134 1001 1299 1029 morem

149 1057 352 1111 Gesseris,
379 1066 422 1099 et
439 1056 573 1099 libros
591 1055 751 1115 quihus
770 1059 780 1081 ¹
805 1057 847 1099 in
868 1066 910 1099 tc
929 1057 1045 1099 lenta
1066 1057 1281 1102 recumbit

149 1128 315 1172 Musica
339 1126 582 1180 tradideris,
605 1142 705 1170 nam
723 1126 867 1171 ferveo
889 1137 1006 1171 totus
1024 1128 1067 1171 in
1094 1127 1205 1172 illos.

151 1202 325 1252 Annue,
352 1199 410 1242 sic
427 1198 552 1242 nobis
568 1213 720 1241 verum
739 1199 902 1242 ratione
920 1207 1128 1257 patescat,

153 1270 221 1314 Sic
245 1268 340 1328 plus
367 1268 557 1312 Eridano
582 1268 706 1323 fluat,
733 1278 776 1312 et
790 1270 992 1327 contagia
1009 1269 1163 1313 mundi

150 1339 459 1400 Nequidquam
482 1339 667 1384 volitent
684 1340 823 1384 nostri
837 1340 1003 1384 circum
1027 1355 1127 1384 arva
1145 1339 1306 1384 coloni.

151 1476 227 1519 IV.
263 1476 276 1500 ¹
316 1474 359 1519 Si
392 1489 539 1518 versus
578 1484 676 1518 tuus
713 1474 944 1518 momentis
976 1472 1231 1518 inordinatis
1265 1489 1490 1532 perversus

92 1555 229 1600 esset,
265 1545 299 1588 si
327 1546 414 1589 suis
434 1544 606 1604 legibus
631 1561 720 1589 non
744 1554 902 1599 staret,
938 1545 972 1588 si
1005 1544 1217 1588 mensuris
1251 1544 1490 1603 imparibus

92 1632 216 1662 aures
240 1616 449 1661 auditoris
482 1616 754 1671 ostenderet,
780 1617 966 1676 puderet
1002 1626 1045 1661 te
1073 1627 1205 1672 certe,
1232 1633 1312 1662 nec
1341 1616 1492 1661 differ·-

92 1704 159 1734 res
187 1704 268 1733 nec
290 1687 517 1732 desisteres
541 1688 683 1733 donec
705 1688 951 1741 ordinares,
972 1690 1231 1746 corrigeres,
1264 1698 1488 1744 statueres,

93 1775 288 1820 aequares
309 1775 481 1803 versum
510 1768 652 1814 tuum,
686 1760 895 1803 discendo
914 1769 957 1803 et
982 1759 1154 1818 agendo
1177 1769 1313 1804 artem
1338 1760 1490 1804 metri-

93 1847 187 1876 cam
208 1831 416 1875 acerrimo
433 1829 594 1884 studio,
621 1840 664 1874 et
685 1829 836 1874 labore
865 1830 1066 1890 quolibet
1093 1849 1102 1876 ε
1123 1830 1232 1890 quid
1252 1846 1352 1876 cum
1374 1832 1493 1874 inor-

93 1902 269 1947 dinatus
285 1903 375 1961 ipse
389 1903 660 1960 perverteris,
677 1917 778 1946 cum
802 1901 972 1961 legibus
989 1902 1063 1946 Dei
1086 1902 1146 1946 tui
1166 1903 1257 1961 ipse
1279 1918 1366 1945 non
1386 1911 1489 1957 stas,

95 1989 238 2034 neque
269 1973 312 2017 in
337 1973 506 2032 agenda
531 1973 618 2018 vita
640 1974 833 2017 honestis
864 1984 1043 2018 tuorum
1065 1974 1195 2027 votis,
1224 1983 1266 2018 et
1287 1973 1390 2017 huic
1411 1974 1491 2032 ipsi

96 2044 329 2088 eruditioni
352 2053 440 2088 tuae
468 2043 684 2099 concinis,
709 2044 1006 2105 abjiciendum
1032 2053 1132 2103 post
1165 2054 1333 2102 tergum
1368 2054 1494 2104 putas

97 2126 139 2160 et
161 2115 496 2174 negligendum,
519 2117 640 2175 quasi
665 2131 753 2174 prae
768 2131 875 2159 sono
894 2116 1055 2175 linguai
1073 2125 1160 2160 tuae
1177 2115 1230 2159 sis
1253 2116 1333 2159 tibi
1351 2117 1492 2171 vilior,

98 2197 140 2232 et
153 2187 449 2246 incompositis
473 2187 668 2231 moribus
686 2187 806 2246 quod
825 2187 1013 2232 offendis
1036 2202 1160 2231 aures
1178 2187 1251 2231 Dei
1266 2186 1406 2231 levius
1421 2187 1493 2241 sit,

97 2274 229 2318 quam
252 2258 282 2301 si
306 2258 583 2317 incompoitis
605 2257 781 2315 syllabis
809 2259 894 2302 tuis
916 2257 1197 2316 grammatica
1219 2266 1496 2302 succenseret

101 2328 347 2374 auctoritas.
376 2328 537 2374 Scribis
563 2348 571 2373 ;

157 2466 195 2509 Ο
216 2465 323 2508 mihi
338 2473 572 2509 transactos
590 2474 761 2508 revocet
777 2464 810 2507 si
834 2463 1014 2521 pristina
1036 2463 1148 2508 soles

159 2535 360 2581 Laettficis
382 2551 536 2580 aurora
555 2535 675 2589 rotis,
695 2550 805 2595 quos
826 2533 964 2578 libera
981 2542 1124 2579 tecum

151 2640 158 2653 ¹
187 2633 264 2664 Vide
285 2631 381 2664 libros
394 2633 434 2663 de
446 2632 584 2665 Musica.
603 2649 643 2655 —
658 2639 670 2655 ²
695 2631 778 2664 Alias
795 2631 896 2673 Epist.
915 2642 979 2662 xu.
