1790 3187
340 225 419 262 192
773 236 805 262 s.
842 232 1072 262 Aucvs'ruu
1105 235 1285 262 EPISCOI‘I

334 299 447 343 mala
469 298 692 344 voluntate
723 314 877 344 nocere
903 300 1066 359 appetit
1099 318 1107 344 ε
1134 309 1279 343 tamen
1310 299 1494 344 nocendi
1524 308 1708 359 potesta-

335 378 422 413 tem
445 385 533 413 non
567 370 721 428 accipit
742 370 820 412 nisi
844 371 897 413 ab
919 369 1009 424 illo,
1035 370 1116 414 sub
1135 385 1223 429 quo
1246 378 1347 413 sunt
1366 370 1509 414 omnia
1527 370 1651 413 certis
1672 379 1714 414 et
1751 408 1753 410 ,
1774 388 1777 399 ν

331 439 456 498 justis
482 440 732 483 meritorum
763 439 967 498 gradibus
996 440 1207 483 ordinata.
1245 440 1354 492 Quia
1388 440 1498 484 sicut
1530 455 1617 484 non
1652 449 1714 484 est

334 509 445 554 mala
473 510 672 554 voluntas
698 526 721 554 a
754 513 863 564 Deo,
896 512 953 554 sic
975 526 1062 554 non
1093 520 1156 555 est
1186 519 1371 570 potestas
1403 511 1486 554 nisi
1520 527 1542 554 a
1573 513 1706 555 De0¹.

335 581 537 632 Quamvis
554 581 667 624 enim
685 580 738 624 sit
755 580 800 623 in
818 581 1027 639 cujusque
1044 589 1255 640 potestate
1273 580 1378 639 quid
1398 580 1520 634 velit,
1547 596 1635 624 non
1653 590 1715 625 est

335 659 479 694 tamen
506 651 551 694 in
586 652 798 711 cujusque
832 660 1043 711 potestate
1079 650 1186 710 quid
1216 651 1347 709 possit
1368 650 1436 694 vel
1462 650 1601 694 facere
1624 651 1714 695 cui·
1768 667 1771 682 i

334 735 465 779 quam
489 719 558 764 vel
580 736 602 764 a
625 736 846 780 quoquam
869 721 973 780 pati.
1003 723 1110 766 Nam
1134 730 1175 764 et
1197 721 1286 779 ipse
1308 721 1441 764 Filius
1465 721 1617 765 unicus
1640 722 1715 765 Dei

336 782 536 848 passurus
559 791 613 834 ad
647 799 819 849 tempus
843 790 1066 834 humiliter
1102 790 1267 834 homini
1308 790 1493 849 superbe
1520 790 1716 850 loquenti

333 870 376 904 et
423 861 608 915 dicenti,
652 860 771 920 quod
809 869 1066 920 potestatem
1112 861 1292 904 haberet
1344 860 1568 905 occidendi
1617 875 1715 904 eum

333 931 401 976 vel
431 932 694 976 dimittendi.
744 951 760 972 «
795 935 891 977 Non
914 933 1094 976 haberes
1114 967 1124 986 ‚
1153 932 1322 991 inquit,
1357 932 1401 975 in
1426 947 1493 975 me
1526 941 1714 990 potesta-

336 1019 356 1043 »
381 1011 490 1056 tem,
529 1002 608 1045 nisi
647 1002 747 1046 data
780 1002 859 1046 tibi
890 1012 999 1046 esset
1029 1002 1252 1062 desuper2.
1287 1022 1305 1043 η
1342 1002 1547 1046 Diabolus
1588 1003 1714 1046 etiam

334 1072 483 1117 volens
509 1089 664 1118 nocere
688 1075 805 1134 justo
828 1074 920 1118 viro
951 1075 1057 1129 Joh,
1095 1074 1281 1119 nocendi
1309 1074 1488 1133 quidem
1518 1073 1716 1117 voluntas

334 1143 510 1187 diabolo
532 1153 644 1199 erat,
675 1143 747 1188 sed
772 1153 917 1188 tamen
941 1161 962 1188 a
992 1145 1176 1189 Domino
1206 1148 1295 1188 Deo
1322 1153 1575 1203 potestatem
1603 1152 1716 1201 pete-

335 1214 432 1267 hat,
476 1213 645 1269 dicens,
682 1234 700 1256 «
739 1215 865 1260 Mitte
904 1231 1082 1259 manum
1122 1225 1267 1271 tuam2
1299 1224 1343 1260 et
1385 1224 1513 1273 tange
1546 1229 1715 1258 carnem
1756 1231 1760 1275 i

337 1301 357 1324 »
383 1284 502 1343 ejus3
526 1303 534 1328 ε
557 1303 577 1325 »
604 1286 800 1344 quamvis
820 1288 904 1330 hoe
926 1294 1062 1339 esset,
1087 1285 1118 1329 si
1144 1285 1488 1343 permitteretur,
1514 1285 1604 1344 ipse
1627 1284 1717 1327 fac-
1756 1280 1758 1290 ³

334 1363 472 1399 turus.
501 1358 644 1414 Ipsam
672 1356 785 1399 enim
815 1356 1136 1415 permissionem
1167 1356 1341 1415 petebat
1371 1356 1455 1399 hoe
1489 1354 1636 1408 modo,
1676 1363 1717 1398 et
1753 1409 1756 1420 ὑ

334 1439 512 1468 manum
541 1425 712 1469 Domini
737 1425 982 1484 appellabat
1004 1426 1251 1485 permissam
1276 1441 1298 1469 a
1325 1425 1510 1469 Domino
1539 1438 1715 1468 manum

334 1509 478 1540 suam,
504 1494 549 1538 id
572 1504 661 1550 est,
691 1496 826 1554 ipsam
861 1505 1116 1554 potestatem
1150 1511 1279 1555 quam
1314 1494 1487 1539 volebat
1508 1494 1713 1553 accipere.

333 1565 414 1608 Cui
436 1566 639 1624 congruit
657 1565 765 1609 illud
781 1567 824 1610 in
843 1566 1095 1624 Evangelio,
1117 1566 1237 1626 quod
1255 1567 1465 1609 Dominus
1490 1564 1717 1623 Discipulis
1750 1585 1752 1593 ν

331 1635 405 1689 ait,
435 1654 454 1676 «
481 1639 572 1680 Hac
591 1646 718 1681 nocte
737 1636 971 1696 postulavit
996 1640 1171 1682 Satanas
1190 1653 1344 1682 vexare
1370 1652 1446 1699 vos
1463 1637 1574 1680 sieut
1601 1635 1716 1680 triti-
1748 1637 1751 1670 ἓ

334 1723 353 1746 »
381 1721 481 1749 cum
496 1707 527 1749 4.
558 1724 577 1747 »
608 1707 756 1750 Dictus
790 1716 852 1751 est
883 1723 986 1765 ergo
1017 1708 1188 1766 spiritus
1222 1708 1297 1751 Dei
1321 1706 1481 1761 malus,
1508 1707 1590 1750 hoe
1626 1714 1714 1760 est,

332 1775 527 1820 minister
550 1777 624 1820 Dei
646 1776 700 1820 ad
720 1776 969 1821 faciendum
999 1777 1043 1821 in
1065 1776 1162 1822 Saiil
1178 1812 1188 1832 ‚
1215 1776 1334 1837 quod
1359 1792 1458 1820 eum
1482 1777 1570 1836 pati
1583 1776 1716 1835 judex
1744 1790 1748 1816 ι

333 1847 777 1905 omnipotentissimus
801 1847 1042 1908 judicabat.
1078 1848 1292 1901 Quoniam
1327 1847 1499 1906 spiritus
1535 1845 1607 1889 ille
1640 1860 1716 1889 vo-

333 1915 502 1960 luntate
523 1933 608 1977 qua
631 1917 769 1961 malus
791 1927 896 1972 erat,
924 1934 1013 1962 non
1036 1927 1126 1961 eiat
1153 1917 1264 1961 Dei:
1292 1926 1487 1961 creatuia
1506 1931 1609 1960 vero
1633 1930 1715 1975 qua

331 1986 532 2031 conditus
560 1998 672 2042 erat,
705 1997 748 2032 et
774 1997 986 2047 potestate
1021 2003 1152 2048 quam
1182 2003 1270 2032 non
1299 2003 1397 2041 sua,
1433 1986 1508 2031 sed
1544 1985 1714 2030 Domini

335 2057 530 2101 omnium
555 2059 759 2117 aequitate
796 2068 1039 2117 acceperat,
1066 2059 1142 2102 Dei
1174 2068 1278 2102 erat
1308 2058 1448 2101 Veiba
1477 2057 1604 2101 etiam
1629 2049 1741 2115 ipsa

338 2128 656 2186 Scripturarum
682 2129 738 2172 ita
773 2145 816 2173 se
848 2130 1046 2173 habent:
1079 2148 1098 2171 «
1124 2132 1178 2173 Et
1207 2129 1414 2188 perrexit,
1450 2128 1608 2188 inquit,
1641 2129 1714 2171 Sa-

339 2215 358 2238 »
385 2197 520 2253 muel,
548 2207 590 2242 et
612 2199 718 2243 abiit
734 2199 778 2242 in
802 2201 1030 2252 Ramaffla,
1057 2208 1099 2242 et
1117 2199 1288 2257 spiritus
1308 2199 1478 2243 Domini
1501 2198 1672 2242 recessit
1693 2211 1714 2240 a
1736 2240 1737 2258 ἶ

338 2286 358 2309 »
386 2267 487 2313 Saul
501 2278 544 2313 et
566 2269 897 2329 compiehendit
918 2285 1015 2314 eum
1045 2270 1219 2328 spiritus
1241 2270 1454 2328 malignus
1473 2285 1494 2313 a
1513 2269 1710 2322 Domino,
1735 2265 1737 2268 ¹
1782 2291 1784 2302 r

340 2354 360 2378 »
390 2347 432 2381 et
468 2338 713 2383 suffocabat
747 2355 860 2383 eum.
902 2343 958 2383 Et
987 2340 1189 2383 dixerunt
1227 2340 1348 2398 pueri
1379 2339 1479 2384 Sati!
1505 2339 1558 2382 ad
1586 2353 1682 2381 eum
1701 2334 1735 2405 3j‘

341 2424 361 2447 η
387 2410 498 2452 Ecce
520 2409 694 2468 spiritus
729 2410 900 2454 Domini
919 2410 1132 2468 malignus
1155 2410 1339 2454 sussoeat
1362 2418 1403 2453 te
1421 2412 1450 2452 ⁵.
1476 2428 1495 2449 n
1520 2411 1611 2452 Hoc
1636 2407 1733 2466 igi-³

388 2515 395 2532 ¹
417 2511 512 2542 Rom.
534 2515 937 2555 x111,1.—²Joan.x1‹,
962 2511 1093 2545 11.—3
1120 2513 1193 2553 Job,
1215 2524 1249 2553 ir,
1271 2513 1300 2545 5.
1320 2530 1358 2535 —
1374 2511 1388 2542 4
1409 2514 1484 2544 Luc
1506 2522 1584 2552 xxii,
1605 2511 1656 2542 31
1677 2525 1731 2532 -

341 2563 355 2588 5
380 2576 390 2598 ι
417 2567 493 2610 Reg.
512 2578 577 2610 xw,
603 2568 654 2609 13,
673 2571 707 2601 et
723 2579 810 2612 seqq.
