1790 3187
590 169 781 193 ,ι’νιςιυω
824 171 909 195 xxi.
1365 164 1445 197 281*

63 231 450 291 supplicationibus
491 233 819 291 prosequimur,
865 243 1003 276 totum
1059 234 1199 278 colere
1252 237 1445 293 profecto

0 313 3 328 ¹
33 337 37 380 Ι
62 302 303 347 videamur.
330 320 350 342 »

20 395 37 430 Ι,
120 375 176 416 ΙΙ.
197 391 217 413 «
244 371 326 417 Sed
342 371 637 430 impatientem
660 387 730 416 me
753 388 843 417 esse
862 374 967 418 tanti
986 376 1156 429 erroris,
1181 376 1451 423 dissimulare

18 430 36 504 li
61 457 145 488 non
174 457 364 501 possum.
391 443 498 496 Quis
520 443 635 486 enim
665 443 776 487 ferat
798 443 893 488 Jovi
916 443 1098 489 fulmina
1126 446 1316 490 vibranti
1336 463 1447 506 prae-

23 511 36 560 'i
61 511 158 558 ferri
176 511 442 571 Mygdonem
460 548 471 567 ,
488 514 668 566 Junoni‚
690 515 1095 568 MinervaeNeneri,
1123 517 1352 577 Vestaeque
1370 521 1447 564 Sa-

17 561 35 647 ‘l
59 598 185 638 naen,
211 593 253 627 et
275 585 442 628 eunctis
470 587 577 643 (pro
601 584 749 642 nefas)
766 585 846 630 diis
869 585 1185 631 immortalibus
1207 590 1446 634 archimar-

18 673 20 679 ’
58 663 196 714 tyrem
221 656 622 715 Namphanionem,
659 657 772 700 inter
808 673 918 716 quos
956 657 1129 702 Lucitas
1163 659 1291 703 etiam
1330 661 1447 707 haud

0 742 2 748 ·
57 727 221 771 minore
234 725 354 770 cultu
369 727 618 786 suscipitur,
631 736 762 787 atque
777 727 848 771 alii
864 729 1141 774 interminato
1159 733 1449 790 numero(diis

0 803 2 823 ³
57 796 396 857 hominibusque
425 798 571 841 odiosa
602 798 805 852 nomina)
831 799 907 858 qui
937 800 1202 844 conscientia
1231 801 1449 848 nefando-

0 884 2 890 ’
55 883 149 913 rum
172 867 431 922 facinorum,
448 868 590 927 specie
608 868 806 927 gloriosae
827 869 990 922 mortis,
1007 869 1166 914 seelera
1185 887 1261 916 sua
1273 873 1448 918 sceleri-

0 956 2 961 ’
58 939 136 985 bus
167 940 443 984 cumulantes
466 939 648 997 dignum
686 939 883 983 moribus
911 939 1127 1000 factisque
1163 943 1250 986 suis
1284 944 1447 989 exitum

0 1019 1 1025 ’
57 1010 256 1056 maculati
290 1021 560 1070 repererunt.
586 1013 750 1055 Horum
778 1009 903 1055 busta
934 1010 967 1055 si
993 1023 1235 1057 memoratu
1266 1013 1447 1072 dignum

27 1070 31 1086 ’
56 1089 132 1133 est,
156 1079 316 1126 relictis
338 1081 527 1140 templis,
553 1080 760 1140 neglectis
785 1083 1000 1142 majorum
1024 1097 1204 1126 suorum
1227 1086 1445 1142 manibus,

27 1176 30 1183 ·
55 1150 173 1196 stulti
197 1150 495 1211 frequentant,
520 1152 579 1196 ita
616 1161 665 1195 ut
708 1152 965 1211 praesagium
988 1153 1097 1197 vatis
1124 1154 1240 1199 illius
1266 1155 1447 1216 indigne

26 1201 30 1268 l
53 1220 228 1267 ferentis
249 1222 454 1267 emineat.
479 1241 499 1263 »

360 1346 458 1388 Inque
472 1347 572 1377 Deum
589 1344 717 1386 templis
737 1344 858 1385 juravit
872 1345 971 1376 Roma
986 1354 1043 1386 per
1060 1345 1190 1377 umbras
1209 1353 1230 1374 ¹.

110 1465 130 1487 «
166 1446 248 1491 Sed
272 1446 379 1490 mihi
402 1447 483 1491 hac
511 1455 766 1506 tempestate
790 1447 1110 1505 propemodum
1139 1446 1313 1493 videtur
1346 1451 1440 1496 bel-

50 1515 137 1561 lum
162 1517 386 1562 Actiacum
415 1533 561 1562 rursus
583 1526 801 1570 exortum,
833 1532 922 1576 quo
944 1517 1151 1577 AEgyptia
1182 1531 1373 1566 monstra
1394 1523 1437 1567 in

25 1586 344 1633 :Romanorum
370 1591 479 1633 Deos
508 1587 699 1633 audeant
737 1586 823 1632 tela
854 1587 1040 1642 vibrare,
1086 1590 1266 1635 minime
1300 1592 1434 1638 dura-

48 1665 185 1702 tura.»

103 1732 213 1774 lit«
233 1730 316 1774 Sed
339 1728 448 1773 illud
470 1745 633 1789 quaeso,
657 1730 722 1773 vir
737 1729 1068 1788 sapientissime,
1094 1731 1156 1774 uti
1180 1743 1348 1778 remoto
1365 1736 1434 1780 fa—

47 1801 215 1846 cundiae
237 1801 389 1845 robore
410 1811 541 1861 atque
563 1799 754 1860 exp1050‚
769 1817 854 1860 qua
874 1802 1042 1846 cunctis
1063 1801 1205 1847 clarus
1227 1820 1286 1859 es,
1303 1808 1433 1852 omis-

22 1868 25 1918 !
46 1872 95 1919 sis
116 1873 243 1917 etiam
268 1873 428 1933 quibus
449 1887 640 1931 pugnare
657 1871 825 1916 solebas
841 1873 1122 1933 Chrysippeis
1144 1879 1430 1934 argumentis,

45 1944 278 2004 postposita
315 1944 542 2003 paululum
579 1942 821 1996 dialectiea,
856 1959 955 2002 quae
994 1959 1226 1989 nervorum
1252 1963 1430 1994 suorum

12 2010 23 2028 ‘¹
46 2012 276 2059 luctamine
299 2014 408 2059 nihil
437 2015 542 2059 certi
564 2014 768 2072 cuiquam
793 2012 1039 2073 relinquere
1071 2016 1241 2071 nititur,
1264 2018 1353 2078 ipsa
1388 2036 1431 2065 re

47 2086 271 2144 approbes,
289 2087 386 2145 quis
407 2086 460 2130 sit
482 2087 561 2130 iste
588 2088 715 2138 Deus,
737 2100 867 2144 quem
893 2085 1014 2129 vobis
1041 2087 1291 2143 Christiani,
1310 2093 1432 2150 quasi

46 2156 265 2215 proprium
289 2157 532 2209 vindicatis,
553 2165 595 2200 et
620 2157 662 2199 in
687 2155 792 2200 locis
816 2156 973 2199 abditis
998 2168 1254 2215 praesentem
1277 2175 1351 2205 vos
1372 2163 1426 2205 vi·

47 2224 144 2270 dere
160 2226 434 2286 componitis.
453 2229 539 2271 Nos
552 2226 712 2269 etenim
735 2225 838 2269 deos
857 2236 1025 2270 nostros
1047 2225 1145 2270 luce
1167 2227 1310 2286 palam
1332 2242 1432 2276 ante

18 2309 22 2345 ἑ
47 2297 205 2352 oculos,
224 2308 354 2356 atque
372 2313 496 2341 aures
518 2297 714 2341 omnium
735 2297 983 2340 mortalium
1006 2297 1084 2356 piis
1106 2299 1308 2357 precibus
1327 2302 1432 2347 ado-

18 2349 21 2429 Ι
48 2382 210 2422 ramus,
240 2378 283 2412 et
301 2384 377 2428 per
396 2384 546 2412 suaves
569 2368 728 2412 hostias
752 2368 960 2427 propitios
989 2368 1114 2412 nobis
1136 2369 1370 2427 efficimus,
1391 2384 1434 2418 et

17 2430 21 2500 i
48 2452 71 2482 a
87 2440 250 2484 cunctis
272 2440 366 2484 haee
388 2439 507 2485 cerni
531 2448 574 2483 et
598 2438 771 2498 probari
793 2437 1117 2483 contendimus.
1145 2458 1164 2479 »

17 2519 20 2586 [
97 2531 100 2543 ²
130 2525 244 2557 Lucani
265 2535 381 2558 rei-sus.

233 2590 362 2618 CXLv.
1202 2581 1248 2617 19
