1790 3187
608 208 803 235 zris'rom
841 209 963 234 xxm.
1395 197 1476 233 333

91 283 363 334 expectas-ne
383 273 565 326 Licenti,
585 281 632 316 ut
650 271 1082 330 Augustinusjubeat
1102 282 1479 325 conservo-sumet

91 360 179 389 non
205 342 379 403 plangat
404 344 547 403 potius
570 342 727 387 frustra
758 343 915 402 jubere
946 341 1180 386 Dominum
1213 356 1368 399 suum3
1392 343 1479 388 imo

88 429 175 458 nou
200 414 372 474 jubere,
398 413 473 458 sed
495 414 677 458 invitare
700 422 743 456 et
762 428 912 471 rogare
933 412 1121 471 quodam
1144 411 1291 466 modo,
1327 422 1376 456 ut
1402 413 1478 473 qui

87 484 315 539 laborant,
354 485 603 529 reficiantur
626 484 680 528 ab
703 485 793 527 coP
820 482 904 528 Sed
937 482 1139 527 videlicet
1174 482 1406 527 fortissimo
1437 493 1479 528 et

87 555 330 615 praefidenti
348 556 478 610 collo,
491 557 650 616 jugum
670 554 824 598 mundi
837 556 945 614 jugo
959 554 1118 600 Christi
1142 554 1475 615 estjucundius:

87 627 162 685 qui
185 627 218 670 si
240 626 438 671 laborare
464 643 542 670 nos
571 635 744 684 cogeret
764 661 775 681 ‚
798 625 896 669 vide
917 627 1014 685 quis
1048 636 1242 683 cogeret,
1268 641 1354 685 qua
1372 641 1479 670 mer-

88 697 194 741 cede
222 706 409 755 cogeret.
432 697 552 740 Vade
570 698 613 740 in
636 697 938 756 Campaniam,
959 696 1076 740 disce
1101 696 1329 741 Paulinum
1354 713 1479 757 egre-

88 766 205 826 gium
230 777 272 811 et
292 776 488 812 sanctum
516 766 590 811 Dei
612 783 802 821 servum,
829 783 959 826 quam
985 767 1192 825 grandem
1219 767 1375 812 fastum
1395 785 1477 813 sae·-

85 836 171 882 culi
203 839 330 899 hujus
348 874 358 894 ,
392 848 513 882 tanto
544 839 843 897 generosiore,
872 849 1037 898 quanto
1061 839 1291 883 humiliore
1313 840 1478 885 cervice

84 907 390 953 incunctanter
418 910 674 963 excusserit,
704 918 754 952 ut
782 925 876 953 eam
911 909 1119 952 subderet
1151 911 1311 953 Christi
1341 912 1476 969 jugo,

85 978 196 1024 sicut
218 980 415 1024 subdidit
437 1000 445 1025 :
474 990 516 1024 et
539 995 656 1023 nunc
679 980 754 1023 illo
786 979 1057 1023 moderatore
1083 979 1248 1024 itineris
1270 981 1335 1024 sui
1354 981 1480 1041 quie-

87 1057 170 1103 tus,
192 1059 235 1093 et
258 1051 479 1094 modestus
504 1050 668 1094 exultat
693 1069 702 1094 z
731 1049 867 1104 Vade,
892 1050 1009 1094 disce
1034 1050 1193 1109 quibus
1220 1051 1378 1110 opibus
1412 1052 1478 1095 in-

84 1120 198 1179 genii
230 1121 436 1164 sacrificia
464 1120 605 1165 laudis
635 1121 672 1164 ei
697 1120 877 1175 offerat,
904 1119 1141 1164 refundens
1163 1119 1225 1164 illi
1261 1121 1478 1182 quidquid

83 1191 188 1235 boni
211 1192 377 1251 aceepit
398 1207 448 1235 ex
469 1191 561 1246 illo,
587 1207 642 1235 ne
665 1192 836 1236 amittat
857 1193 1019 1245 omnia,
1045 1192 1078 1235 si
1102 1207 1190 1236 non
1212 1192 1256 1235 in
1282 1208 1333 1237 eo
1356 1208 1479 1251 repo-

83 1272 159 1307 nat
183 1279 206 1306 a
230 1279 319 1322 quo
342 1264 436 1307 haec
458 1263 607 1307 habet.

142 1336 219 1378 VI.
256 1335 372 1387 Quid
396 1337 585 1379 aestuas?
607 1334 714 1395 quid
736 1335 950 1379 fluctuas?
972 1334 1079 1394 quid
1097 1335 1479 1392 imaginationibus

85 1404 406 1449 mortiferarum
429 1406 706 1465 voluptatum
731 1420 880 1449 aurem
903 1406 1226 1459 accommodas,
1253 1415 1295 1449 et
1323 1407 1479 1450 avertis

17 1495 19 1515 ι
82 1491 104 1519 a
140 1475 291 1519 nobis?
325 1478 625 1530 mentiuntur,
667 1477 940 1531 moriuntur,
977 1476 1020 1519 in
1064 1484 1247 1519 mortem
1279 1477 1474 1521 trahunt.

16 1563 18 1576 ἢ
82 1547 358 1592 Mentiuntur
377 1548 545 1592 Licenti
562 1583 572 1602 ‚
605 1568 625 1590 «
658 1549 716 1592 sic
739 1548 864 1592 nobis
881 1547 1037 1605 (sicuti
1063 1549 1215 1606 optas)
1233 1562 1382 1590 verum
1408 1564 1478 1592 ra-

86 1635 106 1658 »
132 1618 298 1662 ratione
332 1628 524 1678 patescat
557 1638 566 1663 :
603 1618 662 1663 sic
690 1617 788 1678 plus
816 1618 1008 1662 Eridano
1043 1618 1166 1661 ssuat.
1199 1636 1218 1658 »
1248 1620 1342 1662 Non
1373 1617 1479 1662 dicit

82 1704 232 1733 verum
270 1691 350 1735 nisi
382 1691 550 1734 Veritas
577 1710 585 1735 ε
618 1690 816 1735 Christus
841 1699 903 1733 est
933 1690 1088 1733 veritas
1121 1710 1129 1734 :
1161 1690 1384 1734 veniamus
1422 1691 1478 1734 ad

82 1775 179 1804 eum
199 1796 208 1814 ,
233 1776 288 1804 ne
308 1761 570 1805 laboremus.
594 1764 650 1805 Ut
673 1761 764 1820 ipse
786 1776 864 1804 nos
886 1760 1071 1812 reficiat,
1096 1759 1299 1804 tollamus
1319 1761 1476 1820 jugum

14 1860 15 1890 ;
80 1832 170 1891 ejus
204 1847 334 1891 super
357 1847 459 1886 nos,
484 1842 528 1876 et
549 1832 767 1876 discamus
789 1832 844 1875 ab
873 1846 946 1885 eo,
973 1831 1181 1890 quoniam
1211 1831 1325 1874 mitis
1349 1841 1412 1875 est
1435 1840 1478 1875 et

12 1948 15 1968 1,
79 1903 256 1948 humilis
279 1903 433 1957 corde,
461 1913 504 1948 et
532 1904 805 1947 inveniemus
834 1903 1028 1963 requiem
1051 1902 1277 1946 animabus
1300 1903 1471 1947 nostris.

12 1977 14 1986 ’
79 1977 241 2034 Jugum
266 1976 381 2020 enim
406 1977 496 2035 ejus
522 1975 621 2019 lene
646 1985 708 2019 est
727 2011 736 2027 ‚
764 1975 929 2019 sarcina
960 1975 1051 2034 ejus
1079 1973 1184 2018 levis
1212 1984 1290 2018 est.
1318 1974 1475 2018 Ornari

79 2046 154 2090 abs
178 2057 219 2090 te
251 2046 451 2091 diabolus
484 2046 656 2105 quaerit.
689 2046 730 2091 Si
754 2045 932 2090 calicem
963 2060 1142 2089 aureum
1166 2045 1401 2089 invenisses
1430 2046 1475 2088 in

79 2125 188 2162 terra
206 2152 217 2170 ‚
248 2118 431 2161 donares
459 2116 583 2161 illum
608 2117 798 2161 ccclesiae
827 2116 918 2161 Dei.
947 2116 1160 2175 Accepisti
1183 2132 1205 2160 a
1231 2119 1320 2160 Deo
1347 2116 1474 2175 inge-

80 2187 200 2231 nium
221 2187 470 2246 spiritaliter
486 2203 667 2231 aureum
684 2223 695 2242 ,
719 2196 762 2231 et
779 2187 995 2231 ministras
1013 2187 1114 2230 inde
1132 2186 1389 2229 libidinibus
1402 2221 1412 2239 ‚
1432 2195 1476 2230 et

80 2257 123 2302 in
144 2258 220 2303 illo
245 2261 411 2304 Satanae
440 2259 644 2318 propinas
674 2268 715 2302 te
740 2259 908 2317 ipsum?
937 2258 1031 2301 Noli
1055 2258 1261 2311 obsecro,
1298 2257 1357 2300 sie
1392 2257 1474 2300 ali-

79 2329 255 2388 quando
279 2330 462 2384 sentias,
493 2345 624 2389 quam
661 2330 812 2373 misere
847 2338 889 2372 et
911 2327 1158 2371 miserando
1180 2337 1356 2386 pectore
1380 2328 1474 2371 liaec

80 2401 319 2460 scripserim
344 2421 354 2457 3
379 2411 421 2445 et
444 2400 681 2444 miserearis
698 2400 787 2459 jam
811 2401 893 2443 mei
913 2434 922 2453 ,
947 2399 980 2443 si
1006 2398 1084 2442 tibi
1106 2397 1281 2442 viluisti.
