1790 3187
336 189 417 226 324
767 196 799 223 3.
838 198 1065 224 Auousnm
1100 198 1278 224 Eriscom

332 265 525 324 abjectus
546 277 634 306 esse
661 262 705 304 in
738 261 870 304 domo
908 261 1089 304 Domini.
1118 261 1202 305 Sed
1224 261 1294 305 cui
1316 260 1478 319 placuit
1495 275 1717 319 segregare

335 350 402 378 me
423 334 478 377 ab
501 342 624 376 utero
649 331 794 374 matris
810 346 935 386 meae,
951 340 994 375 et
1017 331 1070 375 ab
1087 332 1271 375 amicitia
1288 332 1425 375 carnis
1442 342 1483 375 et
1499 332 1716 389 sanguinis

335 404 390 448 ad
407 404 585 462 gratiam
607 417 728 446 suam
753 402 938 455 trahere,
959 401 1099 444 eidem
1119 401 1283 460 placuit
1300 402 1472 460 inopem
1492 417 1560 445 me
1578 401 1718 446 omnis
1760 392 1788 420 '⁰

334 476 437 520 boni
465 473 631 527 meriti,
656 473 859 517 suscitare
884 471 938 516 de
961 482 1072 516 terra
1095 483 1136 516 et
1167 473 1222 516 de
1244 472 1340 516 lacu
1363 473 1648 525 miseriarum,
1669 486 1719 516 ac

334 546 389 589 de
413 545 506 588 luto
529 542 646 587 faecis
670 542 875 597 educere,
901 551 950 586 ut
971 541 1203 586 collocaret
1232 557 1300 586 me
1331 558 1430 586 cum
1450 542 1719 602 principibus

334 615 485 675 populi
507 614 571 657 sui
589 648 599 668 ,
626 622 667 656 et
693 622 858 671 partem
891 628 1027 656 meam
1058 613 1102 656 in
1125 621 1200 656 tua
1229 623 1342 657 sorte
1368 622 1564 672 poneret,
1603 621 1652 657 ut
1677 621 1719 657 te

337 694 567 745 praestante
591 684 769 736 meritis,
795 684 938 727 ossicio
961 683 1145 727 sociatus
1165 699 1376 742 aequarer.
1400 701 1420 724 η

394 759 446 800 V.
469 776 489 798 «
513 755 855 813 Praesumptione
872 755 1003 812 igitur
1021 770 1109 798 non
1130 769 1241 807 mea,
1269 754 1343 798 sed
1366 754 1526 813 placito
1543 763 1584 798 et
1599 754 1718 798 ordi-

337 828 512 871 natione
547 825 731 879 Domini,
752 824 1029 868 fraternitatis
1055 834 1142 869 tuac
1164 826 1269 869 mihi
1285 825 1447 869 foedius
1481 840 1716 884 usurpans,

337 907 458 941 tanto
470 895 673 954 indignus
687 897 851 939 honore
866 911 934 939 me
947 895 1125 954 dignor,
1141 897 1242 955 quia
1257 906 1299 940 te
1313 913 1391 956 pro
1404 906 1477 941 tua
1494 896 1719 941 sanctitate

334 977 453 1012 certo
475 967 578 1020 scio,
606 980 705 1009 nam
730 966 909 1010 veritate
937 966 1063 1024 sapiS,
1092 982 1180 1010 non
1201 966 1285 1010 alta
1304 982 1467 1026 sapere,
1488 966 1562 1011 sed
1581 966 1720 1009 humi-

334 1038 451 1081 libus
478 1051 730 1094 congruere.
758 1036 951 1095 Ideoque
978 1046 1178 1095 prompte
1205 1046 1247 1080 et
1264 1037 1415 1081 intime
1442 1047 1719 1095 recepturum

335 1123 461 1168 spero
488 1108 742 1152 charitatem
772 1106 1026 1150 humilitatis
1058 1117 1214 1151 nostrae
1232 1142 1243 1162 ,
1269 1124 1399 1167 quam
1433 1108 1609 1167 quidem
1628 1108 1717 1167 jam

334 1179 544 1237 recepisse
573 1187 615 1221 te
641 1193 718 1236 per
743 1178 1036 1221 beatissimum
1059 1177 1325 1222 sacerdotem
1349 1177 1555 1238 Alypium
1582 1182 1594 1233 (
1618 1178 1719 1237 quia

336 1250 558 1308 dignatur)
581 1257 746 1307 patrem
771 1257 967 1291 nostrum
991 1248 1181 1292 confido.
1204 1251 1243 1292 Is
1260 1248 1373 1292 enim
1398 1249 1485 1292 sine
1513 1248 1649 1292 dubio
1665 1247 1720 1292 de

335 1336 380 1366 se
409 1321 490 1364 tibi
526 1318 772 1378 exemplum
808 1319 997 1378 praebuit
1030 1335 1107 1363 nos
1145 1328 1244 1363 ante
1281 1320 1480 1363 notitiam
1517 1329 1560 1363 et
1591 1334 1719 1378 supra
1754 1372 1756 1383 ξ

336 1393 537 1435 meritum
562 1389 786 1448 diligendi,
812 1391 888 1450 qui
915 1390 1158 1449 incognitos
1191 1391 1270 1434 sibi
1295 1406 1394 1444 nos,
1423 1400 1465 1434 et
1482 1389 1723 1450 longinqua·

334 1461 413 1506 soli
439 1461 507 1505 vel
529 1460 606 1504 sali
628 1459 954 1519 intercapedine
980 1460 1219 1519 disparatos
1236 1496 1246 1511 ,
1271 1461 1426 1518 spiritu
1449 1476 1564 1505 verae
1586 1460 1719 1505 dilec-

334 1532 487 1586 tionis,
519 1532 595 1590 qui
630 1531 795 1589 ubique
830 1540 872 1574 et
911 1540 1108 1588 penetrat
1130 1541 1173 1574 et
1200 1530 1459 1584 effunditur,
1494 1539 1537 1574 et
1573 1529 1720 1574 videre
1754 1533 1756 1542 '

335 1600 557 1658 diligendo
593 1602 763 1659 potuit,
796 1609 840 1643 et
873 1598 1140 1660 alloquendo
1176 1602 1433 1659 pertingere.
1479 1601 1558 1644 Hic
1594 1601 1720 1645 nobis

332 1673 472 1732 prima
495 1672 676 1716 affectus
699 1672 764 1714 sui
785 1671 1048 1715 documenta
1069 1707 1079 1724 ,
1104 1681 1147 1716 et
1181 1672 1400 1715 charitatis
1431 1681 1519 1715 tuae
1541 1672 1721 1730 pignora

332 1742 377 1786 in
410 1742 660 1800 supradicto
692 1741 824 1799 digno
855 1756 1036 1784 munere
1068 1741 1280 1785 librorum
1309 1741 1444 1785 dedit.
1477 1744 1533 1784 Et
1553 1751 1718 1800 quanto

331 1811 499 1857 studuit
521 1811 760 1871 impendio,
778 1820 827 1854 ut
846 1811 1116 1854 sanctitatem
1142 1821 1259 1854 tuam
1279 1826 1367 1854 non
1393 1811 1526 1869 ipsius
1548 1820 1717 1855 tantum

331 1883 489 1936 verbis,
515 1883 590 1925 sed
622 1881 791 1940 plenius
813 1880 1063 1939 eloquentia
1085 1890 1128 1924 et
1160 1882 1245 1925 fide
1280 1891 1352 1924 tua
1380 1882 1599 1940 cognitam
1631 1897 1718 1925 non
1754 1882 1777 1903 '¹

331 1968 553 2012 possemus
575 1967 717 1995 amare
754 1952 1044 2005 mediocriter,
1071 1961 1296 2011 tantopere
1324 1968 1494 1996 curasse
1513 1952 1718 1996 eumdem

329 2024 562 2076 credimus,
584 2031 632 2065 ut
651 2038 728 2066 nos
742 2023 923 2066 vicissim
941 2023 1072 2081 ipsius
1093 2023 1332 2066 imitatione
1354 2022 1592 2081 plurimum
1616 2022 1718 2067 dili·
1754 2029 1773 2060 t

329 2111 415 2154 gas.
438 2096 582 2139 Gratia
608 2096 682 2138 Dei
708 2104 868 2149 tecum,
893 2104 941 2138 ut
969 2104 1048 2148 est,
1078 2096 1123 2138 in
1152 2104 1363 2139 aeternum
1399 2105 1571 2139 maneat
1592 2104 1716 2154 opta-

329 2182 443 2219 mur,
469 2165 602 2210 frater
620 2166 663 2208 in
677 2166 849 2209 Christo
868 2166 1053 2209 Domino
1073 2166 1292 2219 unanime,
1317 2166 1589 2221 venerabilis,
1605 2166 1717 2210 desi-

328 2236 647 2281 derantissime:
666 2244 802 2279 totam
816 2235 1015 2289 domum,
1032 2245 1258 2279 etomnem
1280 2236 1502 2290 comitem,
1520 2246 1562 2280 et
1583 2252 1716 2281 aemu-
1753 2290 1755 2293 ι

330 2306 509 2350 latorem
532 2306 575 2348 in
606 2305 791 2349 Domino
822 2305 1055 2348 sanctitatis
1086 2313 1190 2357 tuae,
1226 2305 1414 2364 plurimo
1437 2306 1716 2350 fraternitatis

331 2378 546 2419 unanimae
564 2376 798 2420 salutamus
828 2376 1003 2420 affectu.
1031 2379 1187 2419 Panem
1222 2392 1377 2430 unum,
1399 2393 1528 2435 quem
1557 2377 1713 2420 unani-
1753 2373 1755 2384 ⁴

330 2448 489 2491 mittitis
507 2447 666 2491 indicio
683 2447 876 2491 misimus
896 2447 1093 2490 charitati
1114 2456 1215 2500 tuae,
1237 2462 1436 2504 rogamus
1459 2447 1711 2506 accipiendo
1752 2465 1754 2510 3

331 2517 609 2561 benedicas.»
