1790 3187
319 242 399 278 150
756 252 771 275 s
825 249 1049 275 At‘GL'sTm‘}
1089 251 1260 275 vti-iseum

319 338 335 358 »
361 315 625 375 spiritalibus
642 349 652 369 ,
673 314 747 358 sed
765 313 886 373 quasi
908 314 1152 358 carnalibus
1168 349 1179 368 ,
1206 323 1410 373 tanquam
1433 313 1622 373 parvulis
1643 315 1688 360 in

316 405 336 428 »
363 386 536 431 Christo
554 385 620 429 lac
635 385 756 428 vobis
779 393 932 442 potum
946 382 1067 438 dedi,
1095 400 1183 428 non
1205 399 1346 428 escam
1368 387 1398 428 1.
1428 403 1448 426 »
1473 385 1602 438 Quod
1619 385 1688 430 di·
1731 391 1733 393 ’

312 472 428 512 cens,
450 457 601 516 utique
622 454 810 500 ostendit
824 456 914 515 jam
936 465 1107 500 renatos
1128 455 1258 500 fuisse
1290 470 1366 514 per
1385 456 1567 515 gratiam
1587 490 1597 511 ,
1614 458 1690 517 qui

314 535 438 570 erant
470 525 636 586 parvuli
667 526 709 568 in
734 525 906 569 Christo
938 533 981 568 et
1011 525 1121 570 lacte
1142 525 1322 584 potandi
1344 560 1355 579 ,
1380 534 1422 569 et
1447 534 1594 569 tamen
1619 541 1690 572 eos

314 597 457 641 adhuc
478 595 668 640 carnales
684 603 824 639 vocat.
850 594 934 648 Qui
951 603 1096 639 autem
1118 594 1317 640 nondum
1339 604 1404 639 est
1419 596 1499 639 sub
1522 597 1656 654 gratia
1676 631 1688 652 ,
1753 650 1755 657 Ι

313 667 388 711 sed
412 667 494 710 sub
516 666 609 724 lege
629 700 640 720 ,
673 666 732 709 ita
751 664 932 710 carnalis
953 675 1017 710 est
1035 701 1046 721 ,
1077 675 1127 709 ut
1158 664 1356 710 nondum
1388 667 1442 710 sit
1472 675 1647 711 renatus
1668 683 1691 712 a

313 746 513 796 peccato,
537 735 610 780 sed
630 735 920 780 venumdatus
943 736 1025 779 sub
1049 745 1223 795 peccato
1246 755 1255 780 ε
1275 737 1480 795 quoniam
1503 737 1690 795 pretium

312 806 546 852 mortiferae
567 806 803 864 voluptatis
824 806 1101 864 amplectitur
1126 805 1404 850 dulcedinem
1426 805 1544 850 illam
1564 841 1575 862 ,
1606 823 1692 867 qua
1752 795 1754 802 ‚

314 877 477 921 fallitur
498 911 509 932 ,
541 886 584 920 et
620 876 860 920 delectatur
897 877 1025 920 etiam
1047 885 1198 920 contra
1221 876 1360 934 legem
1386 874 1527 920 facere
1545 911 1556 931 ,
1592 892 1690 921 cum

312 956 435 992 tanto
458 947 592 1006 magis
613 946 748 1001 libet,
775 955 940 1005 quanto
958 947 1101 990 minus
1123 946 1237 990 licet.
1264 950 1354 998 Qua
1379 948 1587 990 suavitate
1609 946 1692 990 frui

315 1035 403 1063 non
428 1026 569 1077 potest
587 1019 707 1078 quasi
730 1018 868 1076 pretio
886 1016 1146 1061 conditionis
1168 1033 1272 1072 suae,
1298 1019 1379 1062 nisi
1400 1027 1578 1075 cogatur
1598 1027 1693 1062 tan-

317 1104 449 1149 quam
471 1097 668 1146 emptum
697 1088 962 1146 mancipium
979 1088 1134 1131 servire
1150 1087 1335 1131 libidini.
1356 1088 1494 1132 Sentit
1515 1088 1630 1131 enirn
1652 1103 1696 1131 se

315 1174 488 1203 servum
506 1158 767 1202 dominantis
785 1157 1032 1216 cupiditatis
1047 1192 1058 1212 ,
1079 1159 1152 1217 qui
1169 1158 1440 1216 prohibetur,
1459 1167 1501 1202 et
1515 1173 1558 1202 se
1581 1167 1696 1202 recte
1751 1214 1753 1217 v

317 1229 536 1288 prohiberi
558 1227 796 1285 cognoscit,
822 1236 865 1270 et
886 1236 1031 1270 tamen
1049 1226 1165 1271 facit.

378 1300 437 1343 8⁰.
468 1318 487 1340 «
522 1298 650 1352 Quod
682 1298 795 1341 enim
825 1313 979 1357 operor
998 1333 1009 1351 ,
1035 1298 1093 1341 ait
1110 1333 1120 1350 ,
1153 1299 1304 1356 ignoro
1326 1301 1358 1341 ².
1386 1319 1402 1339 »
1428 1301 1525 1343 Non
1545 1299 1603 1342 ita
1627 1299 1697 1343 hic

318 1371 482 1416 dictum
507 1379 585 1424 est,
611 1389 630 1411 «
655 1371 823 1428 ignoro⁷
845 1389 862 1410 υ
887 1370 1009 1429 quasi
1031 1384 1208 1428 peccare
1222 1385 1264 1413 se
1278 1370 1453 1414 nesciat.
1470 1372 1577 1415 Nam
1593 1385 1699 1414 con—

317 1444 497 1486 trarium
522 1441 603 1484 erit
630 1441 749 1501 quod
788 1441 918 1494 dixit,
955 1460 974 1481 «
1013 1440 1094 1484 Sed
1131 1449 1353 1499 peccatum
1375 1474 1387 1489 ,
1418 1450 1468 1484 ut
1495 1450 1699 1500 appareat

322 1532 341 1554 »
361 1522 602 1572 peccatum,
620 1528 694 1571 per
716 1512 878 1555 bonum
900 1512 1003 1554 mihi
1025 1521 1250 1570 operatum
1272 1520 1333 1554 est
1358 1520 1540 1555 mortem
1556 1513 1616 1554 3.»
1644 1514 1699 1555 Et
1750 1535 1752 1574 ἐ

318 1583 428 1626 illud
465 1583 660 1641 superius
680 1617 690 1636 ,
727 1601 744 1622 «
783 1581 865 1626 Sed
900 1591 1127 1640 peccatum
1167 1597 1253 1625 non
1290 1582 1475 1639 cognovi
1506 1582 1586 1624 nisi
1623 1596 1699 1640 per

321 1673 341 1696 »
357 1654 538 1712 legem4.
562 1671 581 1694 »
603 1652 834 1706 Quomodo
854 1654 967 1696 enim
993 1662 1184 1712 apparet,
1211 1663 1287 1696 aut
1301 1653 1522 1711 quomodo
1543 1667 1698 1711 cogno-

322 1726 381 1768 vit
403 1725 523 1784 quod
546 1727 716 1783 ignorat
738 1725 756 1766 Ρ
780 1724 863 1768 Sed
881 1724 940 1767 ita
962 1723 1127 1767 dictum
1149 1733 1233 1778 est,
1259 1724 1482 1783 quomodo
1504 1723 1699 1767 dicturus

320 1805 384 1838 est
405 1795 613 1838 Dominus
636 1794 792 1853 impiis,
828 1813 844 1833 «
879 1796 976 1839 Non
995 1794 1095 1836 novi
1119 1809 1191 1837 vos
1214 1796 1244 1836 ⁵.
1276 1812 1294 1834 »
1319 1796 1468 1852 Neque
1489 1794 1602 1836 enim
1629 1793 1699 1836 ali-

320 1865 427 1925 quid
458 1868 596 1908 Deum
618 1863 724 1908 latet
740 1899 751 1918 ,
772 1863 949 1923 quando
976 1862 1122 1907 vultus
1145 1864 1316 1907 Domini
1339 1879 1467 1922 super
1498 1862 1699 1907 facientes
1748 1895 1751 1933 ξ

322 1936 431 1979 mala
455 1937 487 1989 ⁶,
510 1946 556 1978 ut
575 1934 726 1993 perdat
745 1935 797 1977 de
816 1944 926 1978 terra
953 1930 1203 1978 memoriam
1223 1950 1386 1978 eorum.
1412 1933 1496 1979 Sed
1516 1933 1700 1978 dicimur
1748 1970 1750 1976 ,

322 2005 558 2064 aliquando
581 2004 779 2062 ignorare
807 2005 928 2064 quod
956 2020 1042 2048 non
1073 2005 1378 2063 approbamus.
1412 2007 1476 2048 Ita
1501 2020 1602 2062 ergo
1625 2005 1696 2059 ait,
1748 2024 1750 2040 ν

326 2095 344 2117 ι(
362 2075 490 2128 Quod
505 2076 618 2118 enim
634 2090 805 2134 operor,
823 2076 998 2134 ignoro:
1018 2093 1038 2115 »
1061 2074 1103 2117 id
1122 2084 1199 2128 est,
1228 2090 1314 2118 non
1337 2074 1547 2133 approbo.
1573 2074 1699 2127 Quod

322 2155 636 2205 consequenter
649 2146 852 2199 ostendit,
869 2145 1016 2189 dicens
1037 2164 1044 2188 :
1071 2164 1090 2186 «
1109 2147 1205 2190 Non
1219 2145 1333 2189 enim
1352 2146 1474 2204 quod
1487 2145 1602 2200 volo,
1619 2147 1699 2190 hoc

325 2237 344 2258 »
371 2232 449 2275 ago
471 2237 481 2273 3
501 2217 575 2260 sed
592 2215 711 2275 quod
730 2215 818 2270 odi,
835 2215 942 2259 illud
966 2215 1090 2260 facio.
1122 2235 1140 2256 »
1165 2216 1293 2268 Quod
1308 2232 1410 2274 ergo
1433 2217 1518 2270 ait,
1542 2236 1561 2257 «
1581 2217 1697 2274 odi3»
1747 2246 1749 2253 ι

322 2288 405 2331 hoc
427 2288 500 2339 ait,
530 2306 550 2328 «
576 2286 727 2344 ignoro
752 2305 759 2330 :
790 2305 808 2327 »
835 2287 991 2346 quiaet
1009 2287 1169 2344 quibus
1185 2286 1379 2330 dicturus
1394 2296 1455 2330 est
1476 2288 1696 2341 Dominus,

325 2377 344 2400 «
371 2361 467 2402 Non
496 2358 596 2401 novi
614 2372 688 2401 vos
714 2378 725 2414 3
754 2376 771 2397 υ
797 2357 852 2400 de
879 2358 943 2400 his
961 2355 1022 2400 illi
1045 2356 1230 2411 dicitur,
1262 2376 1279 2398 «
1310 2357 1465 2412 Odisti,
1500 2358 1695 2412 Domine,
1746 2337 1748 2405 i

328 2450 343 2469 »
375 2428 615 2486 omnesqui
635 2437 868 2485 operantur
891 2428 1159 2486 iniquitatem
1182 2430 1211 2470 ⁷.
1238 2447 1256 2468 >›

401 2523 471 2549 (zor.
508 2531 560 2556 w,
601 2532 606 2549 ι
645 2524 806 2550 ‹²[2.—-²
839 2521 914 2549 Rom
948 2530 1009 2555 vu,
1048 2516 1181 2548 :Tm—‘³
1218 2517 1294 2548 lbi-l.
1330 2518 1375 2547 13.
1398 2515 1464 2541 —4
1497 2517 1576 2549 thid.
1609 2528 1637 2559 7,
1659 2535 1697 2541 --

324 2574 334 2594 >3
357 2578 465 2605 fanin..
489 2587 561 2609 xxv7
591 2574 1091 2613 1=.›.—-¹'‡l*c;·1.xx‹111,7.m7
1124 2574 1155 2604 Μ
1191 2584 1233 2610 ιιι,
1257 2584 1283 2612 7.
