1790 3187
1779 0 1790 42 l

1763 0 1768 136 i

356 233 436 271 198
783 240 816 268 s.
853 242 1083 270 nieus'rnu
1116 242 1294 270 13913001’1

353 327 373 352 »
401 308 640 367 phetabant
656 315 699 351 et
720 305 825 365 ipsi,
852 323 873 348 »
898 305 1013 350 idem
1033 307 1184 367 utique
1210 314 1301 351 erat
1322 306 1522 366 spiritus,
1547 309 1623 368 qui
1642 320 1732 358 erat
1761 316 1764 370 Ι

347 381 392 423 in
415 378 635 438 prophetis
650 412 660 432 ,
688 378 801 421 inter
822 392 932 437 quos
959 386 1002 422 et
1025 376 1198 442 Samuel
1230 377 1431 421 inventus
1453 386 1515 423 est
1544 397 1553 423 :
1579 394 1630 423 ex
1649 380 1740 428 hoc·
1760 375 1764 422 Ι

347 451 494 509 itaque
517 463 688 492 necesse
710 457 774 491 est
798 446 985 506 intelligi
1013 447 1137 492 illum
1161 448 1358 508 spiritum
1379 447 1562 493 bonum.
1589 452 1731 510 Atque

346 519 446 564 ideo
474 518 657 578 quaestio
680 516 913 576 diligenter
936 517 1206 562 discutienda
1235 527 1323 573 est,
1349 517 1572 578 quomodo
1601 529 1644 564 et
1671 520 1732 568 illi

346 605 448 635 cum
470 590 585 633 missi
608 597 748 633 essent
767 588 822 633 ad
840 588 1080 634 tenendum
1100 589 1322 633 hominem
1346 598 1388 633 et
1405 588 1460 633 ad
1478 604 1629 634 necem
1655 592 1732 637 ad·
1758 585 1790 653 11

345 659 599 705 ducendum
619 694 630 714 ,
671 659 746 703 tali
784 658 938 719 spiritu
978 659 1093 704 affici
1132 669 1406 715 meruerunt,
1438 669 1482 705 et
1512 660 1614 706 satit
1645 661 1733 722 ipse

344 731 420 791 qui
451 732 647 785 miserat,
684 730 862 775 veniens
889 739 933 775 et
963 730 1076 790 ipse,
1101 739 1144 775 et
1179 731 1433 789 sanguinem
1456 731 1732 779 innocentem

343 817 543 862 quaerens
578 801 834 857 effundere,
865 801 1062 861 accipere
1089 802 1248 846 meruit
1281 801 1406 846 illum
1431 803 1652 862 spiritum,
1692 813 1734 852 et

343 874 624 934 prophetare,

404 946 465 988 83.
495 944 574 988 Hic
595 943 803 987 nimirum
825 943 1017 988 occurrit
1035 942 1147 988 illud
1162 978 1173 999 ‚
1194 943 1316 1004 quod
1338 944 1556 1004 apostolus
1575 943 1733 992 Paulus

341 1016 607 1077 apertissime
627 1015 828 1075 exponit,
853 1015 1250 1075 supereminentem
1268 1016 1383 1061 viam
1403 1015 1729 1064 demonstrans:
1777 1004 1782 1013 ⁴

346 1106 366 1131 «
393 1088 436 1133 Si
465 1087 624 1146 linguis
657 1087 889 1131 hominum
927 1086 1110 1146 loquar,
1145 1088 1318 1147 inquit,
1356 1097 1400 1132 et
1435 1087 1732 1147 Angelorum,

342 1176 362 1199 »
389 1158 644 1202 charitatem
666 1167 814 1201 autem
841 1172 932 1202 non
955 1157 1142 1201 habeam
1163 1192 1174 1212 ,
1199 1156 1338 1202 factus
1361 1172 1457 1202 sum
1478 1157 1599 1203 velut
1625 1173 1733 1204 aera·
1754 1183 1758 1215 i

343 1248 363 1271 »
389 1238 587 1274 mentum
611 1244 768 1273 sonans
799 1238 875 1273 aut
898 1229 1154 1287 cymbalum
1180 1230 1380 1274 tinniens.
1402 1231 1460 1274 Et
1480 1229 1515 1274 si
1542 1229 1735 1277 habuero

344 1319 364 1342 »
390 1300 681 1360 prophetiam,
698 1309 741 1343 et
758 1299 895 1344 sciero
910 1299 1058 1344 omnia
1073 1309 1340 1345 sacramenta
1355 1308 1398 1343 et
1412 1315 1585 1344 omnem
1602 1302 1734 1346 scien-

344 1389 365 1413 »
391 1371 495 1415 tiam
513 1406 524 1426 ‚
547 1380 589 1415 et
608 1372 643 1415 si
666 1370 859 1415 habuero
877 1386 1055 1415 omnem
1078 1371 1211 1415 fidem
1231 1406 1242 1426 ,
1263 1371 1322 1416 ita
1339 1380 1390 1415 ut
1405 1381 1574 1416 montes
1592 1381 1732 1417 trans-

345 1460 366 1483 »
392 1441 551 1497 feram,
572 1442 827 1487 charitatem
847 1451 993 1486 autem
1018 1457 1107 1486 non
1130 1442 1338 1498 habeam,
1364 1442 1599 1487 nihilsum.
1628 1446 1684 1488 Et
1702 1445 1755 1489 sii

346 1532 366 1555 »
393 1513 655 1557 distribuero
678 1528 854 1558 omnem
879 1513 1171 1557 substantiam
1195 1528 1334 1557 meam
1351 1548 1362 1568 ,
1382 1522 1426 1558 et
1454 1514 1487 1557 si
1516 1514 1755 1567 tradidero,

346 1602 366 1625 »
391 1598 548 1643 corpus
575 1599 721 1627 meum
759 1593 807 1628 ut
837 1583 1041 1639 ardeam,
1079 1583 1335 1628 charitatem
1371 1592 1517 1627 autem
1540 1599 1630 1628 non
1659 1571 1754 1630 ha-¹

345 1674 366 1697 »
394 1656 520 1699 beam
538 1690 548 1710 ,
577 1654 686 1698 nihil
708 1655 810 1698 mihi
836 1655 1055 1714 prodest¹.
1085 1673 1104 1696 »
1140 1657 1238 1708 Quo
1265 1655 1309 1698 in
1339 1655 1436 1699 loco
1459 1655 1732 1702 manifestum

344 1734 408 1770 est
425 1741 527 1769 eum
549 1740 731 1769 munera
758 1723 832 1769 illa
864 1739 1248 1780 commemorasse,
1269 1741 1370 1784 quae
1395 1725 1578 1784 Spiritus
1601 1726 1733 1771 sancti

345 1796 629 1842 divisionibus
646 1797 805 1840 dantur
820 1831 830 1850 ,
856 1796 966 1840 sicut
984 1796 1180 1855 superius
1197 1796 1302 1840 dicit
1324 1815 1332 1841 ε
1360 1815 1380 1838 «
1402 1796 1646 1856 Unicuique
1665 1812 1734 1842 au·

349 1886 369 1909 »
395 1877 481 1912 tem
503 1868 632 1911 datur
655 1866 946 1911 manifestatio
980 1867 1163 1925 Spiritus
1180 1865 1236 1910 ad
1262 1866 1519 1924 utilitatem,
1546 1867 1617 1910 alii
1636 1867 1750 1927 qui-¹
1787 1894 1790 1906 ι

350 1958 369 1980 »
396 1938 498 1983 dem
529 1954 604 1998 per
635 1938 842 1997 Spiritum
878 1938 1007 1982 datur
1039 1953 1181 1982 sermo
1213 1939 1467 1997 sapientiae3
1495 1938 1565 1982 alii
1597 1953 1750 1996 sermo,

351 2029 371 2051 »
396 2010 586 2054 scientiae
600 2009 840 2054 secundum
856 2008 1057 2053 eumdem
1079 2009 1311 2068 Spiritum,
1330 2008 1454 2053 alteri
1470 2018 1616 2054 autem
1631 2009 1734 2055 fides

354 2082 445 2125 »in
482 2080 636 2125 eodem
674 2081 837 2139 Spiritu
864 2101 875 2138 3
906 2080 976 2124 alii
1017 2080 1196 2125 donatio
1233 2081 1509 2125 curationum
1559 2080 1605 2125 in
1647 2078 1749 2127 uno³

353 2171 373 2194 »
403 2152 564 2211 Spiritu
585 2173 595 2209 3
634 2150 707 2195 alii
729 2152 1000 2210 operationes
1022 2152 1236 2196 virtutum
1252 2187 1263 2206 ,
1289 2150 1360 2196 alii
1382 2152 1610 2212 prophetia
1628 2187 1640 2208 ,
1667 2150 1732 2197 alii

353 2222 654 2283 »dijudicatio
690 2223 941 2282 spirituum,
977 2222 1099 2266 alteri
1130 2237 1287 2281 genera
1322 2222 1587 2282 linguarum.
1628 2223 1748 2272 Om-!

353 2313 375 2337 »
401 2295 473 2338 nia
498 2302 644 2338 autem
673 2294 767 2338 haec
790 2302 995 2353 operatur
1012 2309 1125 2338 unus
1152 2303 1283 2354 atque
1304 2293 1419 2338 idem
1441 2293 1641 2353 Spiritus,
1665 2273 1747 2360 did
1787 2299 1790 2307 ⁴

354 2383 375 2407 »
401 2365 552 2409 videns
574 2365 748 2424 propria
770 2365 1009 2426 unicuique
1031 2374 1161 2424 prout
1183 2364 1321 2409 vult2.
1349 2382 1370 2406 »
1398 2365 1507 2409 Satis
1533 2380 1636 2424 ergo
1656 2361 1746 2423 sip-l

352 2445 474 2496 paret
504 2436 617 2480 inter
636 2436 751 2480 dona
776 2436 960 2495 Spiritus
995 2436 1131 2480 sancti
1162 2451 1252 2480 esse
1273 2436 1543 2495 prophetiam
1562 2470 1573 2491 ‚
1602 2418 1746 2496 quaml

352 2516 498 2551 tamen
531 2506 564 2550 si
598 2507 694 2566 quis
724 2506 905 2562 habeat,
937 2516 979 2550 et
1009 2506 1266 2551 charitatem
1295 2522 1383 2552 non
1414 2507 1602 2562 habeat,
1627 2497 1745 2559 nihili

405 2598 411 2612 ¹
439 2602 449 2622 ι
472 2592 542 2621 Cor.
562 2602 633 2631 xm,
655 2602 671 2632 7
698 2595 731 2622 et
754 2602 844 2634 seqq.
861 2608 900 2614 —-
918 2597 931 2612 ²
951 2591 984 2621 ld
1021 2603 1078 2629 xii,
1101 2601 1117 2632 7
1139 2595 1172 2623 et
1189 2602 1277 2633 seqq.
