1790 3187
368 173 450 218 194
807 184 841 210 s.
876 181 1107 212 Aueus'nm
1139 183 1320 212 nuscum

362 267 384 293 n
409 258 480 294 tur
507 263 621 294 unus
647 256 778 308 atque
801 247 918 292 idem
941 248 1141 308 Spiritus,
1161 247 1358 294 dividens
1378 247 1549 307 singula
1564 249 1734 299 unicui.

361 338 383 363 »
408 335 494 380 que
525 328 655 379 prout
682 318 791 364 vult.
828 336 847 359 >i
879 321 950 375 Et,
980 338 1000 362 «
1034 319 1272 365 Divisiones
1300 319 1585 364 donationum
1611 331 1732 378 sunt,

361 409 383 434 »
407 391 520 436 idem
540 400 684 435 autern
704 390 928 450 Spiritus¹.
951 409 970 433 »
997 394 1048 436 In
1062 391 1128 436 his
1142 390 1258 436 enim
1279 390 1482 435 omnibus
1497 391 1741 450 sententiis,'

357 478 437 508 nec
459 462 554 517 Dei,
585 477 665 506 nec
694 469 869 506 sanctus
897 471 961 506 est
987 462 1208 517 additum,
1235 470 1277 506 et
1300 470 1445 506 tamen
1470 462 1560 522 ipse
1577 462 1736 514 intelli-

356 532 486 592 gitur.
515 531 768 577 Sed=nescio
806 541 955 576 utrum
977 532 1207 578 manifesto
1242 531 1387 591 aliquo
1415 531 1615 591 exemplo
1636 547 1734 592 pro·-

354 603 449 647 bari
466 603 613 661 possit,
635 601 795 647 alicubi
816 602 1016 662 spiritum
1037 603 1115 648 Dei
1132 603 1298 648 dictum
1313 603 1403 647 sine
1422 601 1732 664 additamento,
1759 656 1761 663 ⁴
1784 619 1790 624 ”

353 672 432 716 ubi
468 673 650 732 Spiritus
686 672 759 717 ille
795 682 969 718 sanctus
1007 689 1097 718 non
1138 673 1428 732 significetur,
1466 672 1542 717 sed
1584 672 1761 734 aliquis³

350 738 547 804 quamvis
570 744 739 800 bonus,
764 754 933 789 creatus
956 754 1104 790 tamen
1132 753 1176 789 et
1206 743 1423 789 conditus.
1457 746 1566 797 Quae
1595 744 1735 803 profe»

353 823 510 864 runtur
529 814 647 859 enim
664 814 800 861 dubia
821 824 939 871 sunt,
964 824 1007 861 et
1024 814 1222 874 indigent
1245 814 1424 859 clariore
1445 813 1732 862 documento:

351 884 464 929 sicut
485 883 598 929 illud
621 885 743 945 quod
763 886 974 945 scriptum
1001 894 1093 941 est,
1123 904 1143 928 «
1176 884 1360 944 Spiritus
1390 884 1466 928 Dei
1494 883 1755 944 superfere-

353 972 373 996 »
400 955 529 1000 batur
555 971 685 1016 super
721 959 920 1018 aquam2.
955 975 975 999 »
1000 959 1111 1003 Nam
1133 965 1176 1001 et
1210 955 1272 1000 ibi
1297 955 1506 1015 Spiritum
1541 965 1758 1014 sanctum,

347 1027 540 1086 accipere
562 1026 668 1088 quid
697 1026 932 1087 impediat,
964 1043 1054 1072 non
1076 1027 1297 1072 invenioss.
1325 1028 1437 1072 Cum
1460 1026 1577 1071 enim
1599 1041 1733 1087 aqua-

348 1111 445 1141 rum
480 1098 656 1142 nomine
686 1097 762 1142 illa
791 1098 989 1143 materies
1021 1098 1265 1142 insinuetur
1291 1096 1516 1153 informis,
1555 1112 1654 1157 quae
1683 1096 1735 1146 de

348 1166 486 1212 nihilo
506 1167 620 1213 faeta
643 1178 722 1224 est,
749 1169 867 1213 unde
896 1169 1042 1214 omnia
1059 1170 1213 1214 fierent
1230 1189 1241 1227 3
1261 1168 1369 1229 quid
1389 1168 1590 1227 prohibet
1610 1167 1755 1237 intel*⁴¹

347 1236 479 1295 ligere
503 1238 711 1298 Spiritum
736 1249 935 1284 sanctum
955 1239 1191 1284 conditoris
1209 1273 1220 1294 ,
1248 1238 1370 1298 quod
1388 1238 1735 1298 superferebatur

347 1308 450 1352 huic
474 1310 689 1366 materiae,
721 1325 810 1356 non
837 1309 1036 1356 locorum
1059 1310 1264 1368 gradibus
1292 1309 1617 1371 intervallisque
1638 1325 1735 1370 spa-

350 1379 523 1435 tiorum,
548 1381 669 1441 quod
692 1396 971 1441 nequaquam
993 1380 1048 1425 de
1075 1381 1164 1425 ulla
1188 1396 1233 1424 re
1253 1381 1507 1441 incorporea
1532 1389 1647 1425 recte
1668 1379 1753 1425 di-=

346 1450 475 1505 citur,
499 1449 574 1494 sed
601 1450 855 1496 excellentia
879 1460 922 1496 et
945 1451 1180 1495 eminentia
1203 1451 1467 1496 dominantis
1494 1467 1624 1510 super
1645 1452 1751 1496 om-'

348 1521 417 1565 nia
439 1520 692 1575 voluntatis,
720 1531 768 1566 ut
788 1523 933 1567 omnia
956 1521 1281 1566 conderentur?
1302 1521 1544 1566 Praesertim
1562 1536 1663 1566 cum
1688 1536 1751 1568 ean

346 1589 536 1646 locutio,
556 1592 668 1637 sicut
686 1591 860 1637 illarum
895 1593 1217 1651 Scripturarum
1239 1606 1332 1636 mos
1354 1600 1441 1648 est,
1477 1592 1606 1636 etiam
1638 1601 1750 1651 pro-¹

350 1661 574 1721 pheticum
587 1660 798 1720 quiddam
820 1671 964 1717 sonet,
986 1662 1325 1722 mysteriumque
1347 1661 1486 1707 futuri
1503 1662 1734 1721 baptisma-

351 1733 402 1777 tis
419 1748 470 1777 ex
492 1749 604 1792 aqua
633 1742 676 1778 et
706 1734 868 1793 Spiritu
892 1743 1041 1777 saneto
1059 1734 1264 1778 nascituri
1295 1732 1447 1792 populi
1470 1734 1749 1792 praefiguret.²

351 1806 449 1849 Non
467 1820 570 1863 ergo
592 1805 709 1863 cogit
736 1804 856 1865 quod
880 1804 1046 1849 dictum
1066 1814 1156 1860 est,
1182 1807 1239 1849 Et
1273 1805 1456 1864 Spiritus
1491 1804 1568 1848 Dei
1588 1819 1743 1864 super--

352 1873 573 1920 ferebatur
601 1891 730 1934 super
758 1890 933 1935 aquam,
965 1874 1091 1919 illum
1113 1874 1354 1933 intelligere
1374 1875 1597 1934 spiritum,
1628 1877 1736 1922 sicut
1788 1914 1790 1919 .

349 1945 552 1989 nonnulli
569 1945 740 2001 volunt,
765 1962 854 2006 quo
878 1946 1032 1989 mundi
1052 1945 1185 1989 moles
1208 1946 1407 1990 universa
1429 1946 1509 1990 ista
1531 1960 1745 2006 corpore&

350 2014 470 2065 velut
485 2016 716 2071 animatur,
734 2017 787 2060 ad
802 2015 1086 2060 ministerium
1112 2030 1390 2076 quorumque
1409 2016 1680 2075 gignentium
1695 2023 1745 2061 et?

351 2084 397 2130 in
429 2102 506 2130 sua
539 2087 678 2146 specie
707 2085 1071 2132 continendarum
1097 2085 1389 2145 corporalium
1423 2096 1730 2134 ereaturarum.

352 2159 562 2204 Creatura
595 2169 659 2204 est
691 2159 804 2203 enim
839 2157 1055 2218 quidquid
1084 2166 1148 2202 est
1176 2157 1277 2203 tale.
1316 2156 1430 2202 Illud
1465 2158 1594 2203 etiam
1619 2156 1738 2218 quod

350 2228 654 2288 scriptumest,
684 2247 701 2269 «
724 2230 939 2282 Quoniam
967 2228 1148 2288 Spiritus
1178 2228 1352 2273 Domini
1384 2228 1565 2288 replevit
1586 2228 1742 2274 orbem?

359 2319 374 2340 ι
402 2301 658 2356 terrarum&
687 2319 707 2342 »
733 2316 822 2345 non
851 2300 1009 2344 desunt
1038 2301 1114 2360 qui
1135 2302 1339 2344 eumdem
1373 2300 1585 2359 spiritum
1603 2299 1741 2347 velint
1780 2306 1782 2309 ’

354 2371 505 2431 accipi,
536 2370 795 2417 invisibilem
818 2370 978 2417 scilicet
996 2378 1241 2415 creaturam
1264 2380 1421 2415 cuncta
1438 2370 1622 2416 visibilia
1637 2369 1739 2445 uni-¹

435 2483 452 2503 υ,
473 2476 544 2506 cor.
569 2484 624 2514 xii,
648 2474 678 2514 4.
698 2490 737 2495 ——
755 2480 765 2496 ²
787 2477 866 2507 Gon.
889 2482 912 2513 1,
940 2480 971 2504 2.
988 2469 1058 2495 ...3
1080 2471 1155 2504 Vide
1177 2470 1233 2503 lib.
1253 2482 1262 2503 1
1283 2470 1323 2504 de
1349 2473 1427 2504 Gen.
1449 2470 1488 2503 ad
1509 2471 1587 2504 Litt.
1608 2481 1681 2514 cap.
1700 2479 1738 2512 7.»,

354 2533 364 2539 “
391 2531 463 2572 Sap.
492 2540 512 2568 t,
534 2539 565 2571 7.
1736 2527 1737 2530 ¹

1734 2639 1736 2658 l

1733 2704 1735 2735 1

1732 2776 1734 2783 i
