1790 3187
1752 154 1754 180 ι

314 218 421 257 ·168
771 226 804 255 s.
840 227 1068 257 AUGUSTINI
1104 231 1283 258 zmscom
1751 195 1754 304 Ι

1728 366 1754 412 *i

338 307 417 341 ret.
444 298 539 340 Jam
562 296 677 339 enim
699 295 956 340 discernitur
977 295 1114 340 fidelis
1144 297 1198 340 ab
1219 296 1372 353 impio,
1402 316 1422 338 «
1453 296 1568 349 Quid
1597 298 1708 344 enim

341 386 361 407 »
388 367 520 410 habes
536 401 547 421 ‚
571 366 735 424 inquit,
767 364 885 425 quod
914 381 1002 410 non
1030 366 1261 425 accepisti?
1286 366 1328 410 Si
1350 375 1493 409 autem
1518 375 1561 410 et
1589 382 1708 412 acce-

343 455 361 477 »
388 436 509 496 pisti,
537 436 643 495 quid
666 434 858 493 gloriaris
879 435 1001 495 quasi
1031 443 1119 480 non
1142 436 1409 494 acceperis¹P
1427 454 1446 476 »

401 509 488 549 100.
505 508 637 549 Recte
661 505 836 563 quidem
858 505 940 549 hoc
966 524 975 549 ;
1006 505 1080 549 sed
1102 521 1178 549 eur
1200 506 1293 549 haec
1311 504 1600 549 misericordia
1615 506 1712 550 sub—

341 586 475 621 tracta
499 586 561 620 est
583 576 638 620 ab
656 575 793 630 Esafi,
811 585 860 619 ut
881 591 968 620 non
987 576 1045 620 sic
1065 585 1311 630 vocaretur,
1329 585 1378 620 ut
1397 585 1440 620 et
1453 585 1605 620 vocato
1627 577 1712 621 ins-

318 669 320 675 >
340 648 553 707 piraretur
571 645 697 701 fides,
719 655 761 690 et
779 646 958 690 credens
981 647 1221 691 misericors
1238 648 1359 691 fieret
1372 657 1421 692 ut
1442 647 1554 690 bene
1571 662 1715 706 opera·
1751 646 1753 656 '

342 719 493 761 retur?
513 720 580 761 An
602 715 714 760 forte
736 717 839 777 quia
868 715 1007 761 noluit
1029 719 1046 761 P
1068 718 1110 762 Si
1132 732 1234 776 ergo
1252 718 1387 762 Jacob
1415 716 1512 761 ideo
1535 717 1715 764 credidit

342 789 444 849 quia
466 788 626 843 voluit,
647 803 736 831 non
753 788 793 832 ei
815 790 928 832 Deus
950 788 1126 832 donavit
1145 787 1275 832 fidem
1294 822 1304 842 ,
1329 788 1403 832 sed
1420 803 1514 831 eam
1532 788 1613 843 sibi
1630 789 1716 848 ipse

342 858 530 905 volendo
553 859 768 918 praestitit,
790 867 830 902 et
852 858 1007 902 habuit
1024 858 1187 918 aliquid
1212 857 1331 919 quod
1348 874 1436 902 non
1454 859 1633 918 accepit.
1652 861 1716 903 An

342 931 444 990 quia
466 944 594 973 nemo
621 938 762 987 potest
784 929 959 973 credere
982 929 1061 973 nisi
1078 928 1197 981 velit,
1225 944 1352 973 nemo
1369 927 1479 973 velle
1494 928 1571 972 nisi
1593 943 1718 972 voce·
1751 987 1753 990 ·

342 1010 430 1053 tur,
456 1014 583 1043 nemo
601 1008 744 1043 autem
768 999 846 1042 sibi
864 1008 1005 1058 potest
1026 1008 1227 1059 praestare
1248 1009 1293 1043 ut
1313 1008 1506 1054 vocetur,
1524 998 1718 1043 vocando

343 1075 455 1115 Deus
487 1078 660 1129 praestat
693 1079 735 1113 et
768 1070 940 1113 fidem?
970 1068 1069 1130 quia
1097 1071 1186 1114 sine
1212 1071 1436 1114 vocatione
1460 1085 1548 1113 non
1584 1078 1719 1128 potest
1785 1090 1787 1116 e

343 1142 570 1201 quisquam
596 1139 791 1194 credere,
818 1140 1014 1199 quamvis
1035 1140 1180 1191 nullus
1203 1140 1350 1184 credat
1370 1140 1545 1184 invitus.
1569 1158 1588 1180 «
1608 1142 1719 1192 Quo·
1786 1186 1787 1190 ,

347 1230 366 1252 ³>
379 1210 509 1254 modo
522 1211 635 1253 enirn
650 1209 842 1263 credent,
868 1225 997 1269 quem
1015 1225 1101 1254 non
1118 1210 1377 1254 audierunt?
1392 1212 1480 1254 Aut
1500 1209 1719 1269 quomodo
1750 1211 1753 1255 ἔ
1785 1208 1790 1251 ζ

333 1301 366 1323 ι»
383 1281 559 1326 audient
582 1282 671 1325 sine
700 1279 963 1340 praedicante
990 1284 1007 1307 ‘²
1040 1283 1057 1325 Ρ
1090 1300 1109 1322 ))
1130 1283 1267 1326 Nemo
1288 1282 1435 1339 itaque
1467 1280 1604 1324 credit
1635 1296 1718 1325 non
1750 1310 1753 1321 ι
1788 1323 1790 1325 ,

345 1361 547 1397 vocatus:
569 1351 644 1395 sed
667 1366 755 1395 non
778 1351 916 1394 omnis
937 1350 1075 1395 credit
1094 1360 1285 1395 vocatus.
1316 1370 1336 1393 «
1355 1350 1483 1396 Multi
1498 1351 1612 1394 enim
1625 1359 1722 1396 sunt
1788 1342 1790 1346 ¹

353 1443 371 1465 »
402 1423 575 1477 vocati,
603 1422 729 1481 pauci
757 1437 858 1465 vero
881 1421 1005 1465 electi
1029 1423 1043 1448 ³
1067 1441 1075 1466 ε
1114 1441 1133 1463 »
1164 1422 1315 1482 utique
1342 1422 1370 1465 ii
1395 1423 1471 1481 qui
1500 1430 1720 1466 vocantem
1750 1441 1752 1448 s
1785 1434 1790 1465 ί

347 1513 436 1541 non
460 1503 842 1554 contempserunt,
873 1493 945 1538 sed
976 1493 1192 1538 credendo
1215 1495 1350 1538 secuti
1373 1503 1474 1538 sunt
1499 1514 1510 1551 3
1533 1492 1722 1538 volentes
1751 1531 1752 1536 ,
1788 1523 1790 1536 2

346 1578 491 1613 autem
515 1567 604 1610 sine
634 1565 767 1609 dubio
793 1565 1215 1619 crediderunt.Quid
1233 1575 1295 1609 est
1313 1580 1414 1624 ergo
1437 1564 1557 1624 quod
1579 1564 1721 1623 sequi·
1750 1562 1751 1612 Ϊ

349 1651 418 1685 tur
437 1659 446 1685 2
467 1658 486 1681 «
506 1639 644 1697 Igitur
665 1653 753 1682 non
773 1637 957 1682 volentis
979 1652 1122 1697 neque
1144 1638 1379 1691 currentis,
1396 1635 1471 1680 sed
1488 1635 1722 1679 miserentis

350 1731 369 1753 υ
402 1720 463 1754 est
492 1710 566 1753 Dei
585 1710 601 1734 ⁴
622 1710 638 1750 ‘?
659 1727 678 1749 »
706 1711 773 1752 An
795 1708 894 1768 quia
913 1723 991 1751 nec
1015 1707 1124 1752 velle
1143 1723 1370 1767 possumus
1388 1707 1467 1750 nisi
1488 1706 1626 1751 vocati
1649 1741 1659 1760 ,
1684 1715 1724 1750 et
1750 1721 1752 1732 >

348 1781 456 1826 nihil
492 1779 607 1824 valet
640 1778 751 1823 velle
779 1788 974 1823 nostrum
998 1814 1008 1834 ‚
1044 1779 1125 1822 nisi
1158 1787 1206 1822 ut
1246 1778 1518 1838 perficiamus
1553 1776 1724 1836 adjuvet

349 1853 494 1896 Deus?
521 1852 640 1910 Opus
671 1858 734 1893 est
761 1864 862 1907 ergo
891 1848 1003 1893 velle
1023 1858 1065 1892 et
1093 1864 1281 1893 currere.
1311 1851 1408 1894 Non
1430 1847 1545 1890 enim
1571 1846 1723 1892 frustra
1749 1891 1751 1911 ἶ

348 1922 579 1974 diceretur,
599 1938 618 1961 «
638 1922 693 1963 Et
711 1920 754 1963 in
777 1928 888 1963 terra
906 1919 1247 1977 paxhominibus
1265 1919 1392 1962 honae
1414 1917 1721 1962 volu11tatis5.»
1749 1912 1751 1930 ¹

351 1994 407 2036 Et
427 2026 436 2046 ‚
462 2010 481 2033 «
510 1990 576 2034 Sic
597 1990 756 2033 currite
776 1998 825 2033 ut
847 1989 1233 2048 comprehendatis.
1260 1991 1355 2033 Non
1381 1996 1526 2031 tamen
1549 1986 1725 2031 volentis
1748 1977 1751 2037 ζ

354 2081 374 2103 »
401 2077 543 2121 neque
563 2060 797 2114 currentis,
823 2058 895 2103 sed
921 2059 1156 2103 miserentis
1177 2069 1239 2103 est
1262 2059 1366 2113 Dei,
1390 2068 1439 2101 ut
1464 2057 1583 2117 quod
1605 2057 1725 2102 volu-
1748 2049 1750 2065 ¹

356 2151 375 2174 »
404 2147 500 2176 mus
513 2132 814 2190 adipiscamur,
826 2139 868 2173 et
881 2145 968 2189 quo
985 2130 1186 2174 volumus
1199 2129 1568 2188 perveniamusss.»
1581 2128 1726 2173 Noluit

352 2219 454 2262 ergo
476 2203 589 2246 Esaii
612 2211 654 2246 et
675 2217 763 2246 non
793 2202 984 2245 cucurrit
1011 2220 1020 2245 ε
1047 2199 1119 2244 sed
1146 2209 1188 2243 et
1214 2201 1246 2243 si
1275 2199 1478 2244 voluisset
1505 2208 1546 2243 et
1572 2214 1725 2243 cucur-

354 2275 503 2329 risset„
534 2273 611 2316 Dei
641 2271 854 2331 adjutorio
890 2272 1179 2331 pervenisset,
1213 2271 1287 2330 qui
1329 2271 1366 2313 ei
1394 2270 1521 2314 etiam
1552 2269 1661 2314 velte
1687 2277 1749 2323 etl

354 2359 526 2388 currere
560 2343 758 2387 vocando
779 2350 1000 2402 praestaret
1019 2377 1029 2395 ‚
1050 2341 1128 2384 nisi
1144 2341 1368 2385 vocatione
1396 2349 1641 2399 contempta
1664 2354 1726 2382 re-

358 2414 520 2474 probus
536 2414 672 2458 fieret.
699 2412 834 2457 Aliter
857 2413 969 2457 enirn
995 2416 1107 2457 Deus
1126 2422 1301 2472 praestat
1318 2423 1365 2457 ut
1388 2412 1584 2463 velimus,
1610 2412 1727 2456 aliter
1747 2460 1749 2466 ¹

407 2524 414 2538 ¹
441 2529 449 2547 ι
474 2517 545 2548 Cor.
561 2528 606 2556 iv,
626 2523 741 2557 7---2
759 2518 848 2548 nom.
875 2527 906 2557 x,
930 2514 1188 2557 14.·—3Matth.
1216 2527 1269 2556 xx,
1294 2514 1599 2552 16.-4n0m.1x,
1625 2515 1749 2559 16.-;

357 2571 369 2594 5
399 2574 473 2603 Luc.
494 2585 526 2610 ιι,
551 2571 598 2612 'si-
618 2589 658 2594 --
674 2571 689 2593 ὅ
712 2584 722 2604 1
749 2574 820 2603 Cor.
840 2583 883 2609 lx,
904 2571 957 2613 0¹5.

1746 2628 1748 2647 ι

1746 2687 1747 2723 i

1746 2734 1747 2754 η

1745 2758 1747 2794 i
