1790 3187
599 278 794 308 Emsrom
828 280 945 306 XLVI.
1386 264 1469 304 457

105 347 290 408 capitula
313 346 522 404 designari
551 344 656 400 feci,
683 344 735 390 ad
758 360 863 404 quas
897 343 1146 403 singillatim
1178 342 1356 401 dignare
1386 358 1472 387 res-

105 419 308 480 pondere.
333 438 350 459 n

161 493 357 543 Qum-sno
382 492 416 533 I.
443 516 499 522 —
515 508 532 529 α
551 491 601 533 In
623 488 879 546 Arzugibus,
905 496 954 531 ut
976 487 1136 539 audivi,
1156 484 1379 530 decurioni
1401 485 1474 544 qui

102 559 225 604 limiti
259 568 411 619 praeest
440 559 508 603 vel
543 559 719 603 tribuno
752 558 1047 618 solentjurare
1075 555 1261 610 barbari,
1283 556 1475 616 jurantes

101 647 178 692 per
191 631 408 676 daemones
429 647 544 686 suos,
567 631 642 691 qui
665 631 718 676 ad
741 630 1016 675 deducendas
1038 630 1232 687 bastagas
1252 630 1342 683 (37)
1364 626 1476 687 pacti

101 701 276 758 fuerint,
302 702 370 747 vel
398 702 532 763 aliqui
555 702 608 747 ad
637 702 863 748 servandas
884 701 1028 761 fruges
1051 702 1177 761 ipsas,
1203 699 1358 759 singuli
1379 713 1478 758 pos-

100 789 278 818 sessores
317 773 386 819 vel
413 773 698 819 conductores
737 773 878 818 solent
905 774 957 817 ad
992 771 1298 817 custodiendas
1332 769 1478 828 fruges

98 847 327 905 suscipere,
345 846 565 906 quasijam
582 845 744 901 fideles,
760 844 984 905 epistolam
1007 844 1241 889 decurione
1261 843 1476 896 mittente,

98 917 165 960 vcl
188 916 345 976 singuli
364 927 632 962 transeuntes
651 919 809 978 quibus
829 931 1000 961 necesse
1018 926 1081 958 est
1102 930 1176 974 per
1196 929 1268 958 eos
1281 913 1474 957 transire.

99 988 206 1033 Mihi
230 998 373 1032 autem
396 989 648 1047 disceptatio
669 989 714 1032 in
732 987 862 1032 corde
885 996 984 1030 nata
1002 995 1080 1039 est,
1097 986 1131 1028 si
1152 984 1223 1028 ille
1247 998 1475 1043 possessor,

98 1059 173 1118 qui
192 1059 423 1117 susceperit
446 1059 695 1113 barbarum,
718 1059 785 1118 cuj
796 1073 841 1101 us
864 1056 969 1100 fides
996 1071 1070 1115 per
1089 1055 1338 1099 daemonum
1359 1055 1481 1114 jura-

100 1129 258 1173 tionem
283 1130 405 1174 firma
428 1130 514 1173 visa
546 1139 624 1184 est,
646 1145 732 1173 non
764 1128 1071 1187 coinquinatur
1094 1125 1163 1171 vel
1185 1127 1288 1186 ipse,
1317 1125 1386 1169 vel
1408 1124 1480 1169 illa

98 1216 195 1260 quae
214 1202 419 1255 custodit,
435 1199 503 1244 vel
525 1199 595 1243 ille
623 1201 695 1260 qui
721 1198 953 1243 deducitur
971 1214 993 1242 a
1015 1196 1254 1241 deductore
1276 1196 1477 1240 barbaro.

100 1270 184 1315 Sed
209 1271 288 1315 lioc
306 1271 438 1315 debes
465 1272 587 1326 scire,
616 1271 715 1330 quia
739 1269 813 1330 qui
827 1271 944 1330 jurat
971 1269 1179 1313 barbarus
1200 1284 1222 1312 a
1239 1282 1479 1327 possessore

97 1357 175 1399 pro
201 1341 418 1386 servandis
448 1341 644 1400 frugibus
676 1342 858 1401 accipiat
890 1356 1060 1395 aurum,
1087 1340 1155 1384 vel
1175 1356 1197 1384 a
1221 1340 1384 1384 viatore
1405 1340 1481 1383 de-

98 1414 281 1469 ductor,
310 1413 382 1457 sed
416 1422 558 1457 tamen
580 1428 680 1458 cum
714 1414 793 1457 hac
827 1412 961 1457 veluti
985 1412 1200 1466 mercede,
1239 1427 1338 1471 quae
1376 1409 1483 1455 solet

99 1484 189 1528 dari
211 1500 233 1527 a
256 1499 508 1544 possessore,
534 1485 603 1529 vel
625 1501 647 1529 a
670 1485 833 1529 viatore
849 1520 859 1539 ,
892 1485 1188 1544 juramentum
1219 1483 1347 1527 etiam
1372 1481 1482 1525 illud

38 1567 49 1581 ·
97 1555 141 1600 in
166 1555 308 1599 medio
325 1566 388 1600 est
406 1556 588 1600 mortale
609 1555 761 1600 datum
785 1555 1010 1599 decurioni
1037 1554 1106 1598 vel
1130 1554 1309 1597 tribuno
1329 1573 1338 1597 :
1363 1552 1483 1612 quod

98 1627 323 1686 perturbat
340 1643 408 1671 me
430 1643 484 1671 ne
506 1626 674 1686 polluat
696 1626 838 1680 illum,
863 1627 939 1686 qui
964 1625 1141 1684 suscipit
1162 1625 1334 1669 barbari
1356 1624 1480 1683 jura—

98 1707 310 1753 mentum,
353 1698 421 1743 vel
462 1697 535 1743 illa
574 1714 673 1757 quae
712 1696 901 1741 custodit
932 1697 1158 1740 barbarus.
1196 1698 1483 1754 Quacumque

98 1770 213 1813 enim
250 1770 499 1814 conditione
532 1770 662 1813 etiam
691 1785 796 1813 auro
826 1767 945 1823 dato,
976 1777 1018 1811 et
1041 1767 1261 1812 obsidibus
1283 1765 1410 1821 datis,
1435 1774 1483 1810 ut

99 1841 260 1896 audivi,
285 1843 744 1901 tamenjuramentum
773 1840 973 1901 iniquum
1002 1838 1194 1883 medium
1227 1837 1479 1883 intercessit.

100 1914 282 1971 Dignare
304 1923 448 1956 autem
464 1913 569 1956 mihi
587 1913 808 1957 definitive
833 1912 1078 1963 rescribere,
1097 1920 1139 1955 et
1156 1926 1243 1955 non
1262 1925 1480 1968 suspense.

101 1984 227 2038 Quod
251 1985 283 2027 si
308 1985 396 2043 ipse
418 1986 578 2028 scribas
595 1985 862 2039 dubitanter,
882 2000 963 2043 ego
980 1985 1024 2027 in
1044 1984 1223 2043 majores
1242 1982 1485 2026 dubitatio-

101 2070 175 2098 nes
201 2054 391 2099 incidere
412 2070 604 2114 possum,
631 2071 760 2115 quam
787 2055 1421 2114 antequaminterrogassem.»

160 2128 358 2178 QUAEsno
382 2129 436 2170 11.
479 2154 532 2159 —-
559 2145 578 2168 «
601 2128 693 2171 Hoc
724 2126 850 2170 etiam
883 2125 1046 2180 audivi,
1063 2125 1163 2183 quia
1186 2124 1266 2183 ipsi
1289 2125 1485 2168 homines

102 2195 406 2251 conductores,
432 2198 508 2256 qui
530 2206 723 2256 praesunt
745 2197 805 2240 rei
836 2212 959 2249 meae,
981 2198 1276 2256 juramentum
1294 2209 1371 2253 per
1399 2194 1487 2237 dae-

103 2282 250 2311 mones
283 2284 381 2313 suos
400 2269 647 2328 jurantibus
682 2267 872 2312 barbaris
902 2267 1118 2326 accipiunt
1155 2281 1234 2324 pro
1268 2264 1485 2309 servandis

105 2335 315 2396 frugibus.
355 2340 395 2383 Si
428 2355 530 2398 ergo
568 2355 668 2383 cum
689 2338 919 2399 illijurant
952 2353 1028 2397 per
1060 2337 1281 2381 daemones
1316 2351 1414 2380 suos
1436 2345 1485 2380 ut

106 2408 349 2453 custodiant
382 2410 541 2468 fruges,
568 2425 657 2453 non
680 2409 886 2469 polluunt
920 2408 1030 2466 ipsas
1052 2407 1213 2466 fruges,
1245 2415 1293 2450 ut
1321 2408 1353 2449 si
1382 2406 1485 2450 inde

109 2479 433 2525 manducaverit
463 2481 729 2526 Christianus
758 2482 910 2533 sciens,
942 2479 1011 2522 vel
1040 2479 1094 2523 de
1119 2480 1257 2538 pretio
1296 2479 1482 2537 ipsarum

108 2565 249 2593 rerum
275 2550 419 2605 fuerit,
447 2552 765 2611 coinquinetur,
793 2550 1033 2609 significare
1051 2550 1276 2609 dignare.»

166 2623 361 2674 Quasi-10
384 2625 465 2667 111.
496 2650 548 2657 -
567 2642 584 2664 «
602 2626 710 2667 Item
730 2623 784 2667 ab
800 2622 884 2667 alio
905 2621 1067 2678 audivi,
1087 2621 1207 2681 quod
1228 2619 1484 2666 conductori
