1790 3187
581 248 780 280 zprsrom
812 250 934 278 xun.
1375 233 1459 274 425

74 329 252 376 verant,
288 318 515 380 judicante
545 316 790 364 Melchiade
818 327 924 362 tunc
951 319 1161 361 Romanae
1188 314 1309 359 urbis
1346 315 1461 374 epis-

73 408 185 452 copo
202 406 300 436 cum
324 390 500 449 collegis
520 390 606 434 suis
622 424 633 441 ,
654 403 764 448 quos
786 388 838 432 ad
863 403 1009 448 preces
1033 386 1351 431 Donatistarum
1376 385 1462 429 mi-

76 473 187 510 serat
217 466 483 523 Imperator,
513 462 557 505 in
581 459 864 506 Caecilianum
899 459 1006 503 nihil
1041 457 1214 518 probari
1242 457 1459 517 potuisse,

75 550 124 580 ac
146 549 222 594 per
244 535 327 578 hoc
349 533 425 577 illo
461 533 505 576 in
536 532 787 592 episcopatu
820 531 1077 575 confirmato
1111 532 1327 573 Donatum
1350 562 1362 582 ,
1387 528 1463 587 qui

74 607 278 651 adversus
299 621 398 650 eum
423 614 529 648 tunc
551 603 725 658 aderat,
751 602 1063 662 improbatum.
1090 599 1258 654 Quibus
1281 598 1464 658 peractis

74 679 224 732 rebus,
245 693 344 721 cum
361 675 423 720 illi
440 691 590 720 omnes
608 676 651 718 in
668 674 903 734 pertinacia
922 671 1207 718 scelestissimi
1224 669 1464 715 schismatis

73 758 405 810 permanerent,
443 757 539 807 post
572 746 689 806 apud
719 746 940 791 Arelatum
962 747 975 771 ¹
1002 753 1290 788 memoratum
1318 744 1464 801 Impe-

73 829 257 864 ratorem
284 818 479 863 eamdem
505 834 675 862 causam
701 816 951 873 diligentius
972 814 1301 858 examinandam
1326 812 1463 856 termi-

73 889 354 949 nandamque
375 890 584 934 curasse2.
625 887 727 931 Illos
754 903 857 930 vero
896 887 950 930 ab
985 885 1272 929 ecclesiastico
1301 882 1466 943 judicio

73 977 350 1022 provocasse,
376 971 426 1004 ut
453 975 621 1004 causam
640 958 950 1003 Constantinus
971 956 1156 1000 audiret.
1179 958 1277 1008 Quo
1297 963 1466 1012 postea-

72 1047 205 1093 quam
229 1043 407 1076 ventum
438 1041 525 1085 est,
553 1039 740 1089 utraque.
762 1038 884 1088 parte
907 1027 1128 1071 assistente
1144 1060 1155 1080 ‚
1186 1025 1464 1069 innocentem

71 1102 352 1150 Caecilianum
382 1102 512 1146 fuisse
530 1102 772 1162 judicatum
787 1136 797 1155 ,
824 1109 955 1159 atque
976 1097 1072 1142 illos
1095 1097 1315 1142 recessisse
1341 1111 1466 1155 supe-

73 1184 186 1218 ratos
205 1209 215 1229 ,
251 1184 294 1218 et
324 1175 368 1217 in
397 1173 546 1217 cadem
577 1183 723 1217 tamen
752 1171 1032 1231 perversitate
1055 1169 1274 1213 mansisse.
1300 1169 1389 1212 Nec
1412 1167 1468 1211 dc

73 1246 229 1291 Felicis
257 1246 544 1305 Aptungitani
570 1261 696 1289 causa
720 1242 1027 1303 negligentiam
1064 1249 1364 1290 consecutam,
1392 1238 1468 1283 sed

74 1316 127 1361 ad
144 1316 337 1377 ejusdem
355 1316 808 1375 principisjussionem
826 1312 1209 1374 proconsularibus
1227 1310 1364 1356 Gestis
1376 1312 1468 1368 (27)

74 1388 202 1433 etiam
222 1388 366 1447 ipsum
390 1388 520 1430 fuisse
539 1396 787 1446 purgatum.

132 1460 186 1501 V.
225 1459 308 1502 Sed
338 1458 439 1517 quia
461 1458 556 1501 haec
578 1457 722 1500 omnia
746 1456 999 1500 dicebamus
1022 1463 1193 1499 tantum
1216 1468 1307 1497 non
1338 1452 1467 1496 etiam

73 1527 326 1588 legebamus
340 1564 350 1582 ,
369 1529 511 1572 minus
530 1527 727 1586 profecto
745 1527 869 1593 vobis
887 1540 1011 1583 agere
1028 1524 1288 1568 videbamur
1303 1558 1314 1578 ,
1335 1537 1468 1583 quam

74 1599 130 1644 de
152 1610 296 1644 nostra
325 1600 615 1660 expectabatis
649 1599 868 1642 instantia.
895 1597 1022 1651 Quod
1047 1597 1122 1640 ubi
1145 1596 1379 1649 sensimus,
1413 1593 1470 1639 ad

75 1685 123 1714 ea
154 1686 253 1731 quae
287 1669 471 1729 legenda
504 1670 859 1730 promiseramus,
892 1685 981 1712 non
1005 1667 1252 1711 distulimus
1279 1666 1465 1709 mittere.

76 1743 186 1794 Quae
214 1742 360 1784 omnia
394 1744 499 1784 ctum
523 1741 789 1785 excurrimus
824 1739 878 1784 ad
908 1739 1130 1783 ecclesiam
1154 1738 1438 1782 Gelizitanam
1456 1771 1466 1791 ,

76 1812 180 1855 inde
202 1811 256 1854 ad
279 1821 469 1855 vestrum
494 1811 705 1870 oppidum
730 1810 970 1861 reversuri,
999 1809 1119 1854 bidui
1142 1825 1231 1853 non
1255 1808 1373 1868 pleni
1402 1823 1471 1852 in-

77 1882 349 1926 termissione
381 1891 596 1926 venerunt
618 1917 628 1937 ,
661 1892 791 1942 atque
826 1891 876 1925 ut
906 1881 1065 1935 nostis,
1109 1888 1323 1940 quantum
1360 1888 1469 1922 tem-

77 1969 158 2013 pus
180 1953 381 2008 admisit,
414 1969 504 1997 uno
527 1952 598 1997 die
629 1955 805 1998 recitata
834 1962 935 1997 sunt
963 1952 1099 1996 vobis.
1130 1952 1275 1995 Primo
1296 1950 1371 1994 ubi
1396 1952 1472 1995 Se-

77 2023 248 2068 cundus
287 2024 547 2082 Tigisitanus
588 2023 806 2068 confessos
847 2023 1076 2068 traditores
1111 2039 1133 2067 a
1171 2021 1353 2080 collegio
1393 2037 1471 2065 suo

80 2111 302 2140 removere
325 2112 414 2140 non
438 2112 565 2140 ausus
587 2105 677 2150 est,
699 2111 798 2141 cum
829 2096 990 2155 quibus
1011 2105 1158 2155 postea
1182 2110 1271 2139 non
1295 2092 1471 2138 confes—

80 2182 174 2212 sum
199 2176 242 2211 et
259 2167 481 2210 absentem
501 2167 781 2212 Caecilianum
808 2167 1000 2227 aliosque
1021 2182 1121 2211 suos
1141 2166 1329 2223 collegas
1347 2166 1471 2207 dam·

78 2253 182 2281 nare
200 2253 327 2280 ausus
350 2246 428 2280 est.
450 2238 615 2282 Deinde
638 2239 765 2282 Gesta
792 2238 1137 2297 proconsularia,
1163 2236 1240 2280 ubi
1265 2235 1386 2279 Felix
1401 2234 1469 2280 di-

77 2307 361 2366 ligentissimo
390 2309 586 2354 examine
624 2311 834 2368 probatus
869 2318 932 2352 est
968 2308 1192 2352 innocens.
1230 2310 1335 2352 Haec
1372 2316 1472 2351 ante

80 2377 303 2423 meridiem
321 2379 444 2423 vobis
463 2379 573 2423 lecta
593 2396 682 2424 esse
702 2379 970 2424 meministis.
1000 2382 1100 2422 Post
1122 2378 1345 2422 meridiem
1368 2394 1472 2423 vero

81 2449 356 2494 recitavimus
369 2466 516 2510 preces
528 2466 676 2495 eorum
693 2450 1111 2505 adConstantinum,
1133 2451 1331 2510 datisque
1347 2449 1402 2494 ab
1420 2464 1471 2493 eo

130 2562 140 2583 ι
166 2552 200 2598 {n
218 2553 379 2586 concili01
401 2553 592 2586 Arelatensi.
619 2564 699 2585 anno
720 2554 795 2595 3¹4·
815 2571 855 2576 -—
872 2561 881 2571 ”
906 2553 953 2585 ΑΙ)
971 2554 1168 2595 Imperatore
1189 2553 1275 2595 apud
1298 2553 1469 2586 Mediolan.

82 2616 163 2639 anno
182 2606 258 2648 316,
284 2619 319 2640 ez
340 2609 471 2651 lib.post
490 2609 604 2641 Collat.
629 2619 701 2652 cap.
724 2609 776 2640 33Δ
