1790 3187
355 186 408 212 DE
440 184 543 212 oc‘ro
575 183 766 210 nutem-11
799 185 1130 220 Qtssaesnownns.
1354 175 1437 212 239

49 252 135 295 deo
150 285 161 305 ,
185 265 316 310 quem
339 264 439 293 cum
460 248 505 292 in
527 248 691 308 populo
715 257 942 292 tractarem
963 249 1051 292 dixi
1072 266 1083 293 :
1108 266 1128 289 «
1149 250 1305 291 Beatus
1322 250 1438 292 enim

53 341 72 363 2>
96 321 162 365 vir
174 320 250 380 qui
267 321 388 364 timet
405 320 635 364 Dominum
653 355 663 374 ‚
681 320 726 363 in
744 319 958 363 mandatis
972 321 1063 380 ejus
1077 318 1194 363 volet
1216 319 1344 363 nimis
1360 322 1392 364 1.
1414 338 1433 360 »

48 391 217 436 Viderit
240 395 376 446 Deus,
401 392 476 451 qui
501 390 618 435 solus
639 400 682 434 et
708 391 918 435 veraciter
939 401 982 435 et
1005 389 1338 435 misericorditer
1361 391 1437 449 ju-

48 461 162 507 dicat
178 497 189 518 ‚
210 472 425 522 quantum
448 464 528 506 iste
550 461 750 522 proficiat
773 462 817 505 in
840 461 1052 505 mandatis
1081 462 1188 521 ejus.
1222 461 1435 513 Quoniam

50 551 72 576 ι(
97 534 280 578 tentatio
304 543 367 578 est
387 534 472 577 vita
496 533 686 577 humana
708 547 838 592 super
860 536 1063 587 terram2,
1093 552 1111 573 »
1132 532 1242 577 sicut
1264 541 1437 576 sanctus

45 606 131 650 Job
169 604 289 650 dicit.
326 608 382 649 Et
415 605 571 648 iterum
608 604 818 663 scriptum
851 614 937 658 est,
972 623 990 646 «
1029 604 1244 657 Quoniam
1280 619 1438 663 corpus

47 693 69 718 »
94 675 212 736 quod
236 677 530 735 corrumpitur
549 711 560 731 ,
587 685 790 735 aggravat
813 675 999 719 animam
1019 696 1030 732 3
1055 685 1098 719 et
1119 674 1324 734 deprimit
1347 685 1436 719 ter-

48 765 68 790 »
94 763 196 792 rena
222 749 481 793 inhabitatio
508 763 680 792 sensum
712 748 848 792 multa
871 749 1174 805 cogitantem3.
1204 765 1224 788 »
1250 747 1334 800 Qui
1358 763 1436 791 au-

43 827 131 864 tem
151 819 321 880 judicat
340 836 442 874 nos,
468 820 674 863 Dominus
694 827 758 862 est
785 838 794 862 :
821 835 901 862 nec
919 828 1021 861 ante
1040 828 1211 877 tempus
1242 816 1436 876 judicare

43 888 256 934 debemus
272 925 282 944 ‚
304 890 443 934 donec
459 891 604 934 veniat
628 890 834 933 Dominus
849 923 859 943 ,
881 899 924 932 et
942 888 1159 932 illuminet
1182 887 1436 932 abscondita

42 961 322 1005 tenebrarum
339 996 350 1015 ‚
386 971 430 1005 et
458 960 754 1004 manifestabit
782 960 1064 1018 cogitationes
1091 960 1233 1004 cordis
1265 969 1310 1003 ct
1330 969 1436 1003 tunc

39 1030 134 1076 laus
146 1032 223 1076 crit
243 1032 482 1092 unicuique
500 1049 521 1076 a
542 1033 675 1076 Deo⁴.
696 1030 863 1075 Viderit
878 1031 1065 1088 ergoille
1082 1041 1296 1091 quantum
1317 1031 1436 1090 quis-

43 1118 130 1162 que
159 1103 358 1161 proficiat
385 1122 394 1147 ε
429 1103 472 1146 in
500 1101 713 1146 mandatis
736 1103 826 1161 ejus
857 1111 1003 1145 tamen
1031 1101 1147 1146 volet
1181 1102 1334 1155 nimis,
1360 1100 1436 1161 qui

42 1188 193 1233 pacem
223 1174 339 1218 illius
368 1174 718 1218 coaedifieationis
752 1174 1040 1231 adamaveritg
1066 1189 1145 1217 nec
1164 1174 1254 1233 jam
1277 1173 1434 1232 despe-

42 1259 136 1288 rare
157 1244 289 1288 debet
306 1282 317 1299 ‚
343 1246 551 1304 quoniam
572 1245 617 1287 in
637 1245 850 1288 mandatis
870 1245 959 1303 ejus
982 1244 1098 1289 volet
1119 1244 1246 1288 nimis
1265 1279 1275 1300 ‚
1297 1253 1338 1287 et
1354 1260 1437 1303 pax

41 1315 86 1359 ian
110 1325 220 1359 terra
244 1316 495 1359 hominibus
518 1317 646 1359 bonae
667 1314 946 1360 voluntatisf’.

102 1390 162 1430 3⁰.
192 1386 300 1430 Inde
323 1407 342 1429 «
368 1398 522 1446 potens
540 1389 583 1430 in
601 1398 710 1431 terra
729 1387 810 1430 erit
830 1402 976 1430 semen
994 1387 1127 1445 ejusfi.
1151 1405 1169 1426 »
1191 1391 1344 1430 semen
1363 1385 1436 1429 fu-

42 1466 149 1502 turae
166 1459 336 1513 messis,
358 1474 487 1517 opera
503 1474 592 1502 esse
610 1458 915 1502 misericordiae
931 1493 941 1512 ‚
964 1457 1196 1516 Apostolus
1217 1458 1334 1501 testis
1351 1466 1431 1511 est,

40 1529 113 1589 qui
133 1528 237 1573 dicit
259 1548 267 1574 :
294 1549 311 1571 «
333 1532 504 1573 Bonum
524 1538 668 1573 autem
688 1529 894 1573 facientes
913 1544 1002 1572 non
1022 1528 1274 1572 deficiamus
1294 1546 1303 1571 ι
1330 1537 1434 1571 tem-

43 1617 64 1641 »
91 1615 194 1658 pore
216 1600 329 1644 enim
352 1601 531 1659 proprio
557 1601 810 1644 metemus⁷.
841 1618 860 1640 η
891 1602 947 1643 Et
976 1600 1158 1652 iterum,
1189 1618 1208 1640 κ
1236 1601 1329 1642 Hoc
1353 1614 1433 1641 au-

43 1688 63 1712 »)
87 1679 175 1714 tem
197 1671 357 1731 inquit,
382 1671 458 1731 qui
477 1686 606 1730 parce
623 1672 822 1724 seminat,
849 1685 976 1729 parce
995 1680 1038 1713 et
1056 1671 1235 1713 metetss.
1268 1689 1287 1710 n
1314 1668 1432 1722 Quid

41 1749 183 1784 autem
200 1777 209 1794 ‚
247 1742 421 1794 fratres,
459 1741 680 1799 potentius
698 1776 708 1794 ‚
747 1756 879 1799 quam
910 1749 960 1783 ut
995 1755 1176 1796 regnum
1217 1739 1432 1783 coelorum

39 1827 128 1856 non
153 1811 292 1856 solum
327 1813 558 1856 Zacchaeus
582 1821 698 1855 emat
721 1810 904 1855 dimidio
927 1826 1071 1854 rerum
1096 1826 1271 1853 suarum
1291 1812 1330 1865 ⁰,
1357 1810 1432 1853 sed

38 1893 81 1928 et
102 1882 232 1926 vidua
257 1882 429 1927 duobus
452 1883 652 1937 minutis,
678 1892 721 1926 et
744 1882 1018 1926 tantumdem
1040 1882 1099 1924 ibi
1123 1890 1307 1941 uterque
1330 1897 1432 1940 pos-

37 1952 172 1997 sideat
189 1955 256 1997 ¹⁰?
278 1954 394 2006 Quid
413 1954 656 2012 potentius,
677 1969 809 2012 quam
834 1963 883 1996 ut
909 1952 1025 1995 idem
1055 1967 1238 2010 regnum
1262 1961 1305 1995 et
1332 1952 1431 1995 the-

39 2025 172 2069 sauris
199 2025 322 2069 diviti
344 2034 388 2069 et
413 2024 547 2069 calice
576 2041 702 2085 aquae
728 2024 895 2081 frigidae
917 2023 1098 2083 pauperi
1119 2022 1289 2066 valeat?
1320 2024 1432 2067 Sunt

10 2106 183 2159 ¹,autem
208 2096 284 2157 qui
314 2098 392 2140 ista
414 2095 577 2141 saciant
598 2096 704 2140 dum
735 2105 904 2140 terrena
934 2094 1225 2154 conquirunt,
1258 2102 1332 2137 aut
1361 2094 1432 2138 hic

0 2162 15 2234 μ’·
42 2168 286 2213 mercedem
317 2178 537 2227 sperantes
565 2184 589 2212 a
622 2168 833 2221 Domino,
869 2175 945 2210 aut
979 2165 1229 2209 hominibus
1262 2164 1432 2223 placere

0 2239 15 2290 ks
40 2241 277 2300 cupientes.
297 2241 403 2294 Sed,
430 2259 451 2283 «
473 2240 704 2284 Generatio
720 2248 937 2283 rectorum
961 2236 1284 2280 benedicetur1¹
1307 2254 1316 2280 ς
1344 2253 1364 2276 »
1384 2234 1431 2278 id

0 2301 1 2307 ἵ
40 2321 118 2368 est,
137 2327 268 2372 opera
282 2327 434 2357 eorum
452 2327 642 2372 quorum
657 2312 798 2355 bonus
814 2313 927 2354 Deus
942 2307 1089 2360 Israel,
1106 2306 1181 2366 qui
1196 2315 1315 2351 recto
1327 2314 1430 2351 sunt

89 2437 99 2454 ¹
117 2435 162 2465 Ex
179 2433 391 2466 Euan-atione
406 2432 437 2465 in
455 2432 535 2464 Psal.
556 2442 621 2471 cxi,
642 2441 728 2463 num.
748 2439 781 2462 2.
798 2447 839 2453 -
857 2436 868 2451 ²
889 2428 964 2469 Job,
988 2438 1048 2468 vu,
1073 2437 1102 2458 r.
1120 2443 1157 2448 —
1172 2423 1187 2448 3
1206 2427 1280 2469 Sap.
1302 2436 1349 2467 ix,
1375 2423 1426 2457 15.

40 2485 88 2520 4'1
115 2491 252 2530 c01·.1v‚
277 2488 290 2530 4
321 2494 353 2522 et
372 2488 459 2521 5.—
476 2486 492 2511 5
512 2490 589 2520 Luc.
617 2498 653 2528 ιι,
678 2485 729 2526 ιίι,
748 2483 817 2508 -6
843 2484 1143 2524 Psal.ex1‚2,—-7
1175 2481 1244 2514 Gal.
1265 2492 1311 2523 vr,
1335 2491 1368 2523 9.
1385 2496 1428 2504 -ι

41 2541 56 2565 ³
74 2550 93 2575 2
107 2545 177 2576 Cor.
199 2555 244 2583 lt,
266 2544 298 2576 6.
316 2560 356 2567 -
373 2551 388 2576 9
405 2546 483 2577 Luc.
503 2554 569 2584 xix,
590 2543 621 2575 8.
643 2560 680 2565 —-
696 2547 727 2565 ¹⁰
752 2543 857 2573 Marc.
879 2551 931 2571 xu.
955 2538 1008 2579 42.
1026 2555 1066 2562 -—
1089 2544 1112 2560 ¹·
1142 2536 1223 2569 Psal.
1243 2543 1357 2578 cx1,2.
