1790 3187
660 247 998 278 maora-rioms.
1440 241 1522 278 527

527 380 784 423 Annorum
806 380 872 437 (7)
888 393 988 439 pag.
1017 384 1116 424 309.

192 523 243 565 In
273 522 448 567 GervaS.
480 525 603 568 MSS.
630 532 673 568 et
696 523 789 569 aliis
815 528 840 568 5
859 559 868 568 .
903 525 1127 580 scribitur,
1158 524 1524 581 Maximianus,

132 593 178 637 in
200 594 333 638 Corb.
360 593 654 640 Macrovz'us.
690 599 825 641 Porro
854 597 1114 642 Maximinus
1145 596 1270 642 Siniti
1291 597 1336 641 in
1360 598 1529 658 Hippo-

133 664 255 708 nensi
274 665 430 710 vicinia
457 666 684 726 episcopus
715 675 822 711 tunc
852 668 1071 712 Donatista
1089 703 1100 723 ,
1135 667 1356 727 amplexus
1378 677 1528 729 postea

131 735 390 780 catholicam
408 752 558 796 pacem
581 754 632 782 ex
655 738 794 799 Epist.
815 746 914 794 105,
939 740 984 785 in
1007 739 1160 785 eadem
1177 740 1278 785 sede
1301 743 1523 787 remansit.

131 807 236 866 Ejus
248 807 487 854 honorifice
505 809 702 856 meminit
718 812 989 871 Augustinus
1011 811 1056 856 in
1078 811 1157 856 lib.
1181 830 1294 869 xxu,
1317 812 1372 857 de
1393 813 1524 860 Civit.

134 877 237 934 Dei,
261 893 357 939 cap.
385 886 426 925 8.

524 1041 782 1083 ΑΝΝοΤΑΤῐο
813 1011 875 1096 (85
897 1052 997 1098 pag.
1026 1041 1127 1082 340.

193 1186 270 1230 Hic.
300 1185 405 1229 dum
441 1186 654 1245 proficisci
682 1185 899 1246 disponit,
927 1196 1100 1231 creatur
1123 1187 1377 1246 episcopus,
1412 1196 1454 1231 ct
1484 1187 1528 1231 in

132 1257 252 1300 brevi
271 1257 479 1311 moritur,
501 1273 552 1300 ex
568 1257 763 1316 Epistola
783 1264 831 1301 71
854 1293 864 1312 ,
885 1257 1081 1318 adeoque
1103 1259 1196 1302 istae
1215 1258 1372 1302 litterae
1389 1293 1399 1313 ,
1421 1274 1529 1318 quas

135 1328 292 1386 primas
324 1326 378 1371 ad
402 1327 721 1384 Hieronymum
744 1363 754 1383 ,
781 1337 823 1372 ct
845 1344 867 1372 a
895 1344 939 1372 se
969 1328 1114 1372 adhuc
1136 1329 1390 1388 presbytero
1409 1328 1530 1372 datas

132 1398 191 1441 ait
214 1397 377 1441 ibidem
408 1398 699 1457 Augustinus,
731 1398 908 1458 perlatae
942 1415 1031 1443 non
1063 1408 1165 1443 sunt
1198 1400 1280 1444 hoc
1312 1409 1524 1459 tempore.

134 1467 396 1513 Profuturus
411 1484 541 1529 porro
554 1469 587 1513 is
605 1485 694 1513 esse
711 1470 886 1514 videtur
904 1505 915 1525 ,
942 1470 1017 1530 qui
1038 1470 1083 1514 in
1096 1469 1174 1515 lib.
1197 1470 1252 1514 de
1270 1471 1400 1515 unico
1420 1473 1529 1529 Bap-

132 1541 260 1586 tismo
278 1550 429 1585 contra
453 1541 582 1585 Petil.
604 1557 699 1601 cap.
725 1547 778 1585 16
792 1577 803 1598 ,
824 1541 1030 1586 laudatur
1048 1542 1254 1587 Cirtensis
1276 1542 1526 1602 episcopus,

132 1621 175 1656 et
193 1612 247 1655 ad
269 1628 400 1672 quem
418 1612 581 1656 directa
596 1621 660 1656 est
679 1612 876 1671 Epistola
900 1619 969 1657 38.
993 1612 1194 1658 Meminit
1211 1612 1405 1673 ejusdem
1426 1616 1530 1656 Pro-

132 1681 370 1743 futurijam
390 1683 580 1744 episcopi
600 1684 807 1728 Paulinus
824 1685 870 1728 in
888 1685 1027 1744 Epist.
1047 1691 1117 1728 32.
1139 1684 1333 1729 Evodius
1351 1683 1529 1727 demum

133 1755 178 1797 in
200 1755 337 1814 Epist.
363 1762 442 1798 158
458 1790 469 1810 ,
490 1771 536 1799 n.
564 1762 603 1798 9.
626 1754 912 1800 Profuturum
933 1771 1065 1816 quem
1083 1755 1185 1801 olim
1205 1756 1250 1798 in
1267 1754 1530 1799 monasterio

134 1835 339 1881 noverat,
376 1826 623 1885 apparuisse
655 1825 737 1870 sibi
766 1842 843 1886 per
870 1827 1113 1882 somnium,
1147 1835 1190 1871 et
1214 1826 1433 1897 futurumn
1450 1824 1531 1869 ali-

134 1896 242 1957 quid
265 1897 579 1958 praenuntiasse
597 1896 744 1942 refert.

535 2049 792 2091 ΑΝΝοΤΑΤΙο
809 2047 874 2105 (9)
893 2059 992 2106 pag.
1022 2049 1121 2089 345.

196 2193 421 2238 Laudatur
438 2194 480 2238 S.
499 2193 710 2238 Leontius
728 2193 773 2237 in
789 2207 988 2236 sermone
1012 2197 1086 2246 13,
1108 2189 1162 2234 de
1174 2190 1340 2235 Divers.
1366 2203 1460 2248 cap.
1484 2196 1526 2245 2,

137 2264 386 2325 diciturque
408 2264 652 2308 condidisse
675 2262 900 2308 basilicam
935 2261 1197 2322 appellatam
1226 2277 1276 2305 ex
1296 2260 1427 2320 ipsius
1451 2275 1531 2304 no-

138 2337 254 2380 mine
280 2336 565 2381 Leontianam
598 2355 607 2381 :
637 2351 723 2396 qua
749 2336 794 2380 in
822 2334 995 2379 basilica
1015 2333 1286 2395 pronuntiati
1312 2347 1532 2378 sermones

139 2407 307 2470 aliquot
330 2408 564 2468 Augustini
584 2416 902 2468 praenotantur.
