1790 3187
281 188 333 214 ne
367 188 553 215 Dlvssmsss
585 188 742 224 Quaes'r.
779 188 927 216 occroo.
965 188 1074 214 uum
1097 190 1129 214 s.
1346 180 1400 216 95

19 272 38 294 »
63 257 182 299 Deo?
198 271 219 294 υ
239 253 456 305 Quoniam
478 253 512 296 si
531 253 630 312 ipsis
647 251 814 297 dicatur
834 253 888 296 ad
906 251 1185 312 decipiendos
1209 252 1404 297 homines

14 324 397 376 calumniantibus,
411 324 566 382 ‚procul
580 323 717 367 dubio
730 324 955 379 tacebunt,
974 339 1053 367 nec
1067 323 1329 368 cecidebunt
1342 322 1403 367 ul-

12 394 98 440 lam
111 393 165 438 de
180 393 404 438 voluntate
420 394 731 452 omnipotentis
752 394 827 437 Dei
846 394 900 437 im
910 393 1055 453 peritis
1071 409 1181 453 quos
1199 394 1404 451 decipere

14 465 226 524 cupiunt,
253 465 476 509 scientiam
498 465 707 523 polliceri.
739 465 925 517 Quidam
951 475 1095 509 autem
1122 465 1235 508 bona
1261 474 1303 506 ct
1335 464 1401 522 pia

14 544 157 580 mente
174 535 414 593 Scripturas
428 534 621 593 legentes
634 545 856 593 quaerunt,
873 535 977 595 quid
991 534 1061 579 hic
1077 535 1209 593 possit
1222 533 1291 578 vel
1309 549 1402 577 ma-

12 603 376 651 ledicentibusvel
388 604 755 649 calumniantibus
770 606 1037 664 responderi.
1059 604 1141 650 Sed
1153 619 1230 648 nos
1240 614 1283 647 et
1296 619 1401 648 auc-

13 675 171 720 toritati
194 676 453 734 Apostolicae
483 675 713 720 salubriter
741 676 1023 730 inhaerentes,
1061 685 1104 720 et
1129 675 1262 719 libros
1292 690 1401 734 quos

11 745 219 793 catholica
240 745 467 805 disciplina
486 745 678 790 custodit
700 745 874 790 falsatos
892 761 981 789 esse
1002 760 1278 805 nequaquam
1298 744 1401 789 exis-

12 817 231 871 timantes,
257 818 493 861 sentiamus
510 817 631 877 quod
649 807 798 861 verum
818 825 908 872 est,
931 816 1132 874 indignos
1149 826 1193 860 et
1209 817 1402 859 infirmos

10 901 98 931 esse
119 887 172 931 ad
196 887 475 946 intelligenda
500 888 644 932 divina
676 897 839 932 secreta
857 923 867 941 ‚
895 888 1055 946 quibus
1076 888 1154 930 ista
1180 886 1399 930 claudun-

11 966 80 1002 tur
106 976 115 1002 :
137 966 180 1002 et
199 959 260 1002 eis
282 959 653 1002 murmurantibus
672 968 715 1002 et
731 958 1060 1017 indignantibus
1079 955 1199 1017 quod
1223 956 1401 1001 consilia

10 1028 85 1074 Dei
107 1045 196 1073 non
218 1030 412 1084 discunt,
433 1045 532 1074 cum
556 1031 698 1075 dicere
715 1030 932 1090 coeperint
954 1049 962 1074 :
989 1049 1008 1072 «
1031 1032 1146 1088 Ergo
1168 1029 1292 1088 cujus
1307 1027 1402 1072 vult

11 1117 31 1140 »
58 1099 303 1155 miseretur,
325 1110 367 1145 et
388 1116 519 1160 quem
538 1101 633 1146 vult
656 1100 848 1145 obdurat
871 1094 889 1145 ;μ
904 1099 1009 1160 quid
1035 1100 1180 1143 adhuc
1201 1113 1400 1158 conque-

11 1190 29 1212 »
54 1171 194 1215 ritur?
217 1173 323 1216 Nam
346 1171 563 1216 voluntati
581 1173 670 1231 ejus
693 1172 790 1232 quis
805 1172 962 1216 resistit
978 1173 1019 1213 ¹?
1042 1189 1062 1212 »
1083 1185 1183 1214 cum
1209 1170 1273 1213 his
1298 1183 1400 1227 ergo

7 1242 144 1285 verbis
168 1252 241 1286 aut
269 1243 525 1287 calumniari
556 1244 821 1301 Scripturas,
857 1252 932 1286 aut
959 1241 1169 1285 latebram
1200 1250 1400 1300 peccato-

5 1327 102 1356 rum
130 1328 308 1357 suorum
349 1330 544 1374 quaerere
584 1315 826 1373 coeperint,
863 1323 912 1357 ut
951 1322 1164 1372 praecepta
1198 1321 1399 1356 contem-

3 1392 132 1437 nant,
157 1385 317 1442 quibus
338 1384 392 1428 ad
416 1385 546 1428 vitam
572 1386 730 1429 bonam
753 1384 1004 1444 pervenitur
1022 1417 1033 1437 ‚
1059 1380 1399 1442 respondeamus

4 1453 282 1499 fidentissime
302 1491 313 1510 ,
355 1475 375 1497 «
411 1457 448 1500 Ο
480 1456 612 1500 homo
638 1491 648 1510 ,
689 1466 735 1499 tu
757 1456 854 1515 quis
898 1471 940 1498 es
963 1491 972 1509 ‚
1020 1455 1095 1514 qui
1137 1452 1399 1512 respondeas

8 1542 28 1565 »
55 1528 144 1570 Deo
158 1530 175 1552 ‘³
198 1546 206 1570 ε
232 1545 251 1567 »
278 1530 365 1572 Nec
389 1542 460 1571 eos
479 1527 650 1570 reveriti
667 1536 866 1571 sanctum
887 1526 1069 1570 canibus
1090 1524 1268 1568 demus3
1290 1559 1301 1576 ,
1322 1533 1398 1567 aut

6 1595 280 1656 projiciamus
299 1598 549 1656 margaritas
571 1608 737 1642 nostras
759 1606 860 1641 ante
885 1611 1036 1656 porcos
1055 1616 1063 1640 ;
1089 1595 1123 1639 si
1146 1605 1288 1638 tamen
1307 1595 1395 1654 jam

3 1665 82 1724 ipsi
104 1682 230 1711 canes
261 1676 305 1711 et
334 1668 453 1726 porci
488 1684 575 1712 non
604 1683 781 1722 sumus,
810 1677 853 1711 et
883 1666 939 1711 de
963 1666 1124 1710 meritis
1152 1665 1396 1708 animarum

6 1735 222 1780 revelante
247 1738 406 1796 Spiritu
432 1749 595 1793 sancto,
620 1738 805 1782 sublime
825 1736 991 1797 aliquid
1009 1747 1051 1781 et
1074 1752 1096 1780 a
1114 1735 1281 1794 vulgati
1299 1750 1397 1779 con-

1 1805 169 1865 jectura
204 1809 559 1865 remotissimum,
600 1808 669 1853 vel
701 1824 751 1852 ex
773 1818 895 1868 parte
925 1817 1055 1867 atque
1087 1807 1131 1850 in
1165 1805 1398 1865 aenigmate

4 1878 288 1937 suspicemur.

65 1950 128 1992 2⁰.
163 1951 260 1994 Non
282 1950 397 1994 enirn
427 1949 659 2009 Apostolus
689 1950 772 1993 hoc
800 1948 896 1993 loco
919 1957 1089 1992 sanctos
1116 1947 1350 2007 prohibuit
1378 1962 1400 1989 a

7 2019 245 2078 quaerendo
261 2055 273 2072 ,
295 2020 370 2064 sed
394 2036 464 2064 eos
482 2020 557 2080 qui
577 2019 774 2064 nondum
797 2020 960 2063 suntin
984 2018 1196 2063 charitate
1218 2016 1398 2061 radicati

7 2098 49 2133 et
71 2089 269 2144 fundati,
296 2100 345 2135 ut
362 2091 526 2151 possint
544 2090 915 2150 comprehendere
939 2105 1038 2134 cum
1057 2089 1264 2133 omnibus
1281 2102 1400 2131 sanc-

9 2159 60 2204 tis
72 2159 346 2206 latitudinem
359 2198 369 2217 ‚
388 2161 709 2221 longitudinem
722 2197 733 2218 ,
754 2161 1031 2205 altitudinem
1050 2169 1093 2204 et
1108 2157 1397 2219 profundum,

8 2238 51 2273 et
70 2241 224 2276 caetera
246 2249 344 2293 quae
366 2233 411 2276 in
434 2232 589 2277 eodem
612 2232 710 2276 loco
744 2231 976 2292 exequitur
993 2232 1023 2274 ⁴.
1053 2233 1149 2275 Non
1174 2244 1276 2287 ergo
1300 2243 1402 2287 pro-

9 2298 150 2344 hibuit
171 2317 194 2345 a
217 2302 477 2362 quaerendo,
509 2303 585 2362 qui
614 2302 721 2347 dicit
747 2322 755 2347 :
793 2322 813 2345 «
843 2300 1053 2361 Spiritalis
1082 2309 1226 2344 autem
1256 2297 1402 2341 omnia

12 2369 217 2429 »judicat
237 2406 247 2426 ‚
287 2372 378 2431 ipse
413 2382 557 2416 autem
592 2388 613 2415 a
650 2373 823 2416 nemine
847 2372 1070 2431 judicatur
1087 2371 1116 2411 ⁵.
1156 2387 1174 2408 n
1204 2371 1259 2411 Et
1292 2366 1399 2409 illud

60 2475 69 2491 ¹
96 2472 187 2504 Rom.
210 2485 254 2511 ix,
293 2476 343 2513 ιδ,
381 2486 429 2516 ¹9·
453 2492 486 2496 —
503 2483 513 2496 ³
536 2475 614 2506 ibid.
637 2484 688 2506 20.
705 2492 741 2496 —-
762 2474 769 2495 '³
791 2477 889 2506 Mattu
926 2484 981 2511 vn,
1003 2472 1034 2503 6.
1056 2487 1088 2493 -—
1109 2469 1125 2499 4
1147 2470 1261 2512 liphes.
1282 2479 1326 2509 m,
1351 2467 1401 2499 18.

13 2522 194 2557 -51Cor
231 2540 260 2558 ii.
289 2529 334 2557 if1.
