1790 3187
194 224 244 249 DE
277 223 463 249 DlvERffls
495 222 651 258 QUAEST.
689 221 744 248 An
775 221 1031 249 simulent«,
1070 223 1154 247 Lm.
1193 222 1239 247 11.
1341 211 1416 247 191

40 303 91 332 eo
123 296 316 346 tempore
338 303 427 346 quo
453 303 553 332 caro
577 287 868 346 corruptibilis
899 286 1179 346 mortalisque
1205 274 1419 344 portatur.

41 362 107 404 An
133 373 220 402 non
249 358 442 403 videmus
466 359 510 402 in
533 359 624 418 ipso
648 362 776 403 Petro
795 394 804 412 ,
839 368 1053 418 quantum
1087 356 1251 401 indicat
1278 360 1425 401 Evan-

0 486 1 491 ,
42 428 216 488 gelium,
233 428 417 471 extitisse
430 437 592 472 tantam
608 427 941 482 confessionem,
964 438 1011 472 ut
1032 428 1182 472 audire
1199 428 1421 482 meruerit,

46 518 65 541 «
90 502 242 543 Beatus
265 514 324 552 es,
344 499 489 543 Simon
505 501 601 543 Bar·
607 502 738 553 Jona,
761 501 861 576 quia
884 515 973 543 non
998 499 1206 543 revelavit
1224 498 1303 542 tibi
1326 513 1426 542 caro

0 599 3 632 1
44 588 64 611 n
90 578 132 612 et
153 569 344 626 sanguis,
362 568 435 612 sed
455 572 581 613 Pater
598 585 718 613 meus
735 570 811 629 qui
829 570 872 612 in
895 569 1016 613 coelis
1033 578 1093 612 est
1111 572 1123 594 ¹
1147 588 1156 613 z
1178 588 1196 610 ι)
1232 578 1274 612 et
1296 567 1427 627 paulo

1 633 7 790 ἰ
44 649 138 700 post
163 648 248 684 tam
272 639 501 684 carnaliter
523 655 622 684 eum
645 640 699 684 de
725 642 894 685 Domini
922 641 1116 700 passione
1145 640 1352 694 sensisse,
1380 648 1429 683 ut

44 710 182 755 statim
198 710 398 764 audierit,
425 730 444 751 «
471 710 590 755 Vade
614 720 709 770 post
731 727 817 766 me,
842 714 1015 765 Satana,
1040 711 1295 755 scandalum
1318 710 1428 754 mihi

47 799 66 822 »
90 795 155 836 es;
176 796 264 825 non
282 780 396 824 enim
417 781 528 840 sapis
545 797 644 840 quae
662 782 739 825 Dei
754 791 877 835 sunt,
898 781 973 825 sed
991 797 1090 841 quae
1107 782 1335 826 hominum
1349 784 1381 823 ².
1406 799 1425 820 »

45 853 98 896 Et
118 851 295 896 sortasse
315 851 740 911 aliquanto'interius
762 851 1108 911 intelligentibus
1127 861 1296 895 tantum
1316 850 1431 894 valet

43 922 95 966 ad
115 923 200 966 visa
223 923 294 966 illa
319 923 475 967 mentis
497 923 590 967 haec
608 922 855 967 differentia
874 958 884 977 ,
910 939 996 982 qua
1023 926 1176 966 Petrus
1197 923 1337 982 primo
1358 921 1429 964 in-

44 991 203 1037 tellexit
225 995 315 1037 Deo
338 996 464 1037 Patre
486 993 705 1037 revelante
722 1028 732 1047 ‚
758 992 879 1053 quod
897 991 1033 1036 Filius
1052 993 1126 1036 Dei
1146 1000 1254 1036 esset
1277 991 1429 1036 Chris-

44 1071 110 1106 tus
134 1071 175 1106 et
198 1072 345 1122 postea
377 1078 432 1107 ne
456 1072 698 1107 moreretur
732 1063 960 1120 extimuit3
987 1072 1202 1122 quantum
1235 1060 1353 1105 valet
1376 1060 1432 1105 ad

43 1131 347 1192 distinguenda
368 1134 453 1178 visa
471 1169 481 1188 ,
508 1149 606 1193 quae
628 1133 674 1177 in
694 1133 847 1193 spiritu
866 1133 1054 1177 hominis
1077 1133 1262 1176 alienata
1285 1139 1432 1175 mente

43 1204 290 1263 imaginarie
303 1206 431 1259 fiunt,
450 1204 655 1249 revelatio
674 1205 914 1264 prophetiae
927 1220 1012 1264 qua
1030 1203 1169 1262 primo
1184 1203 1354 1247 afflatus
1369 1211 1432 1246 est

45 1272 167 1328 Safil,
194 1284 237 1319 et
258 1275 506 1319 commixtio
528 1275 702 1335 spiritus
720 1274 822 1318 mali
846 1290 936 1334 quo
957 1283 1104 1334 postea
1129 1274 1426 1333 premebatur.

101 1345 160 1386 40.
183 1345 278 1387 Jam
308 1360 411 1389 vero
443 1344 575 1399 illud,
608 1345 727 1405 quod
757 1346 884 1389 etiam
924 1345 1062 1388 malus
1091 1343 1334 1405 appellatus
1367 1351 1432 1387 est

43 1413 213 1473 spiritus
248 1415 447 1469 Domini,
487 1415 546 1460 sic
582 1415 856 1474 intelligitur,
892 1415 1117 1475 quomodo
1143 1413 1312 1458 dietum
1344 1422 1430 1468 est,

47 1504 64 1525 «
90 1485 257 1528 Domini
288 1495 350 1529 est
383 1495 493 1530 terra
510 1488 554 1530 ³:
583 1505 602 1526 ι)
633 1496 837 1546 tanquam
869 1495 1066 1530 creatura
1097 1495 1140 1529 et
1164 1486 1208 1528 in
1235 1486 1326 1545 ejus
1350 1500 1432 1545 po-

42 1555 118 1599 sita
135 1565 363 1615 potestate.
390 1559 479 1601 Aut
495 1557 528 1600 si
552 1567 780 1616 propterea
803 1572 892 1601 non
910 1557 1111 1614 congruit
1139 1557 1223 1600 hoc
1245 1554 1434 1600 locutio-

43 1625 105 1669 nis
137 1625 406 1686 exemplum,
441 1627 541 1686 quia
574 1636 686 1671 terra
714 1643 802 1671 non
835 1636 897 1671 est
928 1627 1064 1679 mala,
1097 1627 1293 1670 «Omnis
1317 1626 1432 1669 enim

46 1713 65 1736 »
89 1706 281 1740 creatura
318 1698 395 1740 Dei
428 1698 543 1741 bona
568 1699 683 1741 est⁴:
713 1717 732 1738 n
773 1697 883 1741 illud
918 1707 1146 1756 congruat,
1187 1696 1307 1756 quod
1343 1697 1434 1755 ipse

46 1766 143 1810 Saiil
161 1767 250 1826 jam
277 1767 488 1826 reprobus
510 1776 553 1811 et
574 1767 779 1812 scelestus
802 1776 932 1826 atque
954 1768 1150 1826 ingratus
1172 1775 1322 1811 sancto
1344 1769 1433 1810 Da-

43 1836 130 1891 vid,
148 1847 398 1895 persecutor
416 1840 543 1883 etiam
559 1841 651 1899 ejus
665 1875 674 1893 ,
699 1855 797 1884 curn
814 1839 1057 1882 saevissimae
1074 1838 1251 1882 invidiae
1267 1836 1435 1881 facibus

46 1906 291 1965 agitaretur,
318 1918 462 1953 tamen
479 1909 622 1953 adhuc
641 1910 837 1954 Christus
859 1909 1032 1952 Domini
1051 1907 1302 1964 dicebatur,
1324 1907 1436 1951 sicut

45 1992 140 2020 eum
170 1979 403 2038 appellavit
431 1980 523 2038 ipse
549 1978 713 2034 David,
746 1995 846 2024 cum
877 1978 1115 2022 vindicavit
1148 1978 1431 2022 extinctum-2

28 2047 133 2145 lSed
157 2050 289 2109 magis
315 2051 501 2095 arbitror
530 2050 771 2110 malignum
802 2051 1001 2110 spiritum
1035 2066 1057 2093 a
1085 2065 1176 2109 quo
1197 2050 1438 2093 vexabatur

50 2119 162 2173 Saiil,
180 2119 278 2164 ideo
300 2121 465 2166 dictum
485 2122 687 2182 spiritum
710 2122 900 2174 Domini,
928 2123 1048 2182 quod
1069 2120 1243 2166 occulto
1263 2120 1437 2165 Domini

45 2188 204 2248 judicio
230 2192 400 2237 Saiilem
420 2195 618 2237 vexabat.
649 2194 794 2238 Utitur
817 2194 933 2238 enim
951 2196 1067 2237 Deus
1084 2193 1288 2236 ministris
1307 2192 1436 2235 etiam

50 2260 265 2318 spiritibus
292 2262 414 2308 malis
443 2265 496 2309 ad
518 2264 755 2309 vindictam
787 2264 1020 2317 malorum,
1046 2263 1115 2307 vel
1140 2262 1191 2307 ad
1218 2264 1437 2307 bonorum

52 2331 375 2392 probationem3
410 2335 492 2379 alio
528 2336 660 2379 modo
696 2335 749 2378 ad
782 2334 899 2377 illam
932 2349 1051 2387 rem,
1085 2333 1169 2377 alio
1203 2334 1258 2376 ad
1292 2334 1434 2376 istam.

53 2402 252 2453 Quamvis
282 2405 397 2449 enim
428 2405 531 2449 inde
565 2405 619 2449 sit
653 2406 837 2465 quisque
867 2403 1085 2462 malignus
1112 2404 1308 2463 spiritus,
1334 2402 1439 2462 quia

99 2511 106 2528 ¹
130 2507 241 2539 Matth.
264 2508 331 2546 xvi,
357 2519 461 2546 15.—
479 2506 590 2539 21bid.
613 2508 665 2540 23,
702 2526 723 2530 -
750 2506 761 2529 3
791 2507 870 2539 psal.
894 2517 979 2546 xxiii,
1009 2518 1034 2536 ι.
1058 2502 1119 2534 -4
1143 2516 1154 2537 ι
1177 2506 1256 2537 Tim.
1279 2516 1327 2546 ιν,
1347 2504 1379 2547 4.
1397 2521 1438 2528 -

0 2576 2 2587 ι
58 2560 104 2591 ⁵2
125 2561 314 2604 Reg.1‚1!2.
