1790 3187
361 246 415 283 92
799 257 831 281 s.
870 253 1100 282 Auctis‘rlm
1132 256 1314 282 Emscom

361 324 511 368 bestiae
529 338 631 368 vero
654 331 696 366 et
714 321 857 366 omnia
875 336 1029 380 pecora
1046 321 1290 376 carnaliter,
1306 337 1463 381 corpus
1487 330 1631 366 autem
1655 337 1744 369 non
1774 371 1776 383 ‚

361 395 494 448 vivit,
533 393 606 438 sed
639 393 883 437 vivificatur
921 413 932 449 3
964 392 1104 436 omnis
1137 401 1333 436 creatura
1366 392 1411 435 in
1441 393 1617 436 homine
1649 390 1752 450 esf,⁴

363 465 463 524 quia
503 473 546 508 et
583 462 786 521 intelligit
815 462 968 521 spiritu
991 497 1002 516 ‚
1039 471 1081 506 et
1115 463 1246 506 sentit
1281 462 1450 517 anima,
1480 472 1523 506 et
1553 462 1745 508 localiter

363 549 544 593 corpore
565 541 780 577 movetur.
801 532 953 576 Omnis
980 532 1128 591 itaque
1152 542 1348 577 creatura
1379 532 1425 576 in
1449 533 1625 576 homine
1646 548 1746 578 con-

363 604 557 662 gemiscit
579 613 622 647 et
658 602 792 647 dolet.
824 605 922 647 Non
953 603 1067 646 enim
1102 611 1236 646 totam
1255 637 1265 657 ,
1293 603 1365 646 sed
1398 618 1572 647 omnem
1605 603 1742 650 dixit:
1771 652 1773 659 4

362 684 569 733 tanquam
595 673 627 716 si
660 673 756 732 quis
791 671 934 727 dicat,
969 671 1089 731 quod
1113 671 1247 716 solem
1284 687 1433 716 omnes
1459 674 1656 717 homines
1685 674 1747 718 vi-
1772 694 1773 698 ¹

361 744 466 787 dent
489 743 565 802 qui
590 751 692 786 sunt
714 742 954 786 incolumes
976 777 986 796 ,
1012 741 1086 785 sed
1104 757 1193 786 non
1213 742 1293 785 toti
1315 742 1490 798 vident,
1517 743 1617 803 quia
1648 752 1747 788 tan·
1770 772 1773 795 a

360 823 453 857 tum
482 810 620 857 oculis
649 811 800 857 vident
829 831 838 857 :
869 812 927 856 ita
967 812 1010 855 in
1041 812 1217 855 homine
1255 812 1393 856 omnis
1427 824 1624 858 creatura
1652 823 1744 870 est,
1770 861 1771 870 γ

360 884 462 944 quia
484 892 527 927 et
556 882 761 942 intelligit
798 891 840 927 et
862 882 967 928 vivit
994 891 1036 926 et
1067 897 1224 941 corpus
1256 882 1388 927 habet
1415 904 1426 940 3
1448 883 1522 926 sed
1540 898 1630 928 non
1658 892 1767 930 tota=

365 962 564 998 creatura
590 953 634 996 in
657 953 750 1012 ipso
768 962 852 1008 est,
883 953 984 1012 quia
1013 961 1115 996 sunt
1147 961 1304 1011 praeter
1326 953 1466 1011 ipsum
1498 962 1541 997 et
1566 953 1745 1011 Angeli,
1764 998 1771 1010 ,.

361 1024 434 1085 qui
463 1023 712 1082 intelligant
742 1033 785 1068 et
813 1024 961 1068 vivant
993 1033 1035 1067 et
1068 1023 1177 1078 sint,
1210 1033 1253 1067 et
1277 1039 1430 1082 pecora
1466 1039 1567 1084 quae
1602 1023 1765 1069 vivant÷

361 1105 403 1138 et
431 1095 539 1149 sint,
571 1103 614 1137 et
634 1109 814 1153 corpora
843 1109 942 1153 quae
979 1093 1286 1138 tantummodo
1309 1094 1394 1138 sint
1427 1115 1438 1152 3
1474 1109 1574 1138 eum
1608 1094 1747 1154 ipsum

362 1165 505 1208 vivere
534 1164 668 1222 magis
704 1164 776 1218 sit,
805 1179 936 1223 quam
961 1179 1050 1208 non
1081 1164 1243 1218 vivere,
1271 1173 1313 1208 et
1344 1165 1486 1223 ipsum
1509 1151 1769 1223 intelligere}

362 1234 497 1292 magis
517 1234 596 1288 sit,
625 1249 755 1292 quam
780 1234 871 1277 sine
901 1234 1127 1277 intellectu
1153 1235 1312 1278 vivere.
1348 1237 1459 1280 Cum
1490 1250 1591 1293 ergo
1626 1227 1768 1279 miser?

366 1308 498 1350 homo
520 1306 801 1363 congemiscit
830 1315 873 1350 et
897 1306 1037 1361 dolet,
1070 1307 1209 1350 omnis
1238 1315 1434 1350 creatura
1473 1305 1750 1364 congemiscit

365 1386 408 1421 et
435 1376 554 1420 dolet
588 1391 725 1436 usque
769 1376 927 1420 adhuc.
973 1396 992 1418 «
1039 1378 1184 1436 Usque
1221 1376 1366 1420 adhuc
1405 1395 1423 1416 >›
1460 1385 1605 1420 autem
1639 1377 1767 1420 recte³

362 1447 495 1490 dixit:
513 1446 614 1505 quia
633 1446 800 1491 etiamsi
815 1447 899 1490 sint
919 1446 1052 1506 aliqui
1070 1448 1160 1505 jam
1184 1447 1228 1489 in
1243 1446 1339 1490 sinu
1358 1446 1562 1500 Abrahae,
1581 1455 1624 1490 et
1644 1445 1752 1490 latro

363 1517 434 1561 ille
465 1532 564 1561 cum
596 1517 779 1561 Domino
822 1518 866 1561 in
898 1517 1098 1576 paradiso
1132 1517 1420 1570 constitutus,
1456 1517 1532 1561 illo
1562 1517 1631 1561 die
1666 1530 1765 1576 quo}

363 1586 568 1641 credidit,
593 1586 744 1630 dolore
773 1587 984 1632 destiterit
1013 1589 1022 1612 ¹
1058 1607 1067 1632 ς
1104 1596 1250 1631 tamen
1279 1602 1417 1646 usque
1445 1587 1589 1631 adhuc
1617 1583 1764 1631 omnis‘

362 1668 560 1704 creatura
590 1659 870 1717 congemiscit
904 1668 947 1702 et
981 1658 1123 1713 dolet,
1161 1659 1263 1718 quia
1291 1659 1336 1702 in
1374 1659 1423 1702 iis
1452 1659 1529 1718 qui
1558 1657 1758 1703 nondum

363 1729 535 1773 liberati
570 1738 669 1773 sunt
691 1765 700 1783 ,
728 1729 868 1772 omnis
892 1737 976 1783 est,
1002 1737 1180 1787 propter
1202 1729 1400 1787 spiritum
1429 1737 1471 1773 et
1496 1729 1685 1772 animam
1713 1729 1762 1771 et³

362 1814 535 1859 corpus.

424 1876 485 1914 60.
511 1889 531 1912 «
551 1872 649 1915 Non
672 1869 813 1914 solum
832 1879 976 1914 autem
993 1904 1003 1924 ‚
1032 1870 1200 1929 inquit,
1221 1869 1361 1913 omnis
1384 1878 1580 1913 creatura
1599 1865 1761 1932 conge-¹}

368 1960 388 1982 »
414 1941 555 1985 miscit
576 1950 618 1984 et
646 1941 781 1995 dolet,
803 1940 878 1985 sed
900 1949 942 1984 et
960 1955 1038 1984 nos
1057 1941 1136 1999 ipsi
1158 1944 1174 1966 ‘²
1201 1959 1209 1984 ε
1232 1959 1251 1981 »
1280 1940 1324 1983 id
1347 1950 1425 1994 est,
1445 1955 1530 1984 non
1554 1940 1694 1984 solum
1711 1940 1760 1992 ἰηξ

365 2011 543 2055 homine
567 2026 724 2070 corpus
751 2021 793 2055 et
816 2012 958 2055 anima
981 2020 1023 2054 et
1045 2011 1219 2070 spiritus
1241 2011 1368 2054 simul
1388 2010 1538 2055 dolent
1565 2026 1616 2054 ex
1638 2010 1759 2056 disti-f

365 2081 602 2126 cultatibus
621 2083 827 2141 corporiS,
840 2083 915 2126 sed
931 2092 974 2126 et
988 2097 1065 2126 nos
1085 2082 1181 2140 ipsi,
1197 2082 1383 2141 exceptis
1398 2078 1758 2141 corporibus‚«lni
1789 2116 1790 2121 η

370 2173 388 2195 »
402 2153 526 2198 nobis
547 2153 648 2211 ipsis
667 2153 1041 2211 congemiscimus,
1067 2153 1277 2211 primitias
1301 2153 1513 2197 hahentes
1535 2154 1750 2212 spiritus.»

367 2227 423 2268 Et
455 2223 566 2267 bene
595 2223 731 2277 dixit,
763 2242 782 2265 «
808 2223 1020 2267 Primitias
1052 2223 1263 2266 babentes
1304 2223 1476 2281 spiritus
1510 2242 1518 2267 :
1556 2242 1574 2265 »
1600 2223 1645 2267 id
1674 2231 1750 2277 est,

368 2309 556 2354 quorum
568 2295 658 2352 jam
671 2294 843 2352 spiritus
862 2303 1069 2352 tanquam
1089 2293 1345 2337 sacrificium
1365 2294 1501 2337 oblati
1524 2302 1625 2338 sunt
1648 2297 1755 2347 Deos

367 2373 410 2408 et
427 2364 575 2408 divino
596 2364 816 2408 charitatis
839 2365 937 2421 igne
965 2363 1267 2422 comprehensi
1287 2373 1402 2408 sunt.
1431 2366 1510 2408 Hae
1538 2373 1639 2408 sunt
1664 2363 1755 2423 pri-:

370 2435 501 2478 mitiae
531 2435 694 2478 homini
723 2435 871 2494 3''quia
911 2435 1069 2478 veritas
1098 2434 1289 2493 primum
1318 2436 1517 2494 spiritum
1555 2443 1747 2479 nostrum

371 2505 556 2559 obtinet,
577 2514 626 2548 ut
648 2520 724 2563 per
745 2506 864 2549 hunc
887 2513 1041 2549 caetera
1065 2505 1505 2563 comprehendantur.
1532 2507 1627 2549 Jam
1651 2494 1753 2563 ergo}

421 2598 426 2611 ¹
456 2592 532 2622 Luc.
553 2601 622 2632 ενι,
641 2590 682 2622 '23
698 2595 731 2622 et
748 2602 838 2631 nur,
860 2590 913 2632 43.
929 2608 970 2614 --
987 2596 998 2613 ²
1028 2592 1117 2623 Rom.
1136 2601 1207 2628 vm,
1226 2590 1279 2622 23.
