1790 3187
355 197 408 224 DE
440 195 629 224 mvlznsrs
662 197 820 232 qums-r.
857 198 1005 225 ocToG.
1038 200 1201 227 Tamis.
1418 193 1465 229 21

92 282 181 312 esse
202 263 400 310 volumus
423 282 434 319 3
453 277 596 322 neque
618 261 758 306 solum
783 265 1034 320 amandum,
1060 265 1269 324 quoniam
1287 267 1472 313 audaces

92 347 133 383 et
148 335 352 381 inanimes
374 348 463 377 esse
482 331 703 377 nolumus,

147 409 343 460 Quffisrio
377 405 620 448 XXXV.—
635 404 917 457 10.Qu0niam
930 403 1146 465 quidquid
1159 420 1249 450 non
1265 407 1372 452 vivit
1384 425 1474 454 non

90 477 243 522 metuit
263 510 274 531 ‚
306 489 448 535 neque
479 473 567 518 vita
590 472 826 518 carendum
849 475 1080 535 quisquam
1112 478 1370 535 persuaserit
1389 514 1400 534 ‚
1425 489 1476 525 ut

88 557 208 592 metu
235 546 363 590 etiam
392 558 537 588 carere
572 544 784 602 possimus
817 566 828 603 3
864 546 1099 590 amandum
1132 555 1196 591 est
1232 547 1322 592 sine
1354 559 1475 594 metu

87 617 244 663 vivere.
275 614 360 660 Sed
382 629 528 659 rursus
550 614 652 674 quia
674 614 763 660 vita
785 624 905 660 metu
922 631 1088 672 carens,
1113 617 1260 672 etiam,
1282 619 1315 662 si
1341 619 1476 664 intel-

86 687 262 746 ligentia
296 694 468 740 careat,
500 700 588 729 non
618 694 680 729 est
715 686 989 745 appetenda;
1022 687 1259 732 amandum
1292 698 1354 733 est
1386 689 1477 734 sine

87 767 207 802 metu
234 772 333 802 cum
364 755 590 800 intellectu
611 756 772 801 vivere.
798 758 930 801 Id-ne
958 758 1097 802 solum
1121 758 1394 804 amandum?
1422 777 1478 805 an

86 844 206 873 amor
237 842 414 887 quoque
451 828 539 886 ipse
569 828 781 871 amandus
803 837 867 872 est
888 829 906 869 ‘3
936 830 1001 872 Ita
1028 843 1132 872 vero
1149 863 1159 883 ‚
1185 830 1362 888 quando
1384 831 1477 875 sine

84 899 166 943 hoc
191 897 263 941 illa
290 913 379 942 non
409 905 627 940 amantur.
666 895 749 942 Sed
784 899 815 941 si
845 907 1022 957 propter
1054 898 1135 942 alia
1158 913 1257 958 quae
1291 902 1477 945 amanda

83 977 184 1014 sunt
216 983 336 1012 amor
357 975 526 1011 amatur
548 1002 559 1023 ,
592 983 678 1011 non
714 977 830 1012 recte
853 969 987 1012 amari
1010 968 1184 1014 dicitur.
1210 970 1328 1015 Nihil
1358 972 1474 1016 enim

82 1038 202 1085 aliud
223 1048 286 1083 est
315 1053 458 1083 amare
480 1074 490 1094 ,
523 1053 653 1098 quarn
683 1048 861 1098 propter
898 1055 942 1084 se
982 1040 1117 1098 ipsam
1154 1055 1244 1084 rem
1283 1041 1477 1101 aliquam

83 1120 298 1171 appetere.
329 1113 442 1156 Num
466 1109 597 1168 igitur
619 1120 797 1170 propter
819 1125 862 1155 se
884 1112 1026 1170 ipsum
1058 1127 1180 1157 amor
1206 1113 1477 1172 appetendus

81 1192 160 1238 est,
185 1197 286 1227 cum
317 1181 495 1242 quando
528 1180 637 1226 desit
674 1182 796 1241 quod
830 1192 1027 1236 amatur,
1055 1198 1103 1226 ea
1138 1184 1191 1227 sit
1228 1184 1477 1229 indubitata

81 1254 290 1298 miseria?
317 1251 484 1296 Deinde
515 1267 617 1295 cum
650 1267 772 1296 amor
808 1262 953 1296 motus
992 1253 1172 1312 quidam
1210 1253 1264 1296 sit
1284 1290 1294 1308 ,
1330 1270 1474 1314 neque

80 1323 194 1369 ullus
210 1324 263 1369 sit
281 1331 422 1367 motus
442 1323 522 1366 nisi
538 1322 592 1366 ad
615 1322 798 1382 aliquid,
815 1339 916 1368 eum
935 1324 1172 1383 quaerimus
1195 1325 1303 1383 quid
1327 1340 1472 1369 aman-

80 1393 186 1439 dum
214 1396 268 1439 sit
287 1429 297 1449 ‚
318 1394 427 1453 quid
449 1394 504 1437 sit
524 1393 634 1438 illud
650 1393 705 1438 ad
734 1393 855 1453 quod
878 1393 1043 1438 moveri
1066 1403 1288 1452 oporteat,
1310 1396 1474 1454 quaerie

80 1477 190 1509 mus.
231 1466 375 1517 Quare
411 1464 446 1507 si
479 1462 690 1508 amandus
719 1473 782 1508 est
818 1479 971 1520 amor,
1015 1479 1106 1509 non
1142 1465 1297 1524 utique
1332 1467 1472 1510 omnis

79 1535 287 1581 amandus
324 1543 401 1579 est.
435 1536 512 1579 Est
549 1535 665 1578 enim
701 1545 744 1580 et
775 1537 941 1595 turpis,
973 1551 1063 1596 quo
1097 1537 1267 1580 animus
1302 1553 1345 1580 se
1378 1537 1473 1597 ipso

79 1605 282 1651 inferiora
318 1614 507 1650 sectatur
524 1640 535 1661 ‚
560 1621 660 1665 quae
693 1607 828 1664 magis
850 1607 1025 1666 proprie
1046 1606 1261 1665 cupiditas
1283 1606 1444 1652 dicitur
1459 1644 1470 1663 ‚

79 1676 275 1722 omnium
305 1675 468 1721 scilicet
501 1676 715 1720 malorum
746 1675 880 1720 radix.
909 1680 965 1721 Et
998 1677 1098 1721 ideo
1121 1693 1212 1721 non
1234 1678 1473 1723 amandum

79 1755 163 1801 est,
189 1745 308 1807 quod
339 1748 532 1790 manenti
557 1755 600 1790 et
621 1745 784 1791 fruenti
804 1748 939 1792 amori
961 1747 1122 1792 auferri
1141 1756 1298 1806 potest.
1334 1750 1473 1808 Cujus

79 1831 183 1875 ergo
214 1817 276 1860 rei
304 1830 422 1860 amor
462 1815 675 1861 amandus
711 1826 803 1872 est⁷
844 1817 924 1862 nisi
961 1818 1051 1876 ejus
1084 1833 1185 1876 quae
1213 1832 1303 1861 non
1330 1827 1473 1876 potest

80 1887 226 1932 deesse
257 1886 364 1931 dum
387 1889 592 1931 amatur?
615 1886 667 1931 Id
695 1896 841 1932 autem
862 1897 954 1942 est,
980 1886 1100 1947 quod
1127 1886 1236 1931 nihil
1264 1896 1326 1932 est
1350 1888 1472 1932 aliud

79 1958 237 2003 habere
259 1973 392 2018 quam
422 1974 560 2003 nosse.
594 1962 726 2004 Porro
761 1974 915 2003 aurum
955 1968 998 2003 et
1019 1974 1151 2003 omne
1183 1974 1342 2018 corpus
1379 1975 1471 2005 non

79 2030 162 2075 hoc
186 2030 424 2074 esthabere
450 2031 570 2089 quod
587 2045 712 2075 nosse
739 2049 748 2075 z
774 2046 864 2076 non
881 2032 1029 2091 itaque
1047 2032 1284 2075 amandum
1308 2040 1387 2076 est.
1414 2033 1472 2076 Et

80 2101 284 2161 quoniam
313 2109 455 2160 potest
482 2100 646 2161 aliquid
669 2103 819 2157 amari,
853 2117 933 2147 nec
950 2102 1117 2156 haberi,
1142 2118 1232 2146 non
1254 2102 1396 2146 solum
1420 2118 1471 2146 ex

81 2171 145 2215 his
168 2187 267 2230 quae
286 2172 470 2215 amanda
494 2187 583 2216 non
607 2181 735 2227 sunt,
761 2181 811 2216 ut
831 2171 1065 2232 pulchrum
1090 2172 1267 2232 aliquod
1287 2187 1466 2232 corpus,

80 2240 154 2285 sed
184 2242 313 2286 etiam
344 2257 494 2287 eorum
532 2258 631 2302 quae
663 2243 849 2287 amanda
881 2252 1009 2299 sunt,
1041 2252 1092 2287 ut
1116 2244 1242 2286 beata
1273 2243 1394 2300 vita3
1427 2253 1471 2287 et

81 2325 225 2355 rursus
247 2320 390 2370 potest
417 2311 578 2372 aliquid
617 2313 793 2366 haberi,
829 2328 909 2358 nec
939 2313 1101 2367 amari,
1126 2321 1176 2356 ut
1198 2311 1429 2371 compedes
1455 2328 1464 2354 ε

75 2382 172 2441 jure
192 2383 404 2441 quaeritur
423 2392 572 2427 utrum
593 2384 728 2443 possit
748 2385 960 2444 quispiam
984 2383 1028 2427 id
1042 2383 1161 2443 quod
1183 2383 1344 2427 habere
1358 2383 1469 2427 nihil

82 2460 142 2495 est
164 2453 243 2496 nisi
257 2468 380 2496 nosse
395 2489 405 2509 ‚
432 2469 518 2497 non
541 2469 685 2498 amare
702 2470 803 2498 cum
818 2455 994 2508 habeat,
1018 2453 1063 2497 id
1078 2463 1156 2508 est,
1174 2454 1356 2497 noverit.
1383 2452 1465 2497 Sed

82 2537 180 2566 cum
194 2524 418 2569 videamus
440 2525 675 2570 nonnullos
697 2541 786 2569 non
805 2525 863 2571 oh
894 2524 1027 2579 aliud,
1053 2525 1174 2569 verbi
1200 2524 1355 2582 gratia,
1381 2523 1467 2567 dis-
