1790 3187
581 224 778 254 nprs'ron
810 227 946 255 van.
1363 215 1446 254 463

75 291 319 351 putandum
339 305 429 335 non
451 300 539 349 est,
563 300 612 336 ut
632 291 742 336 illud
758 294 901 351 potius
922 280 1097 350 agamus
1114 290 1232 335 unde
1254 306 1324 336 me
1340 307 1448 337 con-

75 361 305 406 sulendum
325 362 499 421 putasti.
525 362 710 407 Proinde
728 362 838 407 sicut
855 378 944 408 non
957 364 1076 423 juras
1091 397 1103 418 ,
1129 362 1189 406 ita
1210 377 1290 406 nec
1316 362 1450 407 alium

43 444 45 447 ’
76 433 110 476 si
126 433 209 478 hoc
230 431 526 492 placetjurare
562 432 824 492 compellas:
849 435 1043 494 quamvis
1079 432 1245 479 dietum
1277 434 1361 488 sit,
1397 448 1452 477 ne

72 503 286 562 juremus,
320 519 531 564 nusquam
545 513 690 548 autem
712 504 757 547 in
774 505 1001 564 Scripturis
1021 505 1176 549 sanctis
1193 503 1277 562 legi
1297 503 1452 547 memi÷

77 574 230 630 nerim,
256 590 310 619 ne
332 575 386 619 ab
410 574 494 620 alio
511 576 773 636 jurationem
793 575 1064 635 accipiamus.
1094 574 1189 620 Alia
1212 590 1314 620 vero
1331 589 1453 634 quae-

77 645 157 690 stio
178 654 262 700 est,
288 654 436 690 utrum
453 661 501 691 ea
520 661 625 705 pace
647 645 883 691 debeamus
905 647 967 690 uti
990 662 1088 706 quae
1117 646 1230 690 inter
1261 645 1365 689 alios
1387 645 1455 689 in-

79 716 215 764 vicem
231 717 425 776 jurantes
447 716 561 762 facta
590 726 666 762 est.
693 717 817 772 Quod
838 719 871 762 si
897 717 1127 773 nolumus,
1158 717 1233 761 ubi
1262 717 1455 762 vivamus

78 785 123 830 in
149 787 297 844 terris,
326 788 470 832 nescio
503 798 650 832 utrum
685 788 876 833 invenire
909 788 1134 849 possimus.
1170 790 1319 847 Neque
1341 788 1456 834 enim

78 859 384 909 tantummodo
404 859 555 916 limiti,
572 860 647 905 sed
668 861 875 906 universis
896 860 1125 920 provinciis
1147 875 1229 919 pax
1251 859 1457 905 concilia—

76 937 148 972 tur
173 930 391 990 juratione
428 931 666 976 barbarica.
694 931 818 976 Unde
837 940 880 974 et
907 930 1017 974 illud
1049 939 1272 988 sequetur,
1297 939 1346 973 ut
1367 944 1458 978 non

76 998 223 1059 fruges
241 1010 427 1056 tantum,
445 1018 544 1062 quae
563 1002 618 1046 ab
638 1002 697 1045 eis
719 999 1043 1056 custodiuntur,
1069 1000 1145 1060 qui
1168 1015 1244 1059 per
1261 999 1364 1044 deos
1383 999 1460 1044 fal·

76 1086 143 1115 sos
158 1072 442 1132 juraverunt,
464 1071 541 1116 sed
559 1072 722 1132 ubique
742 1071 970 1132 inquinata
990 1072 1073 1116 sint
1091 1071 1236 1116 omnia
1250 1088 1350 1132 quae
1369 1072 1461 1130 ipsa

77 1156 181 1200 pace
203 1143 478 1199 muniuntur,
504 1158 634 1202 quam
653 1143 812 1204 juratio
830 1142 903 1187 illa
920 1143 1163 1187 confirmat.
1188 1143 1318 1196 Quod
1337 1143 1371 1187 si
1388 1143 1462 1186 ab·

78 1212 376 1264 surdissimum
397 1223 460 1258 est
488 1214 655 1270 dicere,
685 1229 765 1258 nec
793 1213 867 1258 illa
889 1222 932 1258 te
959 1222 1162 1259 moveant
1194 1229 1293 1273 quae
1312 1228 1460 1259 move-

77 1282 198 1328 bant.

137 1357 218 1398 III.
256 1357 363 1400 Item
387 1355 421 1399 si
441 1355 496 1399 de
518 1371 616 1400 area
630 1355 698 1400 vel
719 1355 924 1400 torculari
942 1354 1121 1400 tollatur
1138 1352 1303 1414 aliquid
1318 1354 1374 1399 ad
1392 1370 1462 1399 sa-

79 1425 235 1469 crificia
261 1424 576 1471 daemoniorum
615 1427 775 1471 sciente
801 1426 1046 1471 Christiano
1066 1461 1077 1480 ‚
1114 1434 1264 1485 peccat
1303 1426 1337 1469 si
1371 1426 1464 1476 fieri

79 1496 289 1554 permittit
303 1531 313 1551 ,
361 1496 436 1540 ubi
478 1496 740 1556 prohibendi
780 1505 965 1556 potestas
1004 1506 1081 1541 est.
1131 1495 1260 1550 Quod
1301 1496 1336 1539 si
1371 1496 1463 1540 sae-

80 1574 174 1610 tum
200 1568 432 1626 comperit,
471 1577 547 1612 aut
581 1567 840 1627 prohibendi
872 1576 1128 1626 potestatem
1161 1582 1251 1611 non
1286 1566 1462 1623 habuit,

82 1638 217 1682 utitur
244 1638 419 1683 mundis
444 1638 617 1699 reliquis
644 1638 863 1684 fructibus
885 1638 1003 1683 unde
1038 1637 1111 1682 illa
1140 1638 1308 1683 sublata
1338 1645 1477 1696 sunt,

81 1709 191 1753 sicut
232 1709 428 1754 fontibus
475 1709 655 1764 utimur,
695 1710 749 1754 de
799 1709 957 1769 quibus
1001 1709 1165 1753 hauriri
1213 1724 1371 1768 aquam
1410 1709 1466 1753 ad

84 1795 210 1823 usum
251 1780 558 1824 sacrificiorum
589 1779 822 1824 certissime
849 1779 1020 1823 scimus.
1056 1778 1222 1823 Eadem
1251 1788 1314 1823 est
1337 1780 1468 1823 etiam

83 1850 191 1895 ratio
209 1849 497 1896 lavacrorum.
527 1852 678 1910 Neque
701 1850 816 1893 enim
839 1849 1036 1909 spiritum
1058 1848 1273 1894 deducere
1293 1849 1348 1894 de
1370 1854 1467 1895 aere

85 1921 336 1964 dubitamus
352 1956 363 1975 ,
388 1921 433 1964 in
450 1935 579 1981 quem
597 1923 755 1964 scimus
772 1920 833 1963 ire
851 1919 1024 1964 fumum
1044 1936 1094 1963 cx
1110 1921 1191 1964 aris
1208 1921 1411 1966 omnibus
1425 1929 1468 1965 et

85 1992 265 2036 incensis
294 1990 624 2036 daemoniorum,
668 1991 791 2035 Unde
827 2000 1005 2050 apparet
1037 1990 1148 2035 illud
1181 2007 1268 2036 esse
1316 1992 1462 2051 prohi-

87 2063 225 2106 bitum
241 2098 252 2119 ,
273 2078 327 2107 ne
346 2063 391 2106 in
412 2064 623 2107 honorem
656 2061 895 2107 alienorum
922 2062 1102 2107 deorum
1131 2061 1277 2122 aliqua
1307 2079 1351 2107 re
1377 2073 1468 2107 uta-

87 2149 201 2189 mur,
226 2143 300 2178 aut
316 2134 381 2178 uti
403 2134 708 2188 existimemur,
730 2134 789 2177 sic
812 2148 906 2176 eam
924 2131 1175 2192 accipiendo
1202 2143 1250 2177 ut
1272 2134 1469 2193 quamvis

90 2205 233 2249 animo
264 2213 618 2259 contemnamus,
654 2219 726 2248 eos
758 2213 903 2248 tamen
933 2204 1008 2264 qui
1043 2212 1240 2248 nostrum
1275 2203 1469 2248 animum

92 2278 317 2336 ignorant,
340 2279 394 2322 ad
412 2278 505 2322 haec
521 2277 774 2322 honoranda
793 2277 1071 2322 aedificemus.
1088 2280 1144 2322 Et
1166 2293 1267 2321 cum
1291 2278 1467 2337 templa,

93 2349 206 2393 idola
220 2385 231 2404 ,
256 2349 365 2404 luci,
388 2358 431 2393 et
447 2350 480 2393 si
503 2350 610 2409 quid
627 2349 901 2410 hujusmodi,
924 2348 1022 2393 data
1040 2358 1250 2407 potestate
1267 2359 1471 2394 evertun-

95 2429 182 2476 tur,
206 2421 403 2480 quamvis
424 2419 701 2465 manifestum
722 2430 784 2464 est
807 2436 905 2465 curn
923 2420 969 2474 id
992 2421 1177 2478 agimus,
1204 2436 1292 2465 non
1322 2436 1370 2465 ea
1393 2436 1472 2465 nos

25 2545 30 2553 ι
94 2491 330 2546 honorare,
351 2491 426 2536 sed
448 2492 591 2551 potius
608 2490 829 2550 detestari,
852 2491 948 2536 ideo
968 2501 1111 2536 tamen
1126 2492 1170 2535 in
1186 2508 1288 2536 usus
1305 2500 1472 2537 nostros

97 2562 285 2621 privatos
305 2562 517 2607 duntaxat
539 2571 581 2606 et
604 2561 798 2623 proprios
820 2577 910 2607 non
931 2561 1139 2608 debemus
1173 2561 1275 2608 inde
1308 2561 1472 2622 aliquid
