1790 3187
583 239 781 268 EPISTOLA
814 240 940 268 xmu.
1357 229 1442 269 435

51 308 160 353 Nam
175 305 222 350 in
236 304 312 350 illo
333 303 547 361 concilio,
572 305 650 350 ubi
667 321 688 350 a
712 305 918 350 confessis
939 303 1221 350 traditoribus
1242 305 1443 351 absentes

51 385 183 436 atque
204 377 456 421 innocentes
479 374 675 420 damnati
695 385 814 431 sunt,
835 377 961 435 pauci
984 375 1164 437 quidem
1185 384 1331 432 erant,
1364 376 1443 437 qui

51 446 233 491 crimina
249 461 332 490 sua
356 445 576 490 infamatis
597 446 688 491 aliis
710 455 856 506 tegere
885 447 1122 507 cupiebant
1137 481 1150 502 ‚
1172 455 1224 491 ut
1243 447 1443 492 homines

50 532 76 561 a
96 517 286 562 veritatis
308 516 589 577 inquisitione
610 527 909 563 averterentur
931 517 1049 563 falsis
1070 518 1318 563 rumoribus
1341 533 1446 564 avo-

51 587 152 632 cati.
187 587 319 633 Pauci
341 603 444 648 ergo
466 598 618 645 erant,
643 590 720 650 qui
741 589 825 634 hoc
848 590 1074 648 negotium
1104 589 1289 634 maxime
1315 604 1445 634 cura-

50 659 178 714 bant,
200 660 401 719 quamvis
418 659 463 704 in
481 660 540 704 eis
557 669 667 705 esset
685 661 821 721 major
839 661 1071 706 auctoritas
1086 696 1098 717 ‚
1118 671 1296 721 propter
1312 661 1446 721 ipsius

50 728 239 773 Secundi
273 731 550 785 societatem,
575 731 652 791 qui
683 731 742 776 eis
772 741 1022 791 pepercerat
1053 732 1243 776 territus.
1284 730 1444 778 Caeteri

51 808 195 845 autem
207 800 387 846 Lucillae
401 803 584 861 pecunia
599 803 784 847 maxime
796 803 1000 848 adversus
1013 804 1298 849 Caecilianum
1311 802 1449 862 empti

49 879 93 915 et
113 870 302 930 instigati
322 873 624 932 perhibentur.
646 876 810 918 Extant
831 883 950 933 gesta
972 877 1065 932 (29)
1088 874 1206 934 apud
1230 872 1445 932 Zenophi·

48 940 142 986 lum
173 944 447 989 consularem
473 980 485 1000 ‚
519 945 596 989 ubi
631 945 926 990 Nundinarius
962 944 1143 1004 quidam
1176 945 1385 988 diaconus
1421 957 1447 986 a

51 1013 240 1071 Sylvano
261 1015 446 1060 Cirtensi
472 1015 698 1074 episcopo,
724 1024 941 1074 quantum
960 1015 1060 1074 ipsis
1083 1016 1209 1073 gestis
1231 1013 1444 1072 intelligi·-

51 1092 144 1139 tur,
167 1085 429 1144 degradatus
444 1121 454 1141 ‚
480 1102 579 1130 cum
598 1086 637 1130 ei
659 1086 902 1131 satisfacere
922 1100 999 1145 per
1017 1086 1204 1130 aliorum
1224 1086 1448 1145 episcopo-

51 1170 149 1199 rum
180 1155 342 1201 litteras
374 1159 468 1215 (303
497 1155 657 1201 frustra
689 1167 871 1202 conatus
900 1166 1037 1210 esset,
1069 1156 1209 1202 multa
1242 1156 1449 1215 patefecit

49 1225 209 1282 iratus,
244 1228 352 1272 etin
377 1227 594 1288 judicium
621 1227 850 1287 publicum
881 1227 1064 1286 protulit
1097 1247 1106 1273 ε
1135 1228 1248 1272 inter
1269 1243 1369 1287 quae
1402 1226 1450 1270 id

49 1313 227 1359 quoque
249 1309 639 1344 commemoratum
668 1299 848 1357 legitur,
874 1301 996 1360 quod
1019 1298 1225 1355 Lucinae,
1261 1297 1448 1358 pecunia

50 1371 265 1429 corruptis
283 1370 497 1430 episcopis
516 1406 527 1426 ‚
552 1371 597 1414 in
626 1370 956 1429 Carthaginensi
980 1369 1182 1426 ecclesia,
1214 1370 1261 1413 in
1282 1369 1444 1414 Africae

49 1440 216 1499 capite,
243 1441 378 1486 altare
406 1452 558 1487 contra
580 1441 714 1486 altare
745 1441 935 1486 levatum
961 1452 1039 1486 est.
1067 1442 1163 1486 Scio
1197 1441 1318 1500 quod
1351 1441 1445 1484 haec

50 1511 178 1555 Gesta
199 1511 320 1556 vobis
342 1528 432 1557 non
455 1512 688 1572 legerimus
705 1547 716 1566 ‚
742 1512 817 1556 sed
837 1523 1008 1572 tempus
1029 1529 1118 1556 non
1139 1511 1271 1556 fuisse
1291 1511 1446 1554 memi-

49 1582 183 1627 nistis.
217 1586 364 1628 Inerat
386 1585 515 1629 etiam
541 1583 779 1628 nonnullus
802 1582 928 1628 dolor
950 1583 1082 1628 animi
1113 1581 1168 1626 de
1201 1583 1340 1642 typho
1367 1598 1445 1626 suc

49 1654 211 1712 perbiae
242 1655 418 1700 veniens
438 1690 450 1711 ,
477 1653 597 1715 quod
629 1670 719 1699 non
749 1654 830 1713 ipsi
856 1655 1164 1700 ordinaverant
1192 1652 1446 1710 Carthagini

48 1725 317 1784 episcopum.

106 1797 274 1840 XVIII.
310 1795 482 1848 Quibus
503 1795 708 1840 omnibus
724 1795 855 1838 rebus
872 1830 883 1850 ‚
907 1810 1006 1839 cum
1030 1810 1103 1839 eos
1121 1809 1210 1838 non
1233 1808 1356 1837 veros
1369 1793 1442 1853 ju-

48 1865 165 1911 dices
182 1902 194 1921 ,
215 1867 290 1911 sed
307 1867 503 1911 inimicos
520 1875 650 1926 atque
667 1876 896 1926 corruptos
913 1864 1171 1911 Caecilianus
1189 1865 1442 1909 convenisse

47 1947 350 1996 cognosceret3
375 1937 552 1998 quando
586 1938 677 1981 fieri
708 1947 871 1997 posset,
899 1947 947 1982 ut
978 1936 1047 1981 vel
1070 1938 1160 1995 ipse
1188 1936 1346 1990 vellet,
1371 1934 1443 1979 vel

47 2008 234 2068 populus
267 2010 338 2053 cui
374 2007 634 2068 praesidebat
663 2009 961 2067 permitteret,
993 2016 1042 2050 ut
1074 2006 1225 2051 relicta
1258 2006 1440 2050 ecclesia

45 2077 127 2124 iret
147 2080 194 2124 in
223 2079 405 2125 domum
440 2078 653 2138 privatam
671 2113 682 2132 ,
719 2094 808 2123 non
837 2076 1105 2136 collegarum
1135 2076 1438 2121 discutiendus

45 2151 262 2205 examine,
286 2153 361 2196 sed
391 2149 585 2196 factionis
612 2165 752 2194 cuneo
776 2158 818 2193 et
845 2148 956 2193 odiis
978 2147 1265 2192 muliebribus
1296 2146 1436 2192 truci-

48 2221 250 2267 dandus?
266 2237 368 2267 cum
389 2222 471 2266 sibi
488 2222 724 2281 praesertim
742 2219 910 2265 videret
923 2220 1044 2278 apud
1061 2219 1283 2263 ecclesiam
1304 2227 1439 2263 trans-

0 2306 2 2315 '
47 2294 258 2338 marinam
280 2293 457 2354 privatis
475 2293 709 2337 inimicitiis
727 2301 770 2336 et
788 2291 843 2336 ab
863 2300 1048 2350 utraque
1066 2300 1186 2349 parte
1202 2290 1439 2335 dissensio-

0 2369 2 2378 *
49 2366 113 2410 nis
133 2365 320 2410 alienam
337 2401 349 2420 ,
371 2365 677 2424 incorruptum
691 2373 734 2408 et
755 2364 975 2422 integrum
993 2377 1173 2406 examen
1195 2377 1284 2406 suae
1300 2378 1443 2407 causae

0 2450 4 2458 ·
47 2450 283 2482 remanere.
318 2437 402 2482 Ubi
419 2437 453 2481 si
474 2434 582 2480 nihil
604 2435 836 2480 adversarii
859 2449 987 2493 agere
1004 2431 1167 2477 vellent
1186 2467 1197 2488 ‚
1218 2432 1298 2492 ipsi
1315 2449 1359 2478 se
1382 2434 1438 2479 ab

0 2513 4 2541 ²
49 2507 162 2554 orbis
184 2517 397 2553 terrarum
420 2507 773 2552 innocentissima
793 2505 1103 2550 communione
1120 2504 1405 2563 praeciderent
1430 2523 1439 2551 ι

0 2603 4 2613 »
51 2578 85 2624 si
110 2592 256 2625 autem
278 2578 366 2624 illic
388 2595 489 2624 eum
510 2594 714 2624 accusare
738 2585 1001 2632 tentassent,
1021 2585 1128 2621 tunc
1156 2576 1238 2620 sibi
1257 2576 1446 2633 adesset,

1160 2647 1228 2687 28.
