1790 3187
661 270 858 300 nns‘roLA
889 273 977 300 1.1v.
1195 278 1198 279 ⁷
1421 262 1505 304 48⁷

275 467 374 525 AD
420 466 1000 540 INQUISITIONES
1042 467 1393 528 JANUARII

693 615 894 667 LIBER
918 616 971 681 Ι,

786 765 860 798 SEU

563 890 887 940 EPISTOLA
924 892 1032 941 LIV
1048 886 1082 939 ¹.

209 1027 421 1063 Dilectissimo
437 1026 502 1061 filio
519 1025 754 1062 JANUARIO
777 1025 1067 1061 AUGUSTINUS
1083 1023 1116 1058 in
1134 1025 1267 1060 Domino
1286 1024 1435 1060 salutem.

135 1161 433 1223 Augustinus
455 1158 698 1205 Junuario
727 1156 997 1219 respondet,
1023 1155 1199 1203 docens
1230 1156 1348 1218 quid
1371 1174 1516 1221 agen-

195 1229 308 1276 dum
329 1233 389 1277 sit
412 1232 460 1277 in
483 1232 555 1288 iis,
581 1234 629 1276 in
651 1229 819 1290 quibus
843 1231 1087 1294 regionum
1106 1240 1191 1276 aut
1207 1229 1515 1276 eeclesiarum

193 1302 556 1348 eonsuetudines
582 1303 793 1358 variant,
829 1311 873 1346 et
913 1301 961 1346 z'n
990 1299 1157 1361 quibus
1184 1302 1482 1347 consentiunt
1494 1322 1515 1357 ,-

185 1383 308 1434 puta
333 1373 392 1420 de
418 1373 910 1436 sacramelztc's,sestis
938 1371 1120 1432 diebus,
1133 1373 1323 1438 jejunio
1344 1384 1389 1420 ec
1405 1373 1512 1420 Eu-

190 1446 441 1493 charistia.

190 1610 226 1652 I.
249 1610 316 1653 An
333 1623 382 1653 ea
403 1623 503 1669 quae
520 1623 590 1653 me
609 1608 898 1667 interrogasti,
924 1606 1099 1652 mallem
1119 1607 1238 1668 prius
1262 1620 1387 1651 nosse
1408 1604 1517 1665 quid

130 1678 417 1739 interrogatus
439 1680 530 1739 ipse
562 1680 872 1740 responderes:
897 1680 956 1724 ita
984 1680 1099 1723 enim
1132 1679 1202 1724 vel
1231 1676 1516 1738 approbando

130 1750 200 1795 vel
233 1751 508 1796 emendando
535 1752 831 1812 responsiones
864 1760 959 1795 tuas
980 1749 1119 1794 multo
1149 1749 1322 1794 brevius
1346 1763 1515 1808 possem

130 1824 408 1881 respondere,
426 1833 469 1869 et
487 1832 530 1868 te
561 1823 764 1868 facillime
786 1832 861 1867 aut
883 1823 1156 1876 confirmare,
1186 1830 1261 1865 aut
1282 1820 1512 1879 corrigere.

132 1895 226 1938 Hoc
241 1894 436 1954 quidem,
456 1904 505 1940 ut
524 1895 626 1948 dixi,
645 1894 832 1938 mallem.
855 1893 938 1940 Sed
954 1902 1099 1937 tamen
1120 1901 1169 1937 ut
1191 1908 1309 1936 nune
1332 1907 1513 1950 respon-

131 1966 295 2021 derem,
321 1966 454 2010 malui
480 1967 720 2026 longiorem
746 1965 885 2011 facere
906 1980 1166 2020 sermonem,
1185 1980 1315 2025 quam
1341 1963 1514 2008 dilatio-

130 2052 246 2081 nem.
274 2038 416 2083 Primo
434 2039 580 2098 itaque
601 2048 747 2083 tenere
772 2048 814 2083 te
840 2037 956 2092 volo,
983 2037 1101 2097 quod
1122 2045 1185 2081 est
1209 2037 1337 2097 hujus
1362 2035 1514 2095 dispu-

132 2109 307 2153 tationis
329 2119 475 2169 caput,
495 2110 728 2155 Dominum
752 2119 948 2155 nostrum
971 2112 1117 2154 Jesum
1142 2109 1380 2161 Christum,
1406 2108 1517 2151 sicut

133 2180 223 2239 ipse
246 2181 290 2224 in
318 2181 556 2241 Evangelio
577 2181 788 2242 loquitur,
816 2182 903 2225 leni
929 2182 1034 2241 jugo
1061 2196 1139 2225 suo
1170 2195 1248 2224 nos
1276 2178 1517 2223 subdidisse

132 2260 176 2295 et
205 2253 382 2296 sarcinae
401 2253 488 2299 levi
512 2257 529 2280 2
553 2273 562 2298 :
589 2254 706 2298 unde
728 2254 1005 2298 sacramentis
1028 2267 1210 2296 numero
1233 2249 1514 2310 paucissimis,

131 2323 432 2369 observatione
453 2324 682 2381 facillimis,
710 2325 1023 2384 significatione
1047 2322 1423 2384 praestantissimis,
1444 2336 1516 2365 so-

132 2394 330 2439 cietatem
355 2396 456 2440 novi
479 2396 630 2456 populi
654 2396 888 2456 colligavit,
914 2396 1040 2440 sicuti
1069 2405 1132 2440 est
1164 2394 1402 2453 baptismus
1427 2392 1515 2436 Tri-

132 2465 278 2509 nitatis
299 2468 475 2511 nomine
497 2478 786 2524 consecratus,
805 2467 1140 2512 communicatio
1152 2465 1340 2525 corporis
1354 2473 1396 2507 et
1413 2478 1513 2507 san-

181 2582 190 2598 ¹
217 2576 301 2609 Alias
320 2588 444 2610 cxxvnr.
478 2589 546 2621 quae
566 2583 672 2611 autem
696 2590 742 2609 m?
766 2582 852 2619 erat,
884 2588 964 2609 nunc
986 2587 1068 2608 cmv.
1088 2594 1126 2598 -—
1142 2577 1267 2618 Scripta
1296 2575 1382 2607 circa
1399 2583 1511 2604 annum

134 2629 205 2671 [400.
220 2649 259 2655 ——-
275 2638 286 2654 ²
312 2633 425 2665 Matth.
449 2645 494 2672 xi,
513 2635 563 2665 30.
