1790 3187
269 240 351 279 500
688 251 718 275 5.
758 246 988 274 Δι’0115τιΝῐ
1023 247 1201 274 1110500111

265 315 472 376 paulatim
491 315 611 358 terris
632 311 895 366 ostenderet,
918 312 1057 356 donec
1079 321 1216 357 totam
1239 312 1501 366 ostenderet,
1527 313 1649 370 quasi

266 395 496 445 augmenta
521 393 779 439 monstrare,
806 383 912 427 dum
930 399 1018 428 non
1039 383 1225 428 addatur
1247 382 1368 444 quod
1385 382 1531 427 deerat
1548 418 1558 437 ‚
1576 383 1651 426 sed

270 457 480 518 prodatur
498 454 617 515 quod
629 454 767 498 inerat
784 471 857 513 gae
873 469 1020 499 rursus
1035 453 1241 513 paulatim
1254 454 1518 499 abscondere
1533 453 1651 514 quod

263 529 441 590 patebat
457 563 467 583 ‚
494 536 536 571 ct
558 527 657 570 ideo
678 525 815 571 videri
844 527 1105 570 decrescere.
1133 525 1218 571 Sed
1241 524 1471 585 quodlibet
1494 525 1650 569 horum

263 602 317 645 sit
339 600 548 654 duorum,
571 597 683 642 illud
712 607 827 642 certe
849 596 1128 642 manifestum
1150 606 1237 652 est,
1274 606 1317 641 et
1340 597 1474 641 cuivis
1497 595 1652 641 adver-

263 671 371 716 tenti
394 669 521 716 facile
539 670 763 729 cognitum
780 705 790 725 9
818 669 939 729 quod
960 668 1064 713 luna
1083 683 1171 712 uon
1197 676 1407 727 augeatur
1428 667 1483 711 ad
1505 666 1654 712 oculos

262 753 431 789 nostros
448 778 459 799 ,
485 740 565 786 nisi
588 758 612 786 a
645 742 735 787 sole
761 741 1033 796 recedendo,
1060 755 1204 801 neque
1228 741 1469 797 minuatur,
1495 739 1577 784 nisi
1599 738 1653 784 ad

265 815 398 860 solem
416 831 466 858 ex
488 824 611 874 parte
634 813 715 857 alia
737 810 1091 873 propinquando.

320 890 444 931 VIII.
480 887 670 931 Attende
697 901 815 929 nunc
838 884 958 945 quod
980 885 1024 927 in
1047 882 1292 928 Proverbiis
1315 882 1500 942 legitur3
1528 900 1548 926 «
1575 886 1652 927 Sa-

264 978 284 1000 »
311 958 433 1017 piens
454 957 563 1002 sieut
587 955 647 1000 sol
673 965 924 1015 permanet,
946 954 1103 999 stultus
1126 963 1271 998 autem
1289 954 1402 999 sicut
1421 954 1527 999 luna
1552 969 1652 998 mu-

265 1049 284 1071 »
312 1038 427 1073 tatur
442 1032 474 1071 1.
503 1047 522 1070 »
546 1031 602 1072 Et
624 1028 720 1086 quis
743 1037 806 1070 est
829 1026 995 1086 sapiens
1018 1026 1092 1085 qui
1117 1035 1369 1085 permanet,
1393 1026 1474 1070 11151
1497 1025 1561 1070 501
1582 1024 1655 1069 ille

259 1100 439 1161 justitiae
472 1099 526 1142 de
554 1112 643 1157 quo
665 1097 824 1141 dicitur
852 1116 861 1141 ι
892 1115 910 1137 ι(
937 1097 1068 1140 Ortus
1092 1105 1155 1140 est
1176 1096 1281 1140 mihi
1302 1096 1366 1141 501
1388 1097 1566 1156 justitias
1593 1116 1602 1141 ι
1630 1114 1650 1138 »

262 1181 305 1216 et
326 1184 456 1230 quem
476 1169 556 1213 sibi
579 1184 667 1212 non
686 1167 815 1211 fuisse
832 1177 978 1212 ortum
996 1166 1040 1210 in
1062 1165 1132 1210 die
1154 1167 1382 1212 novissima
1401 1166 1655 1226 plangentes

261 1241 384 1301 impii
407 1241 565 1285 dicturi
587 1248 712 1296 sunt3
742 1257 762 1280 «
787 1241 842 1282 Et
860 1237 1044 1298 justitiae
1075 1236 1224 1281 lumen
1253 1251 1341 1281 non
1371 1236 1482 1281 luxit
1504 1238 1652 1294 nobis,

265 1331 284 1353 ³)
313 1321 355 1355 et
379 1311 446 1369 sol
480 1325 569 1354 non
600 1319 719 1354 ortus
753 1317 816 1352 est
844 1307 1000 1352 nobis2
1021 1308 1126 1365 (44).
1164 1325 1184 1348 »
1222 1310 1331 1353 Nam
1355 1308 1487 1352 istum
1516 1309 1656 1353 carnis

261 1382 396 1427 oculis
427 1381 639 1425 visibilem
669 1379 803 1425 solem
839 1379 940 1424 oriri
972 1378 1077 1423 facit
1112 1394 1241 1438 super
1273 1379 1411 1425 bonos
1444 1389 1487 1424 et
1518 1380 1655 1426 malos

263 1457 397 1508 Deus,
425 1453 501 1512 qui
532 1454 658 1496 etiam
684 1449 797 1511 pluit
827 1465 956 1510 super
973 1452 1112 1510 justos
1136 1461 1179 1494 et
1200 1451 1396 1510 injustos
1424 1455 1655 1497 Ducuntur

263 1534 410 1567 autem
428 1538 542 1581 saepe
563 1538 613 1566 cx
636 1523 765 1565 rebus
789 1521 1031 1565 visibilibus
1053 1522 1107 1565 ad
1122 1520 1353 1566 invisibilia
1371 1537 1574 1582 congruae
1596 1524 1655 1567 si-

261 1594 544 1639 militudines.
572 1593 677 1646 Quis
707 1602 770 1636 est
792 1607 895 1651 ergo
917 1591 989 1635 ille
1011 1591 1190 1648 stultus,
1222 1595 1298 1653 qui
1318 1603 1526 1654 tanquam
1550 1593 1656 1639 luna

263 1675 456 1710 mutatur
478 1700 487 1719 ‚
514 1665 593 1708 nisi
627 1665 763 1708 Adam
788 1665 833 1707 in
860 1679 948 1723 quo
975 1679 1124 1708 omues
1153 1668 1476 1723 peccaverunt?
1498 1666 1654 1710 Anima

263 1737 425 1797 quippe
448 1736 640 1779 humana
676 1733 881 1778 recedens
904 1750 927 1777 a
959 1734 1047 1777 sole
1069 1735 1248 1793 justitiae
1268 1770 1278 1790 ,
1313 1735 1368 1779 al)
1389 1734 1462 1779 illa
1493 1736 1655 1780 scilicet

263 1810 433 1853 interna
462 1805 832 1865 contemplatione
860 1804 1230 1849 incommutabilis
1252 1806 1472 1862 veritatis,
1505 1822 1655 1852 omnes

264 1880 374 1925 vires
397 1895 494 1923 suas
514 1880 559 1922 111,
582 1886 756 1921 externa
780 1877 1015 1931 convertit,
1037 1885 1079 1920 et
1097 1892 1147 1922 eo
1167 1878 1301 1937 magis
1322 1880 1544 1938 magisque
1561 1879 1654 1923 obs-

266 1960 442 1995 curatur
457 1950 503 1993 in
524 1947 805 1992 interioribus
827 1962 875 1990 ae
903 1947 1197 2006 superioribus
1219 1949 1306 1993 suis
1329 1968 1338 1994 :
1363 1949 1438 1994 sed
1461 1965 1561 1994 cum
1585 1965 1655 1994 re-

267 2021 359 2065 dire
378 2020 558 2079 eoeperit
577 2018 630 2062 ad
650 2018 766 2061 illam
784 2018 1185 2062 incommutabilem
1201 2020 1471 2078 sapientiam,
1491 2030 1657 2081 quanto

267 2092 401 2150 magis
425 2091 462 2134 ei
484 2089 805 2149 appropinquat
829 2088 989 2132 affectu
1010 2089 1203 2147 pietatis,
1230 2098 1350 2134 tanto
1379 2092 1512 2149 magis
1534 2101 1654 2136 exte-

264 2164 350 2207 rior
371 2163 504 2206 homo
526 2159 843 2218 corrumpitur,
869 2159 944 2203 sed
976 2159 1154 2204 interior
1186 2171 1418 2207 renovatur
1440 2161 1494 2207 de
1515 2163 1585 2207 die
1609 2163 1655 2207 in

266 2238 380 2282 diem
401 2272 411 2292 ‚
437 2236 664 2295 omnisque
685 2234 759 2278 lux
783 2233 855 2278 illa
873 2234 1058 2293 ingenii,
1084 2250 1183 2295 qua}
1203 2236 1259 2280 ad
1281 2236 1485 2282 inferiora
1504 2253 1655 2297 verge-

269 2309 358 2361 bat,
380 2308 435 2351 ad
457 2308 680 2366 superiora
703 2306 986 2361 convertitur,
1007 2315 1050 2350 et
1066 2323 1089 2351 a
1112 2308 1292 2351 terrenis
1309 2308 1500 2368 quodam
1523 2310 1657 2355 modo

268 2378 463 2423 aufertur
475 2413 485 2431 ‚
506 2387 556 2421 ut
571 2377 706 2435 magis
725 2377 946 2436 magisque
962 2377 1065 2421 huic
1080 2378 1240 2425 sfeculo
1257 2380 1489 2436 moriatur,
1510 2389 1553 2426 et
1569 2381 1656 2426 vita

266 2450 356 2509 ejus
379 2449 674 2493 abscondatur
696 2464 796 2492 cum
821 2448 992 2493 Christo
1010 2449 1054 2492 in
1075 2453 1178 2494 Deo.

325 2521 403 2564 IX.
440 2522 636 2564 Mutatur
659 2533 759 2577 ergo
779 2518 823 2563 in
845 2518 1034 2565 deterius
1053 2519 1107 2565 ad
1126 2521 1335 2568 exteriora
1357 2522 1651 2582 progrediens,

318 2610 322 2624 ¹
352 2602 449 2635 Eecti.
472 2614 575 2644 xxvii,
602 2613 649 2636 12.
669 2621 705 2627 --
726 2609 737 2625 2
760 2605 833 2646 Sap.
857 2614 888 2641 v,
907 2603 940 2635 6.
