1790 3187
297 219 381 259 506
722 233 755 258 s.
791 229 1023 258 Atreum-nvi
1055 230 1237 258 13121300121

297 297 475 356 gionum
506 296 618 351 vias,
644 311 722 340 nec
745 295 857 341 solos
874 305 1121 356 temporum
1143 310 1362 352 numeros,
1393 311 1474 341 nec
1506 297 1676 357 spirita-

294 367 403 411 lium
427 366 747 422 similitudines,
783 367 858 411 sed
893 369 1014 426 quasi
1050 366 1196 412 fatalia
1233 382 1376 411 rerum
1399 368 1488 428 jam
1523 377 1677 413 eventa

293 438 563 498 perquirant,
589 439 685 496 quis
704 453 792 481 non
815 436 1025 495 intelligat
1043 439 1061 480 ‘3

353 511 472 552 XVI.
497 507 581 554 Sed
597 509 686 568 jam
708 507 911 567 deinceps
931 508 1152 552 videamus
1173 524 1252 553 cur
1272 507 1402 552 etiam
1419 506 1465 551 id
1481 508 1677 554 observe-

293 589 382 634 tur,
403 595 502 623 cum
527 579 688 623 Pascha
712 578 973 635 celebratur,
996 588 1047 623 ut
1078 579 1309 624 sabbatum
1339 587 1568 624 occurrat:
1593 581 1679 624 hoc

294 651 407 694 enim
428 650 652 709 proprium
668 651 924 695 Christianae
939 650 1156 709 religionis
1175 659 1253 695 est.
1274 653 1382 696 Nam
1396 649 1539 694 Judaei
1560 665 1679 694 men-

293 737 384 766 sem
406 737 620 767 novorum
641 722 948 767 tantummodo
970 731 1012 766 et
1033 722 1184 766 lunam
1205 722 1436 767 observant
1457 738 1479 766 a
1501 730 1680 782 quarta-

293 793 460 838 decima
496 810 636 853 usque
677 794 731 838 ad
764 795 1264 854 vicesimam-primam,
1310 793 1394 839 Sed
1432 795 1534 854 quia
1567 792 1679 838 illud

292 879 444 909 eorum
462 866 624 910 Pascha
643 867 755 924 (45),
776 881 864 925 quo
886 881 1033 925 passus
1055 874 1118 910 est
1139 865 1366 919 Dominus,
1392 865 1451 909 ita
1473 865 1676 921 occurrit,

292 945 343 979 ut
360 937 474 980 inter
492 946 677 981 mortem
699 938 790 996 ejus
813 946 858 981 et
879 938 1238 981 resurrectionem
1261 935 1429 980 medius
1450 945 1560 981 esset
1579 937 1681 980 sab-

293 1006 382 1050 bati
399 1006 506 1062 dies,
522 1006 773 1051 addendum
792 1016 935 1067 patres
951 1008 1085 1052 nostri
1099 1016 1389 1052 censuerunt:
1408 1016 1457 1051 ut
1473 1015 1516 1051 et
1533 1016 1679 1052 nostra

291 1075 499 1121 festivitas
523 1093 546 1121 a
564 1078 819 1122 Judaeorum
843 1078 1075 1123 festivitate
1099 1078 1467 1138 distingueretur,
1487 1087 1530 1122 et
1559 1078 1680 1139 quod

291 1163 381 1192 non
408 1146 566 1192 frustra
595 1146 760 1192 factum
791 1163 880 1193 esse
909 1148 1179 1193 credendum
1210 1158 1274 1193 est
1302 1150 1357 1193 ab
1380 1149 1474 1204 illo,
1504 1150 1580 1208 qui
1615 1158 1680 1194 est

291 1229 391 1263 ante
425 1229 636 1280 tempora,
664 1229 706 1264 et
740 1236 816 1280 per
852 1236 981 1280 quem
1018 1219 1130 1264 facta
1159 1229 1262 1264 sunt
1295 1229 1508 1281 tempora,
1529 1230 1573 1265 et
1603 1221 1680 1281 qui

289 1290 409 1334 venit
426 1290 471 1333 in
490 1290 765 1349 plenitudine
780 1300 1046 1350 temporum,
1064 1292 1195 1351 etqui
1213 1300 1472 1350 potestatem
1490 1291 1680 1336 habebat

288 1361 481 1421 ponendi
511 1362 700 1406 animam
733 1377 854 1406 suam
877 1372 920 1406 et
941 1363 1101 1407 iterum
1120 1361 1356 1422 recipiendi
1377 1377 1490 1418 eam,
1516 1371 1559 1406 et
1580 1362 1679 1407 ideo

288 1448 378 1477 non
395 1432 590 1488 fatalem,
616 1435 690 1477 sed
706 1442 998 1493 opportunam
1019 1442 1307 1489 sacramento,
1328 1434 1448 1493 quod
1461 1449 1680 1478 commen-

287 1503 391 1548 dare
412 1505 674 1557 instituerat,
699 1506 850 1549 horam
882 1506 1157 1564 expectabat,
1183 1520 1284 1549 cum
1302 1504 1481 1560 diceret,
1513 1524 1533 1547 «
1559 1507 1679 1550 Non-

289 1594 309 1617 »
328 1576 434 1620 dum
460 1577 580 1621 venit
602 1578 708 1621 hora
731 1593 827 1621 mea
859 1579 890 1632 1,
921 1594 940 1618 »
966 1577 1012 1620 in
1035 1577 1322 1622 anniversaria
1356 1576 1565 1637 passionis
1588 1577 1679 1636 ejus

286 1647 579 1692 celebratione
601 1665 622 1692 a
646 1649 828 1708 posteris
846 1658 1106 1693 servaretur.

344 1720 487 1762 XVII.
526 1718 656 1771 Quod
684 1720 797 1762 enim
822 1734 955 1773 nunc,
983 1728 1031 1762 ut
1053 1719 1249 1778 superius
1283 1718 1386 1772 dixi,
1422 1718 1511 1762 {ide
1532 1733 1582 1762 ac
1604 1732 1679 1777 spe

286 1790 490 1847 gerimus,
507 1798 638 1849 atque
661 1798 710 1833 ut
726 1789 780 1833 ad
794 1789 837 1833 id
852 1791 1156 1849 perveniamus
1174 1788 1408 1834 dilectione
1427 1789 1676 1847 satagimus,

286 1860 457 1920 requies
471 1869 534 1904 est
548 1860 749 1920 quaedam
774 1861 828 1904 ab
851 1861 970 1905 omni
993 1861 1143 1905 labore
1165 1862 1361 1905 omnium
1384 1860 1678 1906 molestiarum

285 1941 431 1976 sancta
456 1941 586 1992 atque
611 1941 821 1990 perpetua
851 1933 920 1976 :in
940 1948 1035 1976 eam
1057 1932 1182 1976 nobis
1204 1947 1255 1975 ex
1268 1933 1349 1976 hac
1370 1931 1457 1976 vita
1482 1932 1532 1976 fit
1555 1940 1677 1975 tran-

284 2004 405 2057 situs,
440 2018 570 2062 quem
595 2003 801 2047 Dominus
835 2012 981 2047 noster
1003 2007 1124 2048 Jesus
1155 2004 1352 2049 Christus
1384 2019 1460 2047 sua
1479 2003 1678 2062 passione

284 2082 616 2132 praemonstrare
638 2089 687 2118 ac
714 2089 964 2118 consecrare
987 2074 1191 2132 dignatus
1223 2083 1299 2117 est.
1326 2077 1444 2118 Inest
1466 2082 1611 2117 autem
1631 2073 1677 2116 in

284 2144 357 2188 illa
381 2146 530 2204 requie
562 2161 651 2189 non
677 2145 890 2190 desidiosa
907 2146 1104 2205 segnitia,
1130 2145 1204 2188 sed
1221 2144 1422 2204 quaedam
1441 2144 1676 2188 ineffabilis

284 2216 575 2276 tranquillitas
599 2216 782 2260 actionis
804 2218 966 2261 otiosae.
1000 2217 1067 2261 Sic
1087 2217 1201 2260 enim
1226 2216 1280 2261 ab
1303 2217 1432 2277 hujus
1449 2216 1551 2260 vitae
1570 2230 1676 2275 ope-

284 2287 401 2330 ribus
424 2289 468 2330 in
490 2288 576 2331 fine
591 2288 891 2348 requiescitur,
912 2299 961 2332 ut
985 2288 1030 2331 in
1053 2287 1228 2332 alterius
1249 2287 1351 2332 vitae
1373 2288 1542 2332 actione
1565 2303 1674 2346 gau-

283 2357 452 2402 deatur.
495 2357 577 2402 Sed
610 2359 711 2419 quia
745 2359 840 2403 talis
877 2359 985 2403 actio
1017 2359 1061 2402 in
1096 2359 1171 2403 Dei
1214 2358 1344 2402 laude
1381 2359 1520 2416 agitur
1536 2392 1547 2412 ,
1582 2357 1675 2402 sine

279 2427 433 2472 labore
450 2429 764 2485 membrorum,
786 2430 878 2473 sine
899 2444 1058 2487 angore
1080 2444 1299 2484 curarum,
1318 2444 1408 2473 non
1426 2428 1480 2472 ad
1497 2443 1591 2472 eam
1614 2427 1674 2471 sic

282 2499 490 2543 transitur
517 2514 594 2559 per
611 2501 821 2561 quietem,
849 2509 896 2545 ut
916 2500 995 2559 ipsi
1015 2499 1141 2545 labor
1162 2500 1379 2554 succedat,
1410 2497 1456 2542 id
1478 2508 1557 2554 est,
1582 2513 1673 2543 non

332 2591 340 2606 ¹
360 2586 453 2616 Joan.
472 2595 508 2625 n,
527 2585 559 2626 4.
