1790 3187
389 195 441 220 DE
474 195 577 221 oc'ro
611 193 800 221 DULC1Ttt
834 197 1162 231 QUAESTiofflnts.
1383 187 1463 224 221

93 268 111 290 »
137 263 236 292 eum
255 250 262 271 ¹
280 251 297 289 ⁴?
319 265 337 288 2>
365 247 538 291 Falsum
564 249 643 291 erit
668 258 710 292 et
735 247 840 291 illud
871 268 878 292 :
916 269 934 290 «
960 250 1100 295 Notite
1134 265 1302 304 errare,
1329 266 1471 311 neque

91 338 110 360 »
136 319 414 362 fornicatores
435 353 445 372 ,
471 334 611 377 neque
633 317 757 362 idolis
782 320 1033 374 servientes,
1061 336 1203 380 neque
1226 320 1365 376 fures,
1392 337 1472 365 ne-

91 407 110 431 »
135 404 219 448 que
249 389 391 444 avari,
417 404 559 448 neque
583 388 796 443 adulteri,
823 406 965 448 neque
990 389 1165 449 molles,
1190 406 1333 450 neque
1356 407 1471 436 mas-

90 477 109 502 »
136 458 332 503 culorum
357 459 661 504 concubitores
677 495 687 514 ,
713 475 856 518 neque
879 461 1057 515 ebriosi,
1083 477 1226 522 neque
1247 461 1470 518 maledici,

89 549 109 573 »
136 545 277 589 neque
310 546 483 589 rapaces
512 547 692 590 regnum
726 532 799 575 Dei
828 532 1155 590 possidebunt2.
1186 553 1204 575 n
1233 533 1407 578 Falsum
1430 543 1474 578 et

87 600 193 646 illud
221 621 229 646 :
261 621 281 643 «
313 602 542 647 Manifesta
569 613 670 648 sunt
693 618 821 662 opera
844 605 1010 659 earnis,
1037 621 1137 665 quae
1159 614 1261 649 sunt
1282 605 1475 650 fornica-

91 693 108 715 »
134 673 269 716 tiones
291 708 302 726 ,
333 674 640 718 immunditife.
677 671 948 733 impudicitia
975 710 985 730 ,
1020 675 1186 721 luxuria
1211 711 1222 730 ,
1253 677 1472 720 idolorum

89 761 108 785 »
133 743 314 788 servitus
338 745 567 798 veneficia,
594 745 853 803 inimicitiae,
880 748 1204 801 contentionas,
1229 747 1474 791 aemulatio-

91 833 109 856 »
135 830 231 868 nes,
266 815 584 870 animositates,
623 814 973 868 dissensationes,
1015 817 1226 871 haereses,
1267 817 1472 872 invidiae,

89 903 108 926 »
134 886 386 939 ebrietates,
424 887 754 929 comessationes
770 921 780 940 ,
810 895 852 928 et
874 886 938 928 his
961 886 1135 941 similia,
1162 903 1261 946 quae
1283 887 1475 946 prcedico

90 974 108 997 »
133 956 275 1009 vobis,
301 957 411 999 sieut
433 965 475 1000 et
498 955 701 1017 praedixi,
730 956 937 1016 quoniam
961 957 1035 1015 qui
1053 956 1153 1001 talia
1182 970 1344 1016 agunt,
1378 973 1476 1017 reg·-

89 1045 108 1068 »
134 1042 238 1070 num
260 1027 334 1069 Dei
356 1041 443 1069 non
463 1026 747 1085 possidebunt
764 1028 794 1070 3.
828 1047 844 1068 »
871 1027 990 1081 Falsa
1013 1037 1143 1072 erunt
1159 1028 1268 1072 haec.
1295 1029 1338 1074 Si
1357 1030 1472 1073 enim

86 1096 389 1142 tantummodo
423 1099 602 1142 credant
633 1107 676 1141 et
706 1098 1009 1157 baptizentur,
1043 1099 1240 1158 quamvis
1272 1100 1318 1143 in
1350 1099 1474 1144 malis

88 1169 239 1213 talibus
268 1179 563 1227 perseverent,
598 1169 702 1213 salvi
726 1179 854 1213 erunt
886 1185 961 1228 per
992 1169 1135 1227 ignem
1166 1189 1174 1214 :
1213 1179 1345 1230 atque
1377 1170 1475 1215 ideo

86 1239 128 1283 in
150 1239 321 1283 Christo
355 1240 578 1297 baptizati,
611 1241 739 1284 etiam
773 1240 848 1300 qui
882 1239 983 1284 talia
1019 1250 1154 1298 agunt
1188 1256 1368 1299 regnum
1400 1241 1476 1285 Dei

87 1310 383 1371 possidebunt.
418 1313 593 1354 Frustra
626 1320 771 1354 autem
810 1310 990 1365 dicitur,
1027 1330 1046 1353 α
1085 1313 1140 1354 Et
1167 1311 1262 1356 haec
1295 1311 1475 1371 quidem

89 1399 109 1422 »
136 1380 297 1435 fuistis,
323 1381 398 1425 sed
420 1381 557 1424 abluti
582 1381 678 1424 estis
695 1383 709 1406 ⁴
730 1400 738 1425 :
767 1400 785 1421 »
813 1381 991 1441 quando
1013 1390 1056 1425 et
1077 1380 1216 1425 abluti
1238 1382 1332 1426 haec
1354 1391 1471 1427 sunt.

88 1453 276 1497 Inaniter
299 1452 428 1495 etiam
451 1452 560 1495 iliud
590 1468 613 1496 a
638 1455 764 1496 Petro
793 1451 958 1495 dictum
991 1452 1214 1496 videbitur
1243 1471 1252 1496 ε
1291 1472 1311 1494 «
1338 1453 1404 1497 Sic
1433 1462 1476 1497 et

90 1541 109 1565 »
134 1539 208 1568 vos
230 1523 355 1566 simili
380 1522 517 1566 forma
540 1523 750 1581 baptisma
771 1522 910 1566 salvos
931 1521 1055 1576 facit,
1080 1539 1168 1567 non
1186 1524 1326 1567 earnis
1344 1522 1477 1583 depo-

89 1613 108 1636 »
134 1595 228 1638 sitio
264 1595 480 1649 sordium,
513 1594 588 1638 sed
615 1595 891 1638 conscientiae
920 1594 1050 1638 bonae
1071 1595 1385 1653 interrogatio⁵
1414 1615 1422 1640 :
1451 1614 1471 1637 »

87 1666 297 1726 siquidem
332 1675 373 1709 et
402 1666 611 1708 habentes
640 1665 844 1724 pessimas
867 1666 1151 1710 conscientias
1175 1668 1371 1710 omnium
1394 1667 1475 1711 ssa-

89 1738 291 1797 gitiorum
315 1747 357 1780 et
379 1736 588 1780 scelerum
612 1739 782 1795 plenas,
809 1752 888 1780 nee
911 1752 1062 1780 eorum
1092 1736 1305 1780 malorum
1328 1738 1477 1796 poeni-

90 1809 222 1852 tentia
242 1817 426 1851 mutatas
443 1842 453 1860 ,
475 1816 621 1850 tamen
641 1806 851 1865 baptisma
872 1806 1011 1851 salvos
1028 1806 1131 1850 facit
1152 1826 1160 1851 :
1181 1817 1357 1866 prepter
1371 1807 1475 1852 fun-

88 1878 340 1923 damentum
360 1879 474 1921 enim
495 1878 613 1937 quod
632 1878 676 1921 in
695 1878 847 1922 eodem
871 1878 1127 1937 baptismate
1150 1879 1477 1938 ponitur,‘licet

90 1966 162 2010 per
183 1951 325 2008 ignem
340 1986 349 2004 ‚
377 1950 481 1994 salvi
502 1958 644 1993 erunt.
679 1948 794 1993 Illud
821 1966 996 2009 quoque
1018 1966 1106 1994 non
1132 1950 1256 1995 video
1278 1966 1356 1995 cur
1388 1954 1476 1996 Do-

91 2022 232 2066 minus
252 2022 409 2065 dixerit
430 2041 438 2065 :
462 2040 479 2062 «
504 2020 546 2065 Si
561 2021 622 2064 vis
639 2021 786 2065 venire
802 2020 856 2065 ad
873 2021 1028 2076 vitam,
1050 2036 1168 2066 serva
1185 2022 1432 2078 mandatass,
1453 2041 1474 2065 »

94 2101 135 2136 et
166 2091 519 2137 commemoravit
546 2107 595 2135 ea
628 2107 728 2151 quae
752 2090 806 2141 ad
831 2092 966 2136 bonos
994 2107 1135 2136 mores
1157 2096 1377 2152 pertinent
1409 2112 1416 2137 :
1443 2094 1477 2138 si

92 2163 216 2207 etiam
238 2164 303 2207 his
331 2179 417 2208 non
440 2162 615 2206 servatis
650 2162 704 2205 ad
738 2162 872 2205 vitam
898 2161 1033 2205 veniri
1058 2172 1200 2222 potest
1232 2179 1310 2222 per
1339 2163 1474 2208 solam

91 2233 240 2290 fidem,
267 2251 366 2295 quae
393 2254 413 2277 «
449 2235 540 2278 sine
566 2233 770 2293 operibus
794 2242 966 2277 mortua
993 2235 1096 2278 est⁷.
1131 2253 1149 2275 »
1179 2233 1295 2278 Illud
1317 2235 1477 2281 deinde

92 2305 310 2366 quomodo
333 2321 485 2351 verum
508 2305 615 2360 erit,
641 2304 762 2364 quod
784 2304 842 2348 eis
864 2319 973 2364 quos
994 2304 1048 2348 ad
1071 2304 1286 2350 sinistram
1310 2307 1478 2366 positu-

139 2436 147 2451 1
179 2430 288 2462 Jacob.
322 2441 357 2469 ιι,
391 2428 500 2470 μή.-
526 2434 538 2450 2
576 2439 585 2458 x
621 2429 693 2460 Cor.
726 2438 770 2466 vt,
801 2438 822 2468 9
855 2433 886 2459 et
920 2438 1025 2458 10.—
1049 2425 1061 2449 3
1087 2427 1156 2460 Gal.
1189 2439 1222 2467 v,
1260 2440 1298 2472 ¹9
1330 2435 1363 2463 et
1387 2442 1476 2475 seqq.

96 2484 162 2515 -ψίι
185 2497 197 2515 1
228 2489 301 2518 {3013
322 2496 366 2525 vi,
399 2496 450 2517 ιι.
468 2483 535 2508 -5
569 2495 579 2515 l
616 2486 698 2515 Pctr.
731 2494 779 2525 ιιι,
801 2493 854 2514 21.
875 2501 911 2505 -—
932 2481 945 2505 6
973 2483 1088 2516 Matth.
1110 2494 1174 2526 xix,
1198 2495 1248 2527 17.
1265 2504 1303 2510 ——
1321 2494 1335 2517 7
1362 2488 1477 2521 Jacob.

96 2551 128 2581 n,
151 2541 199 2583 ¹4·
