1790 3187
323 202 406 242 480
756 218 789 242 s.
826 216 1056 243 AUGUSTIM
1090 216 1271 245 Erlscom

325 287 528 324 taverunt
558 278 634 323 illo
657 287 851 337 tempore
870 279 998 325 falsas
1023 282 1288 341 suspiciones
1311 296 1407 326 suas
1437 283 1703 342 objicientes,

323 364 471 407 pacem
501 349 660 394 Christi
690 351 992 410 unitatemque
1024 351 1309 411 disrumpere,
1350 361 1393 395 et
1424 367 1498 397 vos
1535 353 1703 397 videtis.

383 421 458 463 1v.
488 418 572 464 Sed
594 419 738 464 nescio
760 436 860 479 quae
893 421 1075 466 carnalis
1098 422 1388 478 consuetudo,
1414 423 1546 467 frater
1578 425 1706 467 Seve-

323 491 430 545 rine,
456 490 518 533 ibi
553 505 627 534 vos
651 499 771 535 tenet
798 511 808 548 3
841 500 883 535 et
901 490 1003 536 olim
1040 492 1185 548 doleo,
1221 493 1323 537 olim
1347 507 1487 550 gemo,
1523 493 1711 537 maxime

323 560 601 620 prudentiam
623 569 744 605 tuam
773 563 982 621 cogitans,
1015 573 1058 607 et
1075 564 1180 609 olim
1199 573 1240 608 te
1264 564 1410 609 videre
1427 563 1641 618 desidero,
1663 573 1712 607 ut

323 630 378 675 de
393 632 473 675 hac
491 647 536 675 re
558 641 703 676 tecum
717 632 934 692 loquerer.
955 634 1074 687 Quid
1091 635 1207 678 enim
1233 634 1410 693 prodest
1427 634 1497 679 vel
1513 634 1626 678 salus
1643 633 1712 678 vel

322 704 672 761 consanguinitas
695 705 962 764 temporalis,
986 706 1020 749 si
1055 715 1262 749 aeternam
1286 705 1447 750 Christi
1479 705 1712 749 haeredita-

323 781 410 816 tem
433 773 706 834 salutemque
726 785 982 834 perpetuam
1003 777 1048 820 in
1065 785 1209 821 nostra
1232 776 1492 834 cognatione
1516 785 1713 820 contem-

323 843 502 887 nimus?
526 847 629 889 Haec
651 859 721 889 me
742 846 916 890 interim
950 847 1165 905 scripsisse
1201 846 1437 904 suffecerit,
1463 861 1562 905 quae
1594 845 1713 888 duris

322 914 528 959 cordibus
554 915 680 960 valde
701 932 836 975 pauca
858 928 977 972 sunt,
1001 927 1043 961 et
1065 933 1200 977 prope
1224 917 1345 962 nulla
1371 938 1381 974 3
1403 918 1547 961 animo
1567 925 1713 961 autem

324 993 416 1039 tuo,
450 1001 582 1044 quem
607 987 719 1030 bene
741 988 860 1042 novi,
889 987 1017 1033 valde
1036 988 1174 1032 multa
1195 997 1298 1032 sunt
1321 996 1362 1031 et
1385 986 1509 1031 valde
1538 1002 1711 1045 magna.

325 1056 422 1099 Non
443 1056 559 1099 enim
581 1072 676 1100 mea
694 1066 796 1101 sunt
812 1059 890 1117 qui
910 1058 1019 1101 nihil
1041 1074 1153 1113 sum,
1176 1059 1256 1103 nisi
1278 1058 1397 1118 quod
1423 1066 1601 1117 expecto
1631 1057 1715 1100 mi-

323 1125 598 1170 sericordiam
617 1128 710 1181 Dei,
740 1128 816 1172 sed
839 1128 971 1186 ipsius
994 1129 1071 1171 Dei
1091 1129 1418 1187 omnipotentis,
1447 1144 1577 1187 quem
1599 1128 1717 1187 quis-

323 1196 421 1254 quis
451 1196 497 1240 in
529 1197 612 1241 hoc
645 1197 805 1243 saeculo
827 1199 1138 1257 contempserit
1157 1207 1341 1257 patrem,
1364 1198 1557 1243 inveniet
1577 1198 1622 1242 in
1643 1197 1716 1241 fu-

326 1273 425 1310 turo
437 1266 647 1326 judicem.

325 1423 967 1442 mmmmmmmmm
973 1426 1253 1443 νΙΜΛΝἉΛΝἱΑνΙΙᾺ
1260 1426 1682 1443 ᾺΑΑιᾺΜΜΜΜΜΝΑΝἱἏἏ
1688 1424 1721 1440 W*

749 1549 1076 1596 Eptfflfflifi
1116 1551 1233 1596 Lm
1252 1548 1282 1594 ¹.

328 1668 537 1702 Dilectissimo
551 1674 585 1702 et
598 1670 776 1703 honorabili
794 1671 885 1703 fratri
904 1672 1160 1713 GENEROSO,
1182 1671 1505 1712 FORTUNATUS,
1525 1671 1720 1704 ALYPIUS

664 1730 698 1757 et
717 1725 1010 1760 AUGUSTINUS
1032 1727 1064 1759 iu
1087 1726 1220 1759 Domino
1239 1727 1385 1759 salutem.

335 1851 634 1913 Confittatar
652 1854 854 1914 epistola
876 1854 1160 1914 Presbyteri
1175 1853 1431 1916 eujusdam
1446 1853 1720 1898 Donatistce

389 1925 473 1981 (μα’
497 1923 798 1970 Generosam
825 1925 1117 1970 catholicum,
1159 1926 1612 1971 Constantinensem
1645 1939 1720 1967 se-

390 1992 563 2040 ducere
586 1995 892 2051 moliebatur,
922 1996 1155 2041 sinmlans
1188 1996 1251 2040 ab
1284 1996 1475 2057 Angelo
1496 2012 1547 2039 se
1576 1995 1721 2052 moni-

392 2072 490 2108 tam
515 2074 565 2109 ut
587 2066 739 2124 z'pmm
763 2064 835 2110 ad
853 2065 1230 2110 Donatistarum
1245 2074 1413 2123 partes
1439 2064 1718 2110 adduceret.

394 2216 411 2256 1
419 2246 426 2255 .
465 2215 675 2265 ΩυοΜΑΜ
699 2212 824 2256 nobis
843 2221 990 2255 notam
1011 2225 1099 2255 esse
1122 2210 1295 2255 voluisti
1318 2210 1561 2270 epistolam,
1590 2224 1721 2269 quam

333 2282 389 2326 ad
422 2291 463 2326 te
490 2283 813 2326 Donatistarum
842 2282 1068 2340 presbyter
1097 2281 1240 2336 dedit⁷
1272 2297 1526 2341 quanquam
1549 2295 1642 2324 eam
1673 2290 1722 2323 tu

330 2369 513 2412 xquoque
534 2353 748 2398 catholico
772 2353 915 2397 animo
945 2351 1140 2396 deriseris
1168 2372 1176 2397 :
1202 2362 1346 2397 tamen
1368 2362 1417 2396 ut
1451 2353 1489 2395 ei
1524 2352 1665 2411 potius
1688 2350 1719 2393 si

385 2479 393 2494 ¹
418 2473 503 2504 Alias
523 2483 613 2505 eva.
645 2484 712 2515 quae
738 2477 844 2505 autem
873 2482 927 2503 mu
960 2474 1053 2508 erat,
1086 2482 1168 2504 nunc
1199 2482 1266 2503 cmx.
1286 2472 1463 2514 —Scripta
1493 2472 1577 2503 circa
1606 2480 1720 2502 annum

334 2527 413 2567 Aoo.
