1790 3187
356 232 411 272 34
793 238 827 267 s.
863 237 1093 268 Auous‘ruu
1123 239 1303 266 EPlscom

352 309 585 368 imaginem
609 315 654 352 et
684 304 1011 351 similitudinem
1038 304 1154 350 Dei1.
1190 306 1299 351 Nam
1327 303 1439 348 illud
1465 303 1649 349 stultum
1671 312 1734 348 est

353 394 570 439 quaerere,
605 378 640 423 si
669 392 783 422 unus
804 411 815 433 ‚
849 376 945 437 quis
972 377 1156 421 horum?
1179 375 1281 429 Quis
1302 375 1418 420 enim
1439 374 1613 420 dubitat
1634 389 1752 418 eum·

352 450 496 509 potius
517 449 594 508 qui
610 456 861 502 renovatur,
877 462 1009 507 quam
1029 461 1129 491 eum
1144 446 1220 506 qui
1233 446 1542 505 corrumpitur,
1562 445 1739 489 dicere?

351 523 508 565 Utrum
526 530 673 565 autem
692 519 845 574 ambo,
871 533 1028 577 magna
1050 517 1233 578 quaestio
1256 526 1345 562 est.·
1362 520 1471 561 Nam
1495 516 1530 561 si
1553 514 1736 560 exterior

350 591 482 636 homo
502 600 566 635 est
583 591 722 635 Adam
737 624 748 645 ,
774 598 817 634 et
842 588 1021 633 interior
1042 588 1260 642 Christus,
1287 587 1398 631 bene
1421 587 1552 631 ambo
1574 585 1746 630 intelli-

352 671 530 719 guntur.
571 660 656 706 Sed
684 675 785 705 cum
812 658 974 713 Adam,
1011 659 1121 703 sieut
1143 674 1167 703 a
1191 661 1281 702 Deo
1310 655 1449 702 factus
1477 665 1562 712 est,
1594 657 1742 708 bonus>

349 748 439 776 non
461 732 689 786 manserit,
717 741 760 776 et
787 730 1011 790 diligendo
1031 729 1219 775 earnalia
1245 728 1422 774 earnalis
1449 727 1632 773 effectus
1653 728 1733 793 sit?

347 818 435 848 non
469 802 656 847 absurde
688 801 825 847 videri
847 810 1012 861 potest,
1047 802 1130 846 hoc
1159 802 1301 860 ipsum
1331 800 1370 844 ei
1403 798 1534 844 fuisse
1554 799 1732 855 cadere,

346 873 581 931 imaginem
601 873 677 918 Dei
699 882 741 917 et
758 872 1086 917 similitudinem
1108 871 1318 916 amittere.
1341 874 1403 916 Ae
1426 885 1503 931 per
1535 871 1618 915 hoc
1647 870 1744 929 ipse,

347 953 602 998 renovatur,
627 952 671 987 et
693 943 784 1002 ipse
807 952 870 987 est
898 943 1079 987 interior
1100 962 1109 987 :
1135 942 1358 1003 quomodo
1378 957 1481 1001 ergo
1498 950 1563 987 est
1582 941 1673 1001 ipse
1693 949 1738 986 et

346 1015 562 1060 exterior?
582 1018 652 1060 An
673 1014 916 1059 secundum
940 1016 1124 1074 corpus?
1141 1023 1191 1058 ut
1207 1014 1385 1058 interior
1411 1014 1466 1058 sit
1494 1013 1736 1058 seeundum

348 1086 535 1130 animam
553 1120 564 1140 ,
590 1094 634 1130 et
662 1085 876 1130 interioris
910 1086 964 1130 sit
992 1084 1249 1129 resurrectio
1286 1093 1330 1128 et
1358 1083 1603 1138 renovatio,
1637 1097 1737 1142 quae

346 1171 464 1200 nune
485 1157 535 1199 fit
552 1156 795 1200 secundum
814 1165 996 1200 mortem
1014 1155 1168 1215 prioris
1187 1155 1303 1210 vitae,
1328 1153 1374 1198 id
1391 1163 1469 1209 est,
1490 1153 1674 1213 peccati,
1695 1161 1741 1198 et

346 1225 589 1270 secundum
622 1227 995 1284 regenerationem
1027 1241 1152 1270 novae
1186 1226 1312 1280 vitae,
1349 1224 1395 1269 id
1416 1233 1495 1279 est,
1527 1224 1739 1283 justitiae?

347 1298 466 1349 Quos
487 1296 592 1339 item
615 1294 723 1339 duos
746 1295 944 1339 homines
968 1297 1026 1340 sie
1050 1295 1262 1354 appellat,
1289 1304 1338 1339 ut
1359 1311 1498 1339 unum
1518 1303 1710 1340 veterem
1725 1327 1737 1350 ‚
1772 1306 1774 1312 ’

350 1380 481 1425 quem
517 1365 728 1409 debemus
757 1380 932 1422 exuere3
954 1365 1137 1409 alterum
1155 1380 1340 1419 novum,
1366 1374 1409 1409 et
1431 1380 1531 1409 eum
1551 1363 1741 1410 induen-

353 1437 457 1481 dum
485 1440 826 1481 commemoret²
847 1456 855 1481 2
881 1452 1068 1496 quorum
1092 1451 1238 1481 rursus
1259 1435 1385 1481 illum
1406 1434 1597 1496 appellat
1627 1436 1740 1480 ima-

354 1508 496 1566 ginem
522 1508 682 1552 terreni
719 1507 928 1562 hominis,
961 1508 1062 1567 quia
1086 1506 1326 1552 secundum
1353 1517 1577 1567 peccatum
1609 1506 1739 1566 primi

350 1578 537 1624 hominis
563 1579 742 1637 geritur,
767 1579 844 1638 qui
866 1587 929 1623 est
955 1578 1144 1636 Adam&
1176 1577 1360 1622 alterum
1389 1578 1622 1636 imaginem
1644 1592 1740 1621 coe-

350 1720 535 1779 geritur,
557 1721 633 1780 qui
655 1730 719 1765 est
736 1723 860 1765 Jesus
873 1721 1084 1766 Christus.
1107 1721 1304 1765 Exterior
1323 1728 1469 1765 autem
1484 1720 1639 1774 homo,
1664 1718 1742 1778 qui

350 1806 468 1835 nune
490 1792 800 1851 corrumpitur,
825 1791 972 1836 futura
987 1792 1300 1836 resurrectione
1315 1792 1614 1846 renovabitur,
1638 1804 1742 1835 cum

350 1648 466 1693 lestis
486 1648 696 1703 hominis,
723 1648 824 1708 quia
846 1648 1086 1693 seeundum
1110 1648 1320 1708 justitiam
1348 1648 1528 1693 secundi
1553 1647 1741 1692 hominis

350 1862 476 1906 istam
505 1871 690 1906 mortem
723 1861 990 1920 persolverit,
1017 1877 1149 1922 quam
1172 1871 1340 1907 naturae
1361 1861 1509 1917 debet,
1532 1861 1628 1921 lege
1648 1860 1736 1916 illa,
1768 1887 1769 1890 =

351 1947 451 1991 quae
466 1931 513 1975 in
531 1932 730 1991 paradiso
746 1932 846 1976 data
861 1941 939 1976 est.
1761 1973 1764 1980 .

413 2010 458 2046 20
491 2003 725 2056 Quomodo
749 2013 893 2048 autem
917 2019 1006 2048 non
1028 2004 1082 2047 sit
1103 2004 1393 2063 incongruum
1407 2038 1418 2059 ‚
1437 2003 1558 2064 quod
1579 2002 1740 2048 dicitur
1760 1982 1764 2084 J

353 2075 483 2120 etiam
505 2090 660 2134 eorpus
682 2074 848 2119 factum
867 2075 922 2120 ad
945 2074 1273 2120 similitudinem
1297 2076 1372 2119 Dei
1391 2110 1401 2130 ‚
1425 2074 1552 2120 facile
1572 2074 1742 2119 intelli—

353 2145 438 2204 git,
465 2145 542 2205 qui
569 2145 800 2204 diligenter
830 2145 1013 2189 attendit
1039 2144 1159 2204 quod
1188 2145 1354 2190 dictum
1376 2154 1440 2190 est
1471 2165 1480 2190 :
1513 2164 1534 2188 ‹<
1559 2147 1616 2190 Et
1635 2143 1742 2190 fecit.

356 2233 378 2258 ιι
404 2219 519 2262 Deus
547 2217 692 2261 omnia
716 2217 831 2261 bona
862 2216 1028 2261 valde&
1059 2234 1077 2258 »
1103 2219 1242 2262 Nemo
1269 2216 1386 2260 enim
1415 2216 1591 2261 dubitat
1618 2213 1739 2276 quod
1764 2252 1765 2256 ,

353 2287 407 2332 sit
427 2289 518 2347 ipse
545 2288 745 2347 primitus
769 2288 927 2332 bonus.
953 2287 1102 2333 Multis
1125 2289 1240 2332 enim
1267 2288 1407 2334 modis
1436 2287 1520 2333 dici
1542 2303 1608 2332 res
1638 2303 1740 2346 pos-

353 2367 456 2402 sunt
478 2359 635 2404 similes
656 2363 746 2404 Deo
771 2378 780 2403 ε
807 2360 901 2404 aliae
922 2360 1164 2404 seeundum
1193 2360 1398 2404 virtutem
1421 2368 1464 2404 et
1484 2358 1739 2418 sapientiam

353 2429 479 2474 factae
493 2464 505 2485 ,
531 2430 633 2490 quia
654 2432 700 2474 in
723 2431 816 2490 ipso
838 2439 902 2475 est
922 2430 1059 2476 virtus
1076 2439 1119 2475 et
1135 2431 1343 2491 sapientia
1363 2446 1453 2476 non
1466 2430 1583 2475 facta
1607 2449 1617 2475 :
1642 2429 1737 2474 aliae
1756 2413 1760 2475 i

399 2538 407 2554 ¹
433 2532 506 2565 Vide
523 2531 578 2564 lib.
598 2543 628 2565 xi
648 2533 688 2566 dc
705 2534 817 2566 Trinit.
843 2545 915 2576 cap.
945 2545 972 2567 1.
987 2551 1027 2557 —-—
1044 2541 1056 2558 2
1075 2533 1193 2567 Coloss.
1212 2544 1260 2575 ιιι,
1278 2544 1311 2576 9.
1330 2549 1370 2556 —-
1387 2530 1402 2556 3
1424 2544 1436 2566 1
1452 2535 1526 2566 Cor.
1550 2543 1604 2572 xv,
1621 2531 1676 2575 49.
1694 2549 1735 2556 -
1755 2479 1760 2564 i

354 2586 587 2625 1'0G0nr'31.
1755 2589 1758 2628 ᾗ

1754 2634 1758 2687 J

1754 2690 1757 2732 ι

1753 2738 1757 2834 ἐ

1752 2849 1756 2904 Ι

1751 2906 1755 2999 Ι

1750 3009 1754 3109 ἒ

1749 3124 1755 3187 ΙΪ

1764 1329 1770 1564 4
