1790 3187
32 0 37 197 l
187 182 237 206 oz
272 180 459 207 Divssns1s
492 182 534 215 Qi
556 182 648 207 AEST,
686 181 741 207 An
773 183 1029 211 SlMPLtclAN.
1067 186 1149 211 ΜΒ.
1187 187 1233 211 11.
1331 177 1414 213 209

37 245 134 304 ipsis
152 244 330 298 Judaeis,
351 261 600 304 quanquam
621 248 827 304 perversis
844 258 976 308 atque
989 249 1224 294 immundis
1243 259 1285 295 et
1303 250 1415 296 faeta

7 342 10 358 .
36 315 193 359 diaboli
217 314 493 370 facientibus,
522 325 564 359 et
592 318 730 360 teneri
759 333 818 373 se,
852 329 894 362 et
933 320 1105 375 vinciri,
1132 330 1175 365 et
1203 320 1345 377 illudi,
1374 332 1418 366 et

35 387 225 445 crucifigi
247 396 376 446 atque
398 387 580 431 interfici
602 403 748 446 passus
766 398 829 433 est
852 409 859 434 :
882 406 970 434 non
993 402 1055 435 est
1072 391 1309 435 absurdum
1327 408 1417 437 cre·

34 458 133 502 dere
156 473 204 500 cx
244 458 385 517 aliqua
417 458 738 517 dispensatione
774 459 933 504 divinae
969 461 1204 506 voluntatis
1234 463 1417 521 permis-

34 543 124 572 sum
148 527 298 582 fuisse,
342 538 389 572 ut
427 544 513 573 non
541 530 704 574 invitus
743 546 823 575 nec
857 531 1110 577 dominante
1143 544 1273 593 atque
1313 534 1418 577 sul)-

34 600 203 658 jugante
232 601 395 656 magica
428 600 641 659 potentia,
674 601 748 644 sed
780 602 928 645 volens
958 611 1090 662 atque
1112 604 1418 663 obtemperans

33 669 210 714 occultae
237 670 547 729 dispensationi
577 672 668 728 Dei,
702 688 800 732 quae
828 683 871 716 et
907 674 1207 730 Pythonissam
1229 673 1347 718 illam
1375 684 1419 719 et

32 739 198 785 Saiilcm
234 739 418 795 latebat,
445 743 707 786 consentiret
733 742 907 801 spiritus
932 744 1160 800 vProphetae
1190 746 1344 800 sancti,
1374 761 1419 790 se

31 811 196 855 ostendi
215 813 459 871 aspectibus
482 814 611 870 regis,
641 812 787 856 divina
815 828 915 856 eum
943 815 1156 857 sententia
1190 830 1419 873 percussu-

31 897 115 925 rus.
143 884 232 926 Cur
262 884 374 926 enim
416 883 556 926 anima
582 882 683 925 boni
708 882 912 936 hominis,
937 898 959 925 a
984 883 1105 927 malis
1120 885 1228 929 vivis
1244 895 1421 930 evocata

30 953 57 996 si
75 953 256 1007 venerit,
278 953 473 996 amittere
489 952 684 996 videatur
702 952 959 1011 dignitatem
978 963 1123 1011 suam3
1148 971 1247 999 cum
1268 966 1311 1001 et
1332 957 1420 1002 vivi

0 1042 3 1047 ·
57 1022 284 1082 lerumque
319 1023 422 1066 boni
454 1023 595 1067 vocati
619 1023 672 1066 ad
707 1022 842 1067 malos
876 1024 1055 1068 veniant
1087 1034 1130 1069 et
1158 1036 1288 1084 agant
1315 1042 1416 1072 cum

0 1102 3 1147 ζ
29 1092 81 1137 eis
103 1092 221 1152 quod
245 1092 437 1136 officium
462 1092 649 1149 postulat
664 1093 896 1152 aequitatis,
912 1104 1083 1139 servato
1109 1105 1241 1156 atque
1258 1097 1416 1143 incon-

0 1178 144 1208 cusso
181 1164 337 1208 decore
370 1164 541 1208 virtutis
576 1179 681 1218 suae,
720 1173 762 1207 et
788 1163 963 1208 illorum
998 1166 1112 1210 vitiis
1147 1182 1227 1226 pro
1263 1183 1410 1213 rerum

27 1233 298 1294 praesentium
329 1233 398 1278 vel
423 1250 502 1278 usu
521 1234 590 1279 vel
613 1234 866 1278 necessitate
890 1235 1119 1280 tractatis?

81 1306 140 1348 2⁰.
174 1307 435 1364 Quanquam
467 1305 512 1348 in
542 1304 624 1348 hoc
653 1304 768 1349 facto
808 1313 948 1364 potest
980 1321 1069 1350 esse
1106 1305 1216 1351 alius
1244 1306 1414 1353 facilior

26 1375 156 1419 exitus
181 1384 223 1419 et
246 1375 488 1434 expeditior
506 1374 767 1430 intellectus,
791 1384 839 1419 ut
869 1391 958 1420 non
987 1390 1087 1420 vere
1107 1377 1311 1435 spiritum
1332 1381 1413 1423 'Sa-

26 1445 173 1490 muelis
203 1446 436 1490 excitatum
466 1462 488 1490 a
520 1445 668 1506 requie
703 1461 779 1490 sua
811 1446 1037 1490 credamus
1063 1480 1075 1501 ,
1120 1446 1197 1490 sed
1232 1447 1412 1508 aliquod

25 1516 297 1575 phantasma,
324 1526 366 1561 et
393 1513 692 1575 imaginariam
713 1515 961 1560 illusionem
990 1515 1156 1560 diaboli
1188 1518 1412 1563 machina-

25 1587 208 1632 tionibus
222 1587 394 1642 factam,
408 1604 540 1647 quam
556 1597 785 1646 propterea
801 1587 1023 1645 Scriptura
1036 1587 1215 1630 nomine
1233 1590 1331 1632 Sam
1340 1592 1410 1632 ue-

25 1655 69 1700 lis
90 1656 292 1716 appellat,
311 1658 413 1718 quia
431 1657 571 1702 solent
589 1657 796 1715 imagines
821 1671 968 1700 rerum
986 1671 1136 1700 earum
1159 1658 1410 1703 nominibus

24 1726 249 1787 appellari,
275 1743 461 1786 quarum
493 1727 702 1785 imagines
729 1736 845 1770 sunt.
875 1727 995 1771 Sicut
1017 1727 1162 1770 omnia
1193 1743 1292 1786 quae
1310 1729 1408 1787 pin-

23 1807 182 1856 guntur
199 1807 330 1858 atque
346 1798 629 1856 fingunturex
648 1797 793 1856 aliqua
809 1796 986 1840 materie
1003 1795 1167 1840 metalli
1181 1806 1257 1841 aut
1276 1796 1403 1856 ligni,

23 1867 86 1911 vel
108 1868 318 1928 cujusque
338 1868 398 1911 rei
413 1876 525 1926 aptae
544 1867 599 1910 ad
622 1882 751 1925 opera
767 1864 1033 1926 hujusmodi,
1059 1881 1248 1925 quaeque
1275 1867 1405 1911 etiam

23 1938 220 1982 videntur
235 1939 278 1982 in
302 1937 462 1983 somnis
480 1972 489 1992 ,
509 1947 551 1981 et
573 1952 722 1981 ornnes
743 1935 833 1980 fere
850 1937 1072 1994 imagines,
1094 1951 1242 1980 earum
1260 1952 1405 1981 rerum

21 2025 200 2069 quarum
228 2009 435 2067 imagines
461 2017 583 2061 sunt,
602 2006 811 2066 appellari
835 2006 1083 2050 nominibus
1111 2006 1267 2051 solent⁹
1299 2008 1405 2060 Quis

21 2088 82 2123 est
103 2080 234 2134 enim,
256 2080 332 2138 qui
347 2080 566 2123 hominem
590 2079 757 2136 pictum
777 2077 952 2121 dubitet
977 2092 1132 2121 vocare
1147 2078 1369 2122 hominem
1388 2079 1406 2121 P

22 2150 385 2210 Quandoquidem
411 2159 454 2194 et
476 2148 746 2207 singulorum
770 2163 1048 2208 quorumque
1068 2149 1282 2207 picturam
1301 2163 1403 2192 cum

0 2242 2 2244 ’
23 2221 270 2280 aspicimus,
294 2221 467 2280 propria
493 2235 671 2280 quoque
689 2218 865 2263 nomina
888 2218 1194 2262 incunctanter
1220 2218 1403 2262 adhibe-

23 2305 142 2337 mus:
162 2291 391 2336 velutcum
414 2292 634 2334 intuentes
648 2289 842 2334 tabulam
867 2298 942 2332 aut
965 2287 1401 2347 parietem‚dicimus,

27 2354 271 2407 IlleCicero
294 2371 372 2417 est,
391 2360 464 2404 ille
488 2360 713 2405 Sallustius
726 2368 805 2407 est,
824 2358 895 2402 ille
910 2358 1115 2412 Achilles,
1130 2357 1203 2401 ille
1225 2361 1401 2414 Hector,

26 2431 106 2476 hoc
135 2432 302 2476 ssumen
324 2432 496 2485 Simois,
511 2431 585 2475 illa
601 2434 763 2486 Roma,
780 2444 879 2473 cum
899 2427 1017 2472 aliud
1038 2427 1148 2471 nihil
1167 2428 1253 2472 sint
1273 2445 1405 2487 quam

36 2501 160 2560 pictae
172 2502 393 2560 imagines.
407 2500 531 2547 Unde
547 2499 785 2546 Cherubim
799 2513 897 2543 cum
913 2498 997 2542 sint
1016 2496 1211 2542 coelestes
1226 2506 1409 2558 potesta-

208 2583 337 2615 cxnv.
1169 2570 1215 2607 142
