1790 3187
363 206 411 244 14
785 214 819 241 3.
855 214 1082 244 Aucus'nm
1114 216 1296 244 El’lscom

357 297 528 326 exuere.
556 284 733 326 Sursum
761 288 906 324 autem
931 295 981 324 ac
1010 278 1211 324 deorsum
1236 281 1283 324 in
1302 280 1431 340 hujus
1453 278 1607 324 mundi
1628 294 1726 338 par·
1765 303 1767 330 :

356 351 474 396 tibus
493 361 571 396 est.
594 353 703 396 Nam
723 350 946 395 universus
968 350 1148 410 necipse
1163 349 1298 395 habet
1318 365 1487 394 sursum
1508 358 1585 394 aut
1606 348 1742 394 deor-.
1765 377 1767 385 ι

354 437 465 466 sum.
485 424 727 481 Corporeus
749 428 812 464 est
832 420 945 464 enim
966 441 978 479 3
1007 420 1109 480 quia
1130 434 1257 465 omne
1283 420 1449 466 visibile
1470 435 1727 480 corporeum
1764 419 1766 436 ²

356 501 433 536 est.
455 491 570 538 Nihil
592 500 735 536 autem
755 490 801 534 in
822 491 1021 535 universo
1043 505 1222 550 corpore
1242 506 1410 536 sursum
1429 499 1504 535 aut
1525 489 1727 536 deorsum
1764 537 1766 548 y

355 571 433 607 est.
466 564 578 608 Cum
605 563 720 606 enim
747 562 794 605 in
821 576 892 605 sex
912 570 1053 620 partes
1090 569 1230 606 motus
1269 561 1361 606 fieri
1397 561 1595 607 videatur
1614 595 1625 616 ,
1650 559 1728 621 qui
1764 549 1765 598 Ῐ

355 642 496 678 rectus
517 633 676 678 dicitur
693 668 704 689 ‚
728 631 773 676 id
795 641 858 677 est
874 667 885 688 ‚
900 632 977 692 qui
996 631 1213 676 circularis
1234 647 1323 677 non
1339 641 1428 688 est,
1450 632 1496 677 in
1512 631 1726 676 anteriora

353 713 396 748 et
416 705 650 763 posteriora
667 739 678 759 ,
716 704 762 747 in
790 703 1028 748 dexteriora
1049 711 1092 747 et
1111 703 1372 748 sinisteriora
1393 738 1404 758 ,
1428 702 1474 746 in
1505 701 1727 762 superiora
1780 704 1781 754 ἶ

354 782 397 818 et
415 773 636 830 inferiora,
661 772 782 818 nulla
811 773 990 818 omnino
1010 773 1117 818 ratio
1136 782 1215 829 est,
1235 788 1312 818 cur
1333 773 1534 818 universo
1557 772 1727 833 corpori
1778 783 1781 826 ᾗ

354 854 453 889 ante
467 861 516 890 ac
532 855 628 905 post
641 845 749 891 nihil
766 846 834 902 sit,
858 853 901 889 et
918 845 1094 889 dextera
1113 860 1161 890 ac
1177 844 1302 900 laeva,
1327 844 1380 889 sit
1397 853 1541 889 autem
1559 859 1726 888 sursum
1778 835 1781 855 ⁸

352 932 400 961 ac
421 916 638 962 deorsum.
662 916 747 962 Sed
767 932 818 961 eo
839 917 1156 962 considerantes
1172 916 1465 976 decipiuntur,
1490 915 1610 976 quod
1626 930 1725 960 sen-
1777 907 1780 938 '¹

351 987 468 1034 sibus
489 998 532 1033 et
553 987 859 1034 consuetudini
882 987 1056 1033 difficile
1087 988 1322 1034 obsistitur.
1354 989 1451 1034 Non
1487 987 1603 1031 enim
1635 996 1724 1032 tam
1778 991 1779 994 ’

351 1057 487 1104 facilis
509 1069 572 1105 est
585 1060 710 1105 nobis
731 1060 952 1105 conversio
973 1060 1177 1119 corporis,
1198 1075 1296 1120 quae
1316 1060 1366 1104 fit
1379 1094 1391 1115 ‚
1416 1059 1450 1103 si
1471 1059 1565 1119 quis
1583 1058 1724 1118 capite
1762 1084 1765 1103 ι

349 1130 553 1176 deorsum
574 1132 737 1177 moveri
752 1131 872 1187 velit,
889 1146 1020 1192 quam
1036 1131 1172 1177 facilis
1187 1140 1250 1177 est
1261 1147 1285 1176 a
1300 1130 1477 1176 dextera
1492 1129 1538 1174 in
1551 1129 1721 1184 laevam,
1762 1157 1765 1166 ·

349 1201 418 1246 vel
440 1202 495 1246 ab
515 1204 729 1248 anteriore
749 1203 795 1247 in
816 1204 1093 1262 posteriorem
1120 1212 1302 1263 partem.
1340 1201 1633 1256 Quamobrem
1655 1215 1725 1245 re-

348 1272 477 1317 motis
507 1272 650 1318 verbis
674 1288 820 1318 secum
841 1273 922 1332 ipsi
949 1273 1093 1318 animo
1123 1271 1405 1331 satagendum
1433 1281 1525 1328 est,
1559 1280 1610 1316 ut
1637 1271 1721 1316 hoc

348 1357 523 1387 cernere
546 1343 701 1387 valeat.

406 1418 602 1468 Qua-:sno
631 1416 773 1460 XXX.
799 1442 854 1448 —-
876 1417 933 1459 Ut
953 1415 1065 1460 inter
1085 1415 1315 1460 honestum
1337 1424 1381 1460 et
1406 1414 1513 1459 utile
1527 1414 1721 1471 interest,

346 1486 406 1529 ita
425 1494 468 1529 et
483 1486 595 1531 inter
618 1485 857 1530 fruendum
878 1495 922 1530 et
938 1485 1167 1530 utendum.
1184 1487 1443 1545 Quanquam
1465 1485 1582 1530 enim
1596 1499 1726 1530 omne

346 1557 577 1601 honestum
600 1556 706 1601 utile
722 1591 733 1612 ‚
759 1566 803 1601 et
823 1571 952 1601 omne
983 1555 1089 1600 utile
1115 1556 1345 1600 honestum
1368 1571 1480 1612 esse,
1506 1555 1723 1601 subtiliter
1758 1558 1762 1602 .'

346 1626 523 1672 delendi
543 1637 674 1688 queat
698 1647 707 1672 :
736 1636 880 1672 tamen
901 1627 1002 1687 quia
1022 1627 1156 1685 magis
1173 1627 1345 1687 proprie
1365 1637 1496 1688 atque
1525 1627 1722 1672 usitatius
1760 1637 1763 1653 ³

346 1698 575 1743 honestum
586 1698 760 1753 dicitur,
776 1699 896 1758 quod
914 1707 1089 1758 propter
1104 1714 1147 1742 se
1166 1699 1308 1757 ipsum
1329 1698 1617 1758 expetendum
1637 1708 1715 1754 est,
1760 1724 1762 1728 .

344 1769 450 1813 utile
471 1779 615 1814 autem
633 1768 754 1829 quod
767 1770 822 1813 ad
841 1768 960 1813 aliud
978 1768 1142 1830 aliquid
1158 1769 1434 1814 referendum
1450 1779 1514 1815 est
1529 1791 1541 1829 3
1563 1785 1720 1815 secun-

343 1841 449 1884 dum
470 1841 582 1885 hanc
603 1840 895 1885 differentiam
922 1855 1041 1885 nunc
1062 1839 1300 1900 loquimur,
1323 1840 1434 1885 illud
1456 1856 1557 1886 sane
1572 1850 1720 1886 custo-

343 1908 507 1954 dientes
525 1945 536 1966 ,
563 1919 613 1954 ut
632 1911 862 1955 honestum
884 1919 927 1954 et
943 1909 1049 1954 utile
1076 1909 1198 1954 nullo
1225 1910 1356 1955 modo
1377 1910 1548 1955 sibimet
1569 1910 1721 1957 adver-

342 1990 506 2025 sentur.
536 1981 765 2025 Adversari
791 1981 906 2024 enim
932 1981 1026 2024 haec
1059 1980 1140 2025 sibi
1174 1979 1408 2041 aliquando
1438 1982 1633 2041 imperite
1670 1997 1719 2026 ac
1758 2004 1760 2027 ;

344 2050 577 2109 vulgariter
595 2052 905 2096 existimantur.
929 2053 1033 2095 Frui
1055 2066 1157 2110 ergo
1178 2050 1363 2096 dicimur
1383 2067 1432 2096 ea
1452 2067 1497 2096 re
1512 2087 1523 2108 ‚
1556 2051 1611 2097 de
1629 2068 1717 2113 qua

344 2122 534 2181 capimus
566 2121 848 2182 voluptatem.
889 2122 1060 2166 Utimur
1079 2137 1129 2166 ea
1148 2157 1160 2178 ,
1189 2138 1318 2182 quam
1340 2122 1563 2168 referimus
1584 2122 1640 2168 ad
1670 2122 1715 2167 id

345 2195 462 2238 unde
490 2194 689 2254 voluptas
717 2193 924 2254 capienda
946 2202 1023 2239 est.
1054 2194 1205 2239 Omnis
1228 2194 1374 2255 itaque
1402 2196 1592 2240 humana
1621 2210 1720 2255 per·
1758 2241 1759 2247 χ

344 2265 481 2310 versio
503 2274 582 2321 est,
600 2266 722 2326 quod
743 2265 871 2309 etiam
887 2265 1041 2310 vitium
1063 2274 1259 2321 vocatur,
1278 2265 1473 2311 fruendis
1496 2266 1560 2310 uti
1585 2264 1714 2321 velle,

344 2345 474 2397 atque
491 2336 662 2381 utendis
687 2335 790 2381 frui.
811 2339 868 2381 Et
895 2352 1041 2381 rursus
1062 2337 1200 2382 omnis
1216 2337 1445 2394 ordinatio,
1464 2353 1562 2398 quae
1580 2338 1715 2382 virtus

345 2408 474 2452 etiam
489 2408 753 2463 nominatur,
774 2405 967 2452 fruendis
983 2408 1088 2465 frui,
1108 2417 1150 2454 et
1166 2407 1338 2453 utendis
1360 2409 1439 2454 uti.
1459 2412 1492 2454 F
1499 2407 1714 2453 ruendum
1756 2434 1758 2440 ν

345 2488 407 2525 est
436 2489 581 2525 autem
603 2481 790 2525 honestis
806 2515 818 2536 ‚
842 2480 1056 2526 utendum
1080 2495 1183 2526 vero
1210 2480 1405 2526 utilibus.
1433 2483 1713 2526 Honestatem

345 2564 452 2594 voco
475 2549 786 2609 intelligibilem
811 2549 1177 2610 pulchritudinem
1194 2586 1208 2607 ,
1232 2566 1360 2612 quam
1385 2551 1616 2610 spiritalem
1636 2566 1712 2596 nos
