1790 3187
494 254 692 286 ems-rom
726 255 881 284 xxxvi.
1302 247 1386 287 385

6 324 186 387 prandia
199 323 317 384 prius
332 323 589 367 Sanctorum
605 337 628 365 a
641 321 879 366 voracitate
894 330 938 366 et
950 321 1200 367 ebriositate
1220 323 1388 368 ventri-

5 397 199 443 colarum
213 395 292 438 iste
305 393 538 448 discernat,
549 407 604 437 ne
617 395 838 437 Romanos
853 393 983 452 ipsos,
998 393 1176 454 quando
1188 409 1275 438 non
1284 395 1392 455 jeju-

0 477 134 539 mant,
150 463 409 511 ventricolas
419 463 549 510 faciat
561 498 572 518 ‚
597 472 640 507 et
653 473 759 508 tunc
771 464 985 524 inquirat,
1001 480 1090 510 non
1105 474 1252 510 utrum
1265 465 1393 512 liceat

4 536 208 582 inebriari
225 535 425 590 sabbato,
446 533 564 595 quod
580 549 659 578 nec
678 532 750 578 die
765 535 994 580 Dominico
1011 535 1135 594 licet3
1154 536 1229 580 sed
1246 545 1396 581 utrum

5 623 85 654 nec
107 606 291 651 sabbato
305 604 594 666 jejunandum
612 606 682 660 sit,
706 606 818 649 sicut
834 606 1065 651 Dominico
1083 622 1172 652 non
1186 607 1310 653 solet.

66 680 143 722 IV.
178 675 308 730 Quod
332 676 498 720 utinam
522 675 582 719 sie
608 685 852 736 quaereret,
878 686 954 720 aut
978 678 1037 721 sic
1061 678 1321 733 affirmaret,
1347 688 1398 723 ut

26 757 99 794 oto
123 757 333 792 terrarum
351 747 458 790 orbe
479 746 683 791 diffusam
698 781 708 801 ‚
732 748 919 806 exeeptis
937 749 1144 793 Romanis
1162 784 1173 803 ‚
1194 758 1237 794 et
1255 750 1401 795 adhuc

53 1100 293 1159 odesteque
324 1096 675 1157 prandentibus,
713 1097 768 1141 ab
798 1098 881 1142 isto
910 1097 1018 1153 diei,
1052 1099 1172 1159 quod
1202 1101 1246 1144 in
1276 1117 1407 1146 carne

14 1172 118 1227 *int‚
154 1180 197 1216 et
232 1173 322 1215 Deo
357 1168 528 1228 placere
565 1183 655 1213 non
689 1168 880 1226 possint,
917 1178 960 1213 et
995 1170 1116 1229 quod
1150 1171 1205 1215 de
1239 1171 1322 1216 illis
1354 1173 1408 1218 sit

6 1243 246 1299 scriptum,
286 1258 307 1282 «
335 1237 561 1284 Recedant
589 1238 731 1299 iniqui
763 1254 786 1282 a
815 1254 913 1295 me,
952 1241 1063 1285 viam
1097 1257 1249 1286 eorum
1284 1259 1409 1288 nosse

8 1329 32 1353 μ)
57 1310 160 1355 nolo
194 1328 204 1354 ;
241 1327 262 1350 »
300 1320 343 1352 et
376 1310 496 1368 quod
532 1310 618 1353 sint
651 1309 929 1364 ventricolae,
969 1312 1169 1356 Judaeam
1200 1313 1409 1358 Ecclesiae

20 1388 313 1440 praeponentes
341 1388 384 1422 et
411 1379 579 1423 ancillae
600 1379 737 1435 filios3
764 1388 807 1423 et
827 1381 924 1438 lege
947 1396 1034 1424 non
1053 1383 1193 1441 justa,
1219 1385 1295 1427 sed
1325 1400 1406 1428 vo-

20 1452 195 1511 uptaria
213 1486 224 1504 ‚
249 1449 527 1495 consulentes
547 1449 717 1504 ventri,
743 1465 830 1493 non
854 1450 1094 1510 disciplinae
1117 1455 1407 1499 succumben-

22 1537 98 1580 ;es3
122 1531 166 1566 et
188 1520 308 1582 quod
331 1536 432 1565 caro
454 1520 562 1574 sint,
588 1529 632 1564 et
654 1530 839 1564 mortem
862 1523 1058 1578 sapiant,
1085 1533 1128 1567 et
1149 1534 1305 1569 caetera
1323 1526 1410 1570 hu-

0 1599 2 1620 *
28 1592 195 1638 asmodi
225 1612 234 1638 ε
266 1608 366 1652 quae
393 1592 427 1635 si
455 1591 510 1635 de
540 1606 630 1635 uno
663 1592 869 1651 quopiam
903 1593 980 1637 Dei
1017 1592 1184 1639 famulo
1218 1595 1405 1652 diceret,

0 1666 2 1673 ’
41 1667 105 1710 uis
133 1678 233 1708 eum
265 1662 442 1717 audire,
467 1661 565 1721 quis
593 1677 681 1706 non
705 1662 898 1707 devitare
920 1663 1131 1709 deberet?
1161 1668 1273 1712 Cum
1304 1683 1409 1712 vero

0 1748 4 1756 ·
25 1735 76 1778 iis
102 1732 348 1792 opprobriis
383 1741 518 1790 atque
539 1731 782 1776 maledictis
805 1733 1045 1778 insectatur
1068 1736 1304 1780 Ecclesiam
1330 1752 1408 1795 per

0 1813 152 1850 'otum
187 1802 404 1846 mundum
437 1801 776 1846 fructificantem
812 1813 942 1862 atque
967 1814 1234 1849 crescentem
1265 1816 1308 1851 et
1336 1808 1407 1852 die

27 1875 180 1921 abbati
198 1889 309 1934 pene
324 1907 334 1926 ‚
361 1872 524 1931 ubique
542 1871 831 1930 prandentem
848 1908 859 1928 ‚
879 1875 1096 1920 admoneo
1111 1877 1310 1937 quisquis
1325 1888 1404 1934 est,

0 1951 63 1991 au
83 1960 173 1990 sese
189 1943 407 1988 cohibeat.
434 1944 542 1987 Nam
566 1943 689 2001 cujus
706 1958 776 1986 me
799 1958 960 1987 nomen
979 1945 1179 2004 ignorare
1198 1947 1375 1993 voluisti
1395 1984 1406 2003 ,

0 1989 211 2062 '‚'¹›rofecto
229 2015 283 2059 de
304 2013 380 2058 illo
398 2028 467 2056 me
483 2012 681 2073 judicare
699 2013 892 2057 noluisti.

0 2078 23 2144 dl
74 2089 129 2132 V.
168 2105 189 2128 «
216 2086 353 2129 Filius
375 2084 590 2138 hominis,
615 2084 787 2144 inquit,
812 2084 980 2129 sabbati
1010 2087 1222 2132 Dominus
1249 2097 1311 2133 est
1332 2110 1343 2147 3
1366 2090 1411 2134 in

0 2145 45 2220 η)
66 2173 155 2219 quo
177 2157 390 2210 maxime,
414 2155 525 2199 bene
550 2169 683 2214 quam
710 2154 824 2198 male
845 2154 988 2199 facere
1008 2155 1112 2200 licet
1128 2159 1159 2199 ¹.
1189 2176 1209 2199 »
1242 2159 1284 2203 Si
1310 2174 1412 2217 ergo

0 2227 21 2276 1'3
34 2228 132 2274 nale
160 2227 368 2280 facimus,
402 2224 580 2285 quando
607 2226 899 2285 prandemu53
926 2225 1052 2271 nullo
1082 2227 1153 2271 die
1185 2231 1413 2275 Dominico

2 2295 133 2344 toene
171 2297 374 2342 vivimus.
415 2295 544 2349 Quod
584 2305 729 2340 autem
765 2295 928 2340 fatetur
965 2297 1197 2356 Apostolos
1232 2300 1416 2345 sabbato

0 2365 21 2415 el
38 2368 328 2420 manducasse,
359 2376 402 2410 et
427 2367 555 2420 dicit,
589 2376 639 2410 ut
673 2376 777 2410 tunc
802 2368 1075 2426 jejunaretur
1099 2370 1304 2428 temporis
1327 2387 1416 2415 non

0 2446 23 2484 elz
39 2438 155 2484 iuisse
172 2474 183 2493 ‚
207 2447 386 2498 propter
408 2436 529 2497 quod
554 2436 612 2480 ait
635 2436 846 2481 Dominus
868 2456 877 2482 ε
907 2457 926 2479 «
953 2437 1141 2482 Venient
1164 2439 1254 2483 dies
1278 2449 1327 2484 ut
1344 2457 1419 2486 au·

2 2523 22 2553 m.
42 2528 53 2553 i
78 2510 241 2556 seratur
262 2523 444 2568 sponsus
467 2508 522 2552 ab
544 2506 604 2552 eis
619 2541 630 2562 ,
655 2516 699 2552 et
722 2516 829 2554 tunc
841 2508 1109 2568 jejunabunt
1134 2509 1211 2555 filii
1233 2513 1379 2570 sponsi
1408 2532 1416 2557 ε

0 2595 15 2624 1]Δ
35 2583 39 2634 Ι
79 2601 85 2616 “
108 2594 221 2628 Matth.
241 2605 308 2633 xm,
327 2597 358 2626 8.

36 2639 41 2724 Ἰ
243 2658 374 2686 «ειν.
1181 2651 1230 2688 ⁴25

38 2726 42 2806 ἰ
