1790 3187
371 274 452 313 460
805 286 836 312 s.
873 283 1099 313 AUGUSTINI
1133 283 1310 311 Eprscom

370 349 481 405 fons,
502 360 544 394 et
572 349 680 393 nihil
708 349 768 393 ibi
785 347 948 394 factum
971 350 1024 394 sit
1053 349 1099 393 in
1120 347 1268 394 eodem
1290 358 1422 408 puteo
1449 348 1515 393 vel
1538 347 1677 404 fonte,
1697 348 1731 393 si
1788 343 1790 349 ¹

370 420 502 465 debet
522 419 695 464 haurire
709 435 865 480 aquam
887 419 986 464 inde
1000 420 1279 474 Christianus,
1296 429 1338 464 et
1354 420 1527 464 bibere?
1547 439 1565 461 n

424 495 622 546 Qnaemo
655 493 751 536 XV.
794 518 847 524 —
891 511 910 533 «
947 493 988 537 Si
1023 492 1288 537 Christianus
1321 491 1450 536 debet
1481 492 1528 535 in
1570 489 1733 535 balneis

369 562 525 616 lavare,
548 561 616 606 vel
635 561 680 605 in
700 562 891 617 thermis,
915 562 959 606 in
982 562 1138 622 quibus
1169 562 1432 606 sacrificatur
1459 560 1692 605 simulacris
1716 561 1735 604 ἒ

369 632 410 676 Si
433 631 701 676 Christianus
727 631 857 675 debet
885 633 928 676 in
952 632 1137 687 balneis,
1165 633 1322 692 quibus
1354 632 1399 675 in
1428 631 1498 676 die
1527 631 1636 676 festo
1657 645 1735 675 suo

364 704 519 762 pagani
537 703 613 747 loti
632 712 748 757 sunt,
767 705 906 747 lavare
923 703 1009 748 sive
1024 719 1122 748 cum
1140 703 1253 763 ipsis,
1275 704 1361 747 sive
1379 703 1468 746 sine
1491 703 1645 762 ipsis?»

423 776 619 826 Qnffisno
640 775 822 818 xv1.—
838 793 857 816 «
875 774 916 819 Si
930 775 971 818 in
995 774 1122 819 solio¹
1147 774 1224 818 ubi
1246 773 1559 818 descenderunt
1580 773 1733 832 pagani

365 844 419 888 ab
437 844 560 889 idolis
581 845 800 889 venientes
820 845 864 889 in
886 845 955 889 die
978 845 1084 890 festo
1106 861 1199 899 suo,
1220 855 1261 889 et
1279 845 1442 904 aliquid
1458 845 1544 889 illic
1562 844 1605 887 in
1628 842 1733 888 solio

363 915 570 974 sacrilegii
593 916 656 959 sui
680 915 930 970 fecerint‚et
942 917 1083 960 scierit
1099 916 1380 971 Christianus,
1401 916 1434 960 si
1455 914 1585 959 debet
1607 915 1650 958 in
1668 929 1735 958 eo·

363 984 460 1029 dem
484 985 590 1029 solio
619 985 907 1030 descendere?
930 1004 949 1027 »

420 1057 619 1108 Quffisno
643 1058 784 1099 xvn.
804 1083 857 1088 —
889 1075 906 1097 «
935 1056 975 1100 Si
998 1056 1263 1100 Christianus
1291 1056 1497 1099 invitatus
1515 1055 1568 1099 ab
1591 1055 1736 1114 aliquo

361 1126 603 1185 oppositam
626 1127 826 1171 habuerit
844 1141 1018 1170 carnem
1036 1129 1079 1171 in
1101 1143 1252 1177 escam,
1272 1128 1325 1171 de
1352 1144 1436 1187 qua
1459 1128 1622 1172 dictum
1647 1126 1735 1170 fuc-

363 1200 416 1242 rit
438 1198 515 1252 illi,
549 1199 648 1259 quia
680 1198 950 1242 immolatitia
971 1208 1054 1253 est,
1076 1208 1117 1243 et
1147 1214 1234 1243 non
1258 1198 1583 1243 manducaverit
1602 1214 1696 1242 eam
1726 1218 1733 1242 :

361 1277 508 1328 postea
530 1278 673 1312 autem
710 1269 763 1312 ab
795 1269 939 1329 aliquo
962 1269 1209 1314 translatam
1231 1270 1365 1329 ipsam
1396 1285 1566 1314 carnem
1593 1270 1736 1328 aliquo

361 1355 461 1384 casu
491 1340 705 1384 invenerit
736 1340 948 1395 venalem,
975 1350 1018 1385 ct
1054 1340 1204 1384 emerit
1241 1355 1350 1395 eam,
1388 1350 1462 1384 aut
1501 1341 1737 1399 appositam

358 1410 560 1454 habuerit
584 1411 638 1454 ab
659 1411 804 1471 aliquo
829 1411 912 1454 alio
929 1411 1149 1466 invitatus,
1174 1421 1216 1456 et
1238 1427 1326 1456 non
1350 1412 1600 1471 cognoverit
1625 1425 1735 1466 eam,
1773 1455 1775 1462 ,

359 1491 402 1525 et
419 1481 763 1534 manducaverit,
789 1482 822 1525 si
845 1491 994 1541 peccat
1016 1484 1033 1525 P
1055 1500 1074 1522 »

419 1554 617 1604 Qum-sno
642 1554 808 1595 XVIlI.
850 1580 905 1585 —
944 1571 962 1593 «
989 1552 1030 1596 Si
1053 1551 1106 1595 de
1141 1553 1266 1596 horto
1300 1552 1368 1596 vel
1390 1552 1443 1596 de
1476 1552 1737 1612 possessione

360 1621 575 1666 idolorum
599 1622 665 1666 vel
687 1622 961 1667 sacerdotum
985 1638 1133 1666 eorum
1155 1622 1285 1666 debet
1307 1623 1574 1667 Christianus
1604 1624 1738 1666 sciens

359 1691 453 1737 olus
472 1707 629 1748 emere,
650 1692 717 1736 vel
741 1693 929 1752 aliquem
954 1691 1160 1746 fructum,
1191 1702 1234 1737 et
1255 1693 1354 1736 inde
1371 1694 1498 1737 cdere
1516 1695 1534 1737 Ξ)
1560 1695 1667 1738 Sane
1685 1693 1739 1736 de
1768 1714 1771 1731 2

355 1765 622 1824 juramento,
647 1764 713 1807 vel
731 1764 784 1807 de
802 1763 942 1819 idolis,
962 1773 1011 1808 ut
1025 1764 1217 1808 laborem
1234 1780 1321 1808 non
1345 1764 1517 1823 patiaris
1532 1764 1575 1807 in
1600 1763 1740 1823 requi-

359 1834 513 1888 rendo,
549 1851 648 1895 quae
680 1836 864 1879 Domino
892 1835 1082 1879 donante
1117 1835 1433 1889 invenerimus,
1460 1846 1558 1879 ante
1593 1835 1739 1879 oculos
1766 1834 1790 1877 i

359 1914 456 1949 tuos
486 1904 603 1949 volui
638 1921 903 1965 proponere:
927 1907 959 1949 si
985 1905 1091 1966 quid
1123 1916 1265 1951 autem
1295 1906 1413 1949 aliud
1450 1907 1637 1965 apertius
1667 1916 1739 1950 aut
1787 1899 1790 1931 ¹

361 1975 512 2019 melius
538 1977 583 2018 in
619 1976 847 2034 Scripturis
876 1977 1104 2030 inveneris,
1131 1976 1305 2033 dignare
1339 1976 1445 2019 mihi
1482 1976 1735 2034 significare.
1786 1976 1790 1997 ¹

368 2045 489 2089 Unde
509 2062 607 2105 quae
621 2046 984 2100 invenimus,haec
1002 2055 1117 2101 sunt,
1131 2047 1206 2089 ubi
1222 2047 1370 2089 Laban
1386 2046 1491 2089 dixit
1513 2047 1566 2089 ad
1587 2046 1735 2101 Jacob,
1785 2046 1790 2074 ³

367 2135 384 2157 «
405 2118 516 2160 Deus
536 2116 749 2160 Abraham
771 2126 812 2160 et
837 2119 946 2160 Deus
970 2117 1190 2161 Nachor2:
1217 2135 1235 2158 »
1257 2133 1386 2177 quem
1410 2127 1552 2160 autem
1573 2120 1708 2161 Deum
1724 2152 1735 2172 ,
1763 2147 1765 2168 ;

364 2202 451 2231 non
468 2186 690 2245 sigificavit
709 2187 941 2246 Scriptura.
970 2189 1025 2231 Et
1047 2187 1219 2243 iterum,
1245 2207 1263 2229 «
1286 2188 1535 2232 Abimelech
1562 2187 1738 2248 quando

368 2277 386 2298 »
411 2258 530 2302 venit
554 2257 608 2301 ad
630 2260 745 2302 Isaac
771 2259 846 2302 ubi
872 2259 1030 2318 juravit
1058 2276 1065 2300 z
1090 2257 1159 2302 vel
1181 2259 1255 2318 qui
1279 2275 1377 2302 cum
1401 2258 1474 2302 illo
1497 2268 1618 2302 crant
1634 2260 1649 2284 ³
1676 2278 1684 2302 :
1714 2277 1733 2299 »

363 2327 438 2371 sed
457 2328 906 2388 qualejuramentum‚
927 2344 1013 2372 non
1033 2328 1287 2387 significavit
1315 2331 1546 2388 Scriptura.
1573 2332 1736 2372 Iterum
1760 2371 1761 2386 χ

364 2398 419 2442 de
444 2398 673 2453 idolis,ubi
692 2398 742 2442 ad
763 2400 941 2443 Gedeon
956 2397 1120 2442 dictum
1143 2409 1204 2443 est
1222 2417 1244 2444 a
1265 2402 1448 2444 Domino
1463 2401 1505 2442 in
1523 2399 1636 2443 libro
1655 2401 1736 2443 Ju-

363 2468 536 2512 dicum*
557 2504 568 2524 ,
588 2478 636 2512 ut
657 2470 711 2513 de
739 2470 892 2524 vitulo,
930 2485 1060 2530 quem
1088 2471 1321 2525 occiderat,
1349 2470 1646 2515 holocaustum
1672 2468 1736 2514 sa-

1758 2536 1759 2550 i

412 2572 420 2586 ¹
438 2567 518 2596 Vase
533 2565 655 2597 scilicet
668 2567 697 2597 in
708 2577 769 2609 quo
779 2568 925 2598 sedentes
937 2567 1136 2599 lavabantur.
1158 2574 1168 2589 ²
1183 2570 1260 2600 Gen.
1278 2578 1368 2603 xxxi,
1381 2567 1433 2598 53.
1450 2584 1488 2589 —
1503 2565 1515 2588 3
1527 2568 1560 2598 ld
1584 2577 1667 2605 xxvi,
1682 2567 1732 2597 31.
1756 2584 1759 2591 ν
1780 2557 1790 2576 'l'

368 2637 402 2642 —
421 2619 434 2644 4
455 2621 555 2653 Judic.
579 2632 620 2658 vn,
642 2621 695 2653 26,
