1790 3187
204 193 255 218 nr:
289 194 473 218 nivi-nisis
506 193 546 228 Q¹
568 195 661 219 κει.
701 193 752 218 An
787 193 1045 221 sitii’LiciAN.
1083 196 1165 220 ΜΒ.
1205 196 1252 220 11.
1354 186 1434 221 189

57 256 256 315 estquod
279 272 366 300 non
391 256 687 315 intelligebat,
718 266 758 300 et
788 260 914 302 Petro
935 258 1044 302 illud
1072 274 1143 303 vas
1172 258 1434 302 submissum

56 327 109 372 de
131 326 241 371 coelo
264 336 452 386 quatuor
473 326 621 370 lineis¹
655 346 663 370 ε
699 342 798 370 nam
822 337 864 371 et
888 329 976 386 ipse
999 328 1104 387 quid
1129 328 1202 372 illa
1225 329 1437 373 demons-

58 398 181 442 tratio
204 398 408 456 figuraret
432 407 579 455 postea
601 399 819 455 cognovit.
846 402 925 442 Per
942 398 1135 443 fructum
1154 408 1300 443 autem
1316 415 1441 443 men-

58 469 107 514 tis
130 467 183 512 ad
206 466 536 526 intelligentiam
565 483 654 512 uno
683 469 838 523 modo,
870 485 969 513 cuin
1002 470 1094 514 haec
1126 469 1215 529 ipsa
1242 486 1341 529 quae
1363 469 1441 514 de-

55 547 349 583 monstrantur
366 537 626 596 imaginibus
645 538 752 598 quid
769 539 1012 596 significent
1027 549 1070 584 et
1090 555 1178 599 quo
1196 541 1442 599 pertineant

16 608 19 655 ’ῑ
55 608 296 666 revelatur3
330 624 429 668 quae
457 609 614 653 certior
647 610 876 668 prophetia
900 620 984 668 est3
1012 626 1110 654 nam
1139 612 1273 670 magis
1304 611 1440 670 ipsam

53 689 177 725 vocat
199 678 429 738 Apostolus
452 679 726 738 prophetiam
746 682 762 704 ²
786 698 794 723 ε
816 680 928 724 sieut
951 682 1112 740 Joseph
1137 681 1297 725 meruit
1318 680 1440 725 intel-

52 750 204 810 ligere,
235 750 355 809 quod
389 750 554 794 Pharao
589 750 776 794 nonnisi
807 750 981 808 videre3
1016 760 1058 794 et
1089 751 1236 795 Daniel
1265 751 1442 810 exponit

54 822 159 878 regi,
186 821 305 880 quod
324 820 395 864 ille
414 821 552 864 cernit
576 830 619 864 et
642 821 790 864 nescit.
818 823 930 865 Cum
955 836 1056 865 vero
1077 822 1135 866 ita
1158 837 1278 866 mens
1301 822 1442 866 affici-

54 901 148 945 tur,
187 901 234 935 ut
266 907 355 935 non
383 907 526 935 rerum
559 892 768 949 imagines
806 892 1089 951 conjecturali
1123 893 1441 937 examinatione

52 961 292 1020 intelligat,
329 962 402 1005 sed
429 977 492 1005 res
526 963 634 1021 ipsas
663 963 911 1016 intueatur,
947 963 1057 1006 sicut
1086 962 1343 1022 intelligitur
1371 979 1441 1007 sa-

53 1033 209 1092 pientia
232 1041 274 1076 et
291 1033 457 1092 justitia
478 1034 707 1092 omnisque
730 1033 1097 1077 incommutabilis
1116 1043 1159 1077 et
1178 1033 1326 1079 divina
1344 1049 1443 1093 spe-

52 1104 162 1158 eies,
189 1102 243 1148 ad
276 1104 547 1162 prophetiam
578 1104 632 1147 de
655 1120 740 1163 qua
776 1120 894 1149 nunc
926 1106 1090 1162 agimus
1118 1121 1204 1150 non
1234 1107 1438 1165 pertinet.

54 1177 245 1234 Utroque
284 1184 427 1218 autem
463 1190 645 1218 munere
681 1176 920 1233 prophetiae
953 1175 1174 1220 donantur
1198 1177 1266 1231 hi,
1293 1177 1369 1237 qui
1400 1185 1444 1221 et

53 1260 195 1289 rerum
218 1246 422 1304 imagines
454 1246 497 1289 in
520 1246 674 1304 spiritu
703 1245 880 1300 vident,
916 1256 958 1290 et
980 1247 1087 1306 quid
1114 1246 1287 1291 valeant
1311 1247 1442 1291 simul

54 1314 304 1373 intelligunt
321 1350 331 1369 ‚
357 1326 433 1359 aut
459 1325 575 1360 certe
602 1315 839 1359 manifestis
860 1316 1157 1361 locutionibus
1180 1317 1225 1360 in
1247 1317 1336 1375 ipsa
1367 1316 1445 1361 de-

55 1387 366 1431 monstratione
395 1385 714 1442 informantur,
747 1387 856 1431 sieut
881 1387 926 1431 in
951 1386 1214 1446 Apocalypsi
1242 1388 1444 1447 quaedam

55 1466 344 1515 exponuntur.
371 1458 617 1502 Nescientes
643 1466 788 1501 autem
813 1457 947 1501 afficit
969 1458 1211 1517 prophetiae
1243 1458 1442 1517 spiritus,

55 1527 163 1572 sieut
181 1528 367 1586 Caiphas
386 1543 486 1571 eum
510 1536 618 1572 esset
641 1527 837 1587 pontifex
861 1528 1137 1586 prophetavit
1155 1527 1209 1571 de
1232 1528 1442 1583 Domino,

55 1598 173 1658 quod
194 1599 413 1658 expediret
436 1614 572 1642 unum
598 1599 708 1643 mori
727 1614 805 1658 pro
829 1608 917 1642 tota
936 1600 1091 1656 gente3
1105 1633 1119 1653 ,
1140 1613 1239 1642 eum
1263 1597 1382 1642 aliud
1400 1599 1446 1643 in

56 1668 196 1712 verbis
218 1684 317 1728 quae
340 1667 511 1712 dicebat
534 1669 801 1727 attenderet3
827 1685 927 1728 quae
953 1684 1042 1713 non
1066 1685 1088 1713 a
1111 1684 1155 1713 se
1178 1669 1272 1728 ipso
1302 1668 1446 1713 dicere

57 1739 286 1783 nesciebat.
314 1739 554 1783 Abundant
573 1741 617 1783 in
635 1740 790 1784 sanetis
805 1739 926 1784 libris
945 1739 1140 1798 exempla
1166 1758 1174 1784 :
1196 1749 1239 1784 et
1256 1755 1321 1784 res
1338 1755 1446 1799 pru-

58 1809 216 1852 dentiae
241 1819 325 1853 tuae
348 1810 589 1854 notissimas
611 1809 783 1870 loquor.
805 1812 904 1855 Non
922 1811 1037 1854 enim
1058 1811 1134 1854 ista
1158 1810 1262 1854 dicis
1284 1826 1335 1854 ex
1359 1825 1444 1863 me,

58 1879 130 1923 sed
153 1880 197 1922 in
220 1881 278 1923 eis
300 1895 369 1923 me
392 1881 689 1939 percontando
707 1881 864 1940 probas
881 1916 891 1935 ‚
918 1889 959 1924 et
984 1895 1244 1938 cognoscere
1267 1881 1447 1939 cupiens

60 1950 355 2008 proficientem
374 1986 384 2005 ‚
415 1944 458 1994 et
482 1952 695 2009 corrigere
725 1961 897 2010 paratus
925 1960 1157 1995 errantem.
1185 1953 1279 1995 Hoc
1302 1960 1448 1995 autem

61 2021 191 2065 verbo
210 2055 219 2075 ‚
245 2020 364 2080 quod
382 2022 567 2078 positum
585 2031 668 2076 est,
698 2040 718 2064 «
740 2025 795 2066 Et
816 2021 981 2066 insiluit
1002 2022 1047 2066 in
1071 2038 1171 2066 eum
1195 2022 1369 2081 spiritus
1388 2041 1396 2066 ε
1422 2039 1441 2063 »

26 2108 29 2152 ᾗ
63 2100 267 2151 tanquam
300 2107 350 2136 ex
374 2092 523 2137 abdito
547 2092 783 2137 divinitatis
809 2102 973 2138 secreto
996 2094 1247 2152 repentinus
1279 2093 1448 2151 signifi-

62 2170 177 2205 catur
208 2162 392 2207 afflatus.
434 2165 601 2207 Horum
639 2163 772 2222 igitur
808 2163 1040 2208 modorum
1075 2178 1267 2222 quonam
1302 2163 1448 2222 potius

63 2231 266 2276 affectum
286 2247 374 2277 esse
395 2232 688 2292 intelligamus
714 2233 815 2278 Saiil
833 2269 842 2289 ‚
864 2234 965 2278 satis
988 2243 1166 2292 apparet
1189 2249 1240 2277 ex
1259 2248 1310 2277 eo
1328 2233 1449 2292 quod

63 2299 123 2344 ibi
145 2302 352 2361 seriptum
376 2312 468 2358 est,
498 2323 517 2346 «
548 2304 773 2349 Convertit
804 2307 918 2348 Deus
939 2305 982 2348 in
1007 2304 1109 2348 Saiil
1133 2319 1208 2348 eor
1234 2303 1395 2347 aliud⁴.
1425 2321 1445 2344 »

68 2371 133 2416 Sic
157 2374 270 2416 enim
294 2372 421 2417 aliam
445 2373 584 2418 cordis
609 2374 886 2419 affectionem
921 2374 1160 2433 signifieat,
1187 2390 1319 2434 quam
1343 2389 1450 2419 eon-

66 2443 270 2489 vertendo
291 2442 394 2489 fecit
418 2448 528 2490 Deus
549 2454 598 2489 ut
616 2446 853 2505 imaginum
876 2446 1215 2505 significantium
1237 2454 1280 2490 et
1303 2446 1450 2505 praefi-¹

115 2529 123 2545 ¹
142 2530 212 2560 Aet.
233 2540 264 2570 x,
289 2540 392 2561 110—-
408 2536 419 2553 ἃ
447 2541 459 2563 ι
481 2532 553 2563 Cor.
575 2541 642 2570 xm,
663 2539 693 2563 2.
708 2547 750 2553 --
766 2527 780 2554 3
804 2533 894 2563 Joan.
914 2541 957 2572 xi,
980 2527 1119 2573 49.--4
1142 2541 1154 2562 1
1176 2532 1252 2572 Reg.
1274 2540 1308 2572 x,
1327 2542 1360 2572 9.
