1790 3187
0 0 9 87 i

5 90 9 107 ί

6 193 10 302 i
357 250 412 277 DE
444 251 547 278 oca-o
578 250 768 277 numi-1³11
801 250 1132 287 quma-romnus.
1359 239 1443 278 233

6 307 11 371 i
57 317 279 371 scriberes,
298 316 498 375 ingerens
511 316 811 376 hujuscemodi
826 317 1112 376 quaestionem
1128 337 1139 374 3
1156 324 1287 375 atque
1300 325 1350 360 ut
1362 331 1444 361 res-

7 374 12 449 }
59 387 291 449 ponderem
305 387 413 447 quid
429 386 698 431 mihiexinde
711 386 1192 447 videreturexposcens,
1206 402 1286 431 nec
1297 396 1444 432 tacens

8 461 13 510 i
57 460 144 519 ipse
161 456 267 517 quid
286 458 460 502 sentias.
484 460 589 503 Nam
606 456 712 501 dicis
725 458 859 501 videri
872 458 965 511 tibi,
985 474 1070 503 non
1087 473 1176 502 esse
1192 458 1340 502 inanes
1353 473 1445 503 mo·

9 518 13 581 i
58 540 124 576 tus
146 530 391 574 animorum
411 529 706 587 religiosorum
723 539 854 589 atque
873 529 1069 574 fidelium
1084 546 1161 590 pro
1176 530 1262 575 suis
1276 531 1353 575 ista
1372 546 1445 575 cu-

10 584 14 670 ὲ
56 600 260 646 rantium.
282 600 496 660 Adjungis
514 602 642 644 etiam
657 636 668 656 ,
685 616 838 645 vacare
856 616 944 645 non
960 617 1083 660 posse
1103 601 1223 662 quod
1241 602 1441 646 universa

55 671 108 716 de
123 670 366 731 profunctis
380 671 570 716 Ecclesia
585 671 828 731 supplicare
844 673 1068 716 consuevit
1082 691 1090 717 z
1102 672 1262 717 uthinc
1275 682 1319 717 et
1333 671 1444 718 illud

55 744 207 803 conjici
235 744 388 802 possit,
415 744 584 788 homini
608 745 810 803 prodesse
830 752 926 803 post
943 754 1130 788 mortem
1145 779 1155 799 ,
1181 744 1214 788 si
1237 743 1324 788 fide
1340 760 1444 789 suo-

54 829 149 859 rum
171 815 401 859 humando
416 817 508 876 ejus
530 816 701 875 corpori
725 816 816 859 talis
841 816 1123 875 provideatur
1142 815 1279 871 locus,
1296 816 1341 859 in
1356 831 1446 876 quo

53 885 497 946 appareatopitulatio
513 886 643 929 etiam
660 886 882 930 istomodo
905 886 1085 946 quaesita
1108 888 1382 931 Sanctorum.

112 959 170 999 3⁰.
201 956 284 1000 Sed
302 972 400 1000 curn
422 956 516 999 haec
538 956 596 999 ita
620 957 726 1010 sint,
753 956 977 1015 quomodo
999 956 1101 1000 huic
1124 957 1321 1016 opinioni
1344 972 1446 1001 con-

53 1028 232 1072 trarium
256 1043 342 1071 non
364 1027 442 1079 sit,
476 1027 596 1088 quod
614 1028 673 1071 ait
695 1027 927 1087 Apostolus
943 1064 953 1082 ,
989 1029 1186 1072 «Omnes
1204 1028 1321 1072 enim
1340 1037 1446 1073 asta·

14 1093 19 1209 l
55 1118 74 1142 »
101 1100 243 1143 bimus
274 1108 374 1143 ante
398 1098 591 1143 tribunal
623 1099 812 1154 Christi,
844 1109 892 1143 ut
915 1099 1027 1144 ferat
1048 1099 1354 1160 unusquisque
1375 1115 1446 1144 se-

55 1189 74 1213 »
99 1170 294 1215 cundum
310 1186 357 1214 ea
372 1186 470 1230 quae
486 1186 560 1230 per
571 1186 728 1230 corpus
739 1171 884 1230 gessit,
900 1171 987 1214 sive
1001 1170 1185 1226 bonum,
1198 1170 1363 1215 malum
1375 1173 1406 1226 ¹,
1421 1188 1442 1212 »

51 1257 138 1287 non
164 1251 205 1286 te
223 1242 322 1286 satis
344 1242 492 1286 videre
513 1242 742 1299 significas.
771 1244 874 1286 Haec
895 1242 1060 1302 quippe
1083 1240 1318 1302 apostolica
1347 1257 1447 1287 sen-

51 1313 183 1358 tentia
210 1323 311 1357 ante
342 1323 528 1358 mortem
556 1314 763 1358 admonet
786 1313 902 1369 fieri,
934 1313 1054 1373 quod
1078 1313 1212 1373 possit
1243 1312 1446 1372 prodesse

51 1394 146 1445 post
169 1393 387 1442 mortem,
420 1400 510 1428 non
539 1394 645 1429 tunc
682 1384 859 1444 quando
888 1385 979 1445 jam
1014 1384 1314 1444 recipiendum
1352 1393 1443 1439 est,

52 1455 169 1517 quo-:l
186 1456 370 1516 quisque
387 1456 563 1515 gesserit
587 1465 686 1499 ante
704 1466 906 1500 mortem.
934 1458 1098 1500 Verum
1119 1456 1213 1500 haec
1236 1455 1295 1499 ita
1318 1455 1446 1501 solvi-

52 1537 122 1573 tur
153 1529 360 1587 quaesfio,
394 1528 602 1588 quoniam
634 1527 827 1588 quodam
852 1527 952 1571 vitae
981 1543 1139 1586 genere
1176 1527 1444 1586 acquiritur3

20 1599 24 1653 ξ
52 1599 155 1644 dum
176 1600 221 1644 in
239 1601 322 1645 hoc
342 1616 525 1659 corpore
547 1600 730 1654 vivitur,
761 1609 810 1644 ut
837 1598 1001 1659 aliquid
1025 1598 1234 1659 adjuvent
1259 1598 1338 1642 ista
1369 1599 1446 1642 de-

21 1661 25 1737 .
52 1669 223 1715 functos
250 1689 258 1716 :
286 1686 334 1715 ac
357 1687 433 1730 per
455 1671 539 1715 hoc
562 1670 804 1714 secundum
828 1686 875 1714 ea
900 1686 999 1730 quae
1025 1685 1102 1729 per
1122 1685 1280 1728 corpus
1305 1684 1445 1728 gesse-

4 1740 25 1818 =¹
53 1752 179 1796 runt,
206 1743 264 1786 eis
278 1759 377 1803 quae
401 1752 497 1802 post
519 1758 676 1801 corpus
699 1741 896 1800 religiose
919 1757 999 1800 pro
1016 1740 1098 1785 illis
1120 1739 1233 1785 facta
1255 1740 1443 1796 fuerint,

3 1816 27 1920 ἰ
54 1814 331 1874 adjuvantur.
363 1816 474 1858 Sunt
497 1813 610 1856 enim
633 1828 742 1873 quos
764 1813 944 1856 omnino
973 1812 1083 1856 nihil
1108 1811 1320 1872 adjuvant
1337 1811 1444 1870 ista3

24 1921 27 1926 ,
53 1886 138 1930 sive
157 1901 233 1944 pro
250 1886 307 1929 eis
325 1885 448 1940 siant,
474 1901 662 1945 quorum
683 1894 770 1928 tarn
788 1883 901 1927 mala
924 1893 1026 1927 sunt
1044 1884 1211 1938 merita,
1238 1892 1287 1926 ut
1302 1898 1447 1942 neque

54 1956 212 2001 talibus
230 1954 349 2014 digni
367 1958 455 2000 sint
475 1956 691 2016 adjuvari3
711 1956 798 1999 sive
812 1971 891 2015 pro
914 1956 972 1999 eis
990 1970 1178 2015 quorum
1198 1965 1285 1999 tam
1303 1955 1418 1999 bona
1433 1990 1443 2009 ,

26 2036 28 2077 ἱ
55 2037 103 2072 ut
124 2027 282 2071 talibus
302 2044 391 2072 non
414 2027 640 2086 indigeant
666 2027 943 2087 adjumentis.
971 2027 1139 2070 Genere
1157 2026 1290 2085 igitur
1312 2025 1411 2069 vitae
1431 2060 1442 2080 ,

6 2081 29 2137 2¹¹
56 2098 171 2158 quod
202 2098 330 2157 gessit
359 2099 544 2159 quisque
570 2113 646 2156 per
675 2113 831 2156 corpus
849 2132 859 2152 ,
890 2096 1079 2140 efficitur
1110 2105 1160 2140 ut
1190 2096 1355 2155 prosint
1376 2096 1445 2140 vel

6 2191 8 2194 ⁴
56 2185 142 2214 non
159 2171 348 2229 prosint,
366 2185 658 2229 quaecumque
677 2184 753 2228 pro
771 2168 845 2212 illo
860 2169 931 2228 pie
948 2168 1061 2212 fiunt
1074 2203 1085 2223 ,
1103 2183 1203 2211 cum
1224 2167 1446 2226 reliquerit

57 2256 224 2299 corpus.
260 2244 368 2285 Nam
393 2241 594 2284 meritum
611 2276 621 2295 ,
646 2256 724 2300 per
751 2240 871 2300 quod
896 2240 973 2283 ista
1000 2240 1190 2297 prosint,
1217 2240 1249 2282 si
1274 2237 1444 2281 nullum

58 2323 352 2371 comparatum
384 2322 446 2356 est
470 2312 512 2355 in
537 2313 618 2356 hae
640 2312 726 2356 vita
746 2347 756 2366 ,
790 2312 948 2355 frustra
977 2310 1190 2370 quaeritur
1215 2319 1312 2369 post
1335 2309 1446 2354 hanc

59 2383 203 2428 vitam.
233 2386 297 2426 lta
321 2383 369 2426 fit
392 2393 440 2426 ut
458 2398 600 2443 neque
622 2382 807 2426 inaniter
824 2381 1038 2436 Ecclesia,
1057 2380 1127 2424 vel
1146 2395 1324 2424 suorum
1342 2395 1446 2424 cura

30 2476 34 2507 ρ
59 2469 134 2514 pro
149 2454 365 2498 defunctis
388 2455 507 2514 quod
525 2454 713 2513 potuerit
732 2451 950 2512 religionis
970 2451 1220 2511 impendat,
1241 2460 1445 2495 ettamen

30 2513 35 2608 ἰ
62 2526 169 2570 ferat
198 2526 499 2585 unusquisque
537 2525 778 2570 secuudum
809 2539 858 2568 ea
881 2539 980 2583 quae
1004 2523 1131 2581 gessit
1154 2538 1231 2582 per
1259 2537 1441 2581 corpus,

32 2625 35 2677 1
110 2613 116 2628 “
143 2621 152 2641 ι
176 2611 246 2642 Cor.
267 2621 300 2650 v,
329 2620 376 2641 10.

33 2682 36 2727 ἱ

33 2730 36 2784 l
