1790 3187
339 210 422 250 294
763 224 796 250 s.
834 222 1063 251 AUGUS’rml
1097 225 1277 253 nmscom

340 287 515 331 rissimis
548 287 702 331 nostris
725 286 909 344 flagitari
929 296 1085 347 potest,
1117 304 1264 349 quaere
1284 289 1447 349 aliquid
1468 298 1615 336 nostra
1631 291 1722 336 dis-

341 357 538 402 cussione
560 357 741 416 dignum
769 375 778 402 ι
806 366 849 402 et
878 373 927 403 ea
957 373 1036 418 pro
1070 359 1220 405 vestris
1241 360 1496 405 numinibus
1523 376 1625 406 cura
1653 361 1724 407 di-

342 443 454 484 cere,
479 428 524 471 in
548 427 708 487 quibus
735 442 824 472 non
854 436 896 472 te
924 444 1064 474 causae
1095 431 1468 489 praevaricatorem
1501 441 1722 491 putemus,

344 515 434 559 quo
455 513 533 543 nos
557 499 693 557 magis
719 513 1010 556 commoneas,
1031 517 1130 561 quae
1148 509 1296 546 contra
1318 500 1412 547 illos
1425 500 1510 547 dici
1526 512 1723 561 possunt,
1776 487 1790 535 P*

343 585 475 629 quam
495 585 572 628 pro
598 569 653 612 eis
669 569 832 629 aliquid
854 569 985 615 dicas.
1008 572 1074 616 Ad
1092 588 1302 616 summam
1321 581 1483 628 tamen,
1506 589 1562 617 ne
1583 583 1626 618 te
1643 575 1727 620 hoc

344 639 493 693 lateat,
522 648 564 683 ct
585 640 629 682 in
649 639 851 697 sacrilega
873 642 1060 685 convitia
1084 641 1409 702 imprudentem
1430 643 1589 699 trahat,
1621 643 1728 690 scias

343 725 366 753 a
403 711 654 755 Christianis
683 711 921 767 catholicis,
954 728 1140 772 qnorum
1167 714 1212 757 in
1241 723 1381 758 vestro
1408 713 1570 773 oppido
1597 715 1728 760 etiam
1783 703 1787 712 ἦ

348 781 538 825 Ecclesia
576 783 810 826 constituta
844 792 928 838 est,
972 783 1141 827 nullum
1174 785 1257 829 coli
1291 794 1581 840 mortuorum,
1620 778 1730 831 nihil

347 853 537 912 denique
562 863 609 897 ut
638 870 800 897 numen
823 854 1006 910 adorari,
1031 856 1151 916 quod
1177 857 1229 900 sit
1253 856 1416 901 factum
1439 866 1482 901 et
1503 856 1729 902 conditum
1785 846 1788 851 ’

347 939 370 967 a
390 924 581 978 Deo,sed
600 940 737 968 unum
755 926 897 983 ipsum
912 927 1154 986 Deum,qui
1171 927 1272 971 fecit
1292 937 1334 971 et
1351 927 1547 972 condidit
1568 929 1727 972 omnia.
1789 924 1790 927 ¹

347 995 620 1039 Disserentur
653 996 731 1039 ista
759 995 903 1051 latius,
929 996 1022 1055 ipso
1044 1011 1147 1041 vero
1170 1006 1212 1041 et
1234 1013 1323 1042 uno
1356 1001 1446 1043 Deo
1479 998 1730 1058 adjuvante,
1789 989 1790 992 Ἴ

348 1080 447 1108 cum
474 1075 514 1109 te
543 1067 730 1125 graviter
752 1080 875 1123 agere
904 1067 1015 1111 velle
1044 1082 1302 1125 cognovero.

354 1211 622 1228 mmmm!
627 1211 1734 1230 mmmmmmmwwmnmwumxmwmmwummm

758 1311 1085 1357 EPlSTOLA
1121 1312 1235 1359 XVI
1247 1312 1258 1357 i
1270 1313 1285 1357 l
1299 1303 1332 1358 ¹.

732 1445 1026 1479 AUGUSTINUS
1074 1445 1356 1480 CAELEsTINO.

505 1560 564 1609 Ν
563 1570 818 1607 atzcrccrum
846 1578 996 1624 genus
1029 1562 1204 1623 triplex·
1220 1564 1572 1627 perstringitur.

416 1699 452 1741 Ι,
497 1697 535 1740 Ο
563 1714 732 1742 UTINAM
764 1713 933 1758 possem
969 1698 1136 1743 assidue
1167 1699 1247 1743 tibi
1288 1698 1454 1759 aliquid
1484 1698 1656 1743 dicere!
1690 1699 1741 1744 Id
1780 1713 1790 1754 ;

359 1776 504 1811 autem
527 1766 693 1828 aliquid
720 1777 798 1822 est,
824 1778 872 1812 ut
905 1769 1019 1813 curis
1041 1784 1299 1813 exueremur
1319 1768 1538 1823 inanibus,
1559 1777 1602 1813 et
1628 1768 1741 1814 curis
1772 1760 1790 1811 >i

359 1837 643 1882 indueremur
684 1840 879 1884 utilibus.
909 1843 1016 1885 Nam
1051 1840 1106 1884 de
1140 1840 1369 1883 securitate
1413 1840 1558 1883 nescio
1594 1848 1742 1884 utrum
1774 1851 1790 1880 s

359 1908 601 1968 quidquam
623 1910 667 1953 in
684 1910 767 1954 hoc
796 1910 962 1954 mundo
985 1909 1246 1969 sperandum
1273 1911 1342 1954 sit.
1381 1911 1552 1968 Scripsi,
1580 1925 1659 1954 nec
1678 1924 1744 1954 re·
1778 1925 1786 1950 t

361 1979 456 2038 cepi
480 1980 567 2024 ulla
592 1982 810 2040 rescripta.
831 1981 928 2025 Misi
946 1982 1174 2025 adversum
1198 1981 1459 2024 Manichaeos
1476 1979 1745 2040 libros,quos
1773 1995 1790 2040 j

364 2061 535 2110 paratos
557 2062 599 2096 et
617 2053 868 2096 emendatos
884 2052 1055 2095 mittere
1079 2052 1218 2110 potui,
1235 2066 1316 2094 nec
1337 2050 1579 2110 quidquam
1597 2065 1648 2094 ex
1664 2049 1746 2094 illis
1782 2065 1786 2089 ε

359 2125 513 2184 judicii
532 2133 763 2183 motusque
786 2122 920 2166 nostri
939 2130 1092 2166 notum
1116 2121 1221 2164 mihi
1244 2120 1408 2164 factum
1427 2129 1505 2164 est.
1531 2123 1658 2166 Nunc
1675 2133 1746 2165 eos

365 2205 558 2254 repetere
570 2196 658 2254 jam
677 2210 762 2249 me,
779 2208 855 2238 vos
875 2202 1020 2236 autem
1045 2192 1268 2236 restituere
1289 2191 1508 2235 convenit.
1541 2194 1646 2236 Peto
1666 2191 1748 2236 ita*-

364 2281 450 2326 que
483 2281 538 2310 ne
566 2265 776 2309 differatis
812 2279 883 2308 eos
926 2263 1144 2306 remittere
1179 2277 1279 2306 cum
1323 2261 1553 2321 rescriptis,
1588 2261 1748 2321 quibus
1782 2281 1784 2292 ·

347 2353 487 2390 *nosse
509 2339 638 2397 cupio
655 2336 763 2398 quid
786 2335 840 2379 de
860 2334 943 2378 illis
966 2334 1126 2393 geritis,
1151 2333 1219 2378 vel
1236 2333 1380 2377 adhuc
1407 2333 1461 2376 ad
1484 2332 1608 2376 illum
1627 2347 1747 2377 erro-

364 2424 455 2452 rem
477 2408 818 2468 expugnandum
845 2405 952 2466 quid
981 2413 1210 2449 armaturae
1233 2404 1356 2450 vobis
1377 2417 1487 2462 opus
1516 2417 1606 2447 esse
1633 2401 1748 2448 arbi·-

370 2480 558 2525 tremini.

418 2586 423 2599 ¹
447 2579 529 2611 Alias
542 2589 631 2611 mun.
649 2588 717 2618 quae
733 2581 840 2608 autem
859 2586 931 2607 xviii
952 2578 1034 2614 erat,
1047 2584 1132 2605 nunc
1146 2582 1252 2604 mxxxi.
1270 2588 1310 2594 —
1325 2571 1450 2613 Scripta
1468 2569 1552 2602 forte
1565 2569 1652 2602 circa
1676 2568 1746 2610 390.
1767 2623 1773 2631 ’Ἴ

1769 2793 1774 2877 Ι

1770 2882 1774 2896 0

1772 2945 1779 3187 ἱ
