1790 3187
326 234 408 273 298
766 244 799 270 s.
836 240 1067 269 Aucus‘nm
1100 242 1279 270 nasoon

324 309 446 354 aliter
458 309 628 363 sentiat,
648 321 779 367 quam
796 307 951 351 veritas
973 307 1176 365 postulat.
1198 309 1263 350 Tu
1275 320 1394 361 vero,
1416 305 1548 351 frater
1565 305 1704 352 dilec-

322 380 499 435 tissime,
527 379 601 438 qui
620 377 743 422 nullo
760 377 891 422 modo
913 393 1026 422 erras
1047 377 1266 422 credendo
1280 377 1348 422 vel
1364 378 1556 433 sciendo,
1581 393 1704 437 mag-

322 467 428 495 num
466 452 634 495 bonum
666 464 755 492 esse
790 448 976 493 libenter
1017 453 1105 494 Deo
1146 459 1348 509 casteque
1383 449 1570 504 servire,
1604 465 1705 494 cum

321 522 562 582 quemlibet
596 520 821 564 hominum
852 529 1080 579 propterea
1109 520 1251 579 diligis
1268 555 1279 575 ,
1305 519 1424 580 quod
1448 521 1576 580 hujus
1598 520 1704 565 boni

322 593 574 651 participem
590 590 742 644 credis,
764 599 905 634 tecum
928 600 992 634 est
1013 590 1180 634 fructus
1202 600 1319 644 tuus,
1342 590 1507 634 etiamsi
1521 590 1594 634 ille
1615 605 1705 635 non

320 661 378 705 ita
411 662 480 705 sit.
508 666 779 719 Quapropter
804 660 880 704 tibi
915 660 1072 704 dehac
1107 675 1152 704 re
1188 659 1496 718 gratulandum
1527 670 1614 716 est,
1641 659 1705 704 illi

319 740 463 775 autem
489 747 578 775 non
600 731 634 775 si
656 740 883 790 propterea
905 730 1118 789 diligitur,
1144 730 1219 774 sed
1247 731 1279 774 si
1302 729 1397 774 talis
1415 739 1500 785 est,
1528 730 1703 790 qualem

317 816 406 845 esse
424 802 636 845 existimat
652 817 673 844 a
692 817 780 860 quo
801 809 1030 860 propterea
1047 799 1256 859 diligitur.
1283 800 1442 853 Quales
1466 800 1613 859 itaque
1626 815 1704 845 nos

317 872 465 925 simus,
493 879 796 931 quantumque
814 871 857 913 in
879 873 1014 913 Deum
1038 870 1396 929 promoverimus,
1417 871 1508 929 ipse
1527 870 1700 925 viderit,

317 943 439 1000 cujus
471 957 559 984 non
591 943 730 984 solum
752 939 806 983 de
833 940 1017 983 hominis
1048 940 1189 994 bono,
1226 940 1300 983 sed
1329 940 1383 983 de
1415 940 1589 983 homine
1610 940 1704 998 ipso

317 1027 406 1054 non
426 1020 563 1069 potest
582 1009 966 1068 errarcjudicium.
995 1010 1091 1052 Tibi
1114 1009 1168 1053 ad
1191 1009 1434 1053 mercedem
1466 1009 1702 1053 beatitudi-

317 1082 398 1135 nis,
435 1080 554 1139 quod
577 1080 630 1123 ad
654 1081 765 1124 hanc
788 1094 878 1122 rem
912 1079 1066 1122 attinet
1086 1113 1096 1133 ,
1122 1080 1219 1123 satis
1251 1089 1330 1133 est,
1355 1080 1475 1138 quod
1497 1094 1575 1123 nos
1598 1079 1703 1124 tales

315 1150 496 1195 credens
520 1151 670 1210 quales
698 1159 869 1209 oportet
903 1165 993 1193 esse
1021 1164 1163 1194 servos
1182 1150 1273 1205 Dei,
1310 1158 1403 1193 toto
1435 1150 1532 1193 sinu
1561 1150 1702 1194 cordis

315 1221 601 1280 amplecteris.
635 1221 802 1265 Gratias
832 1235 935 1265 vero
964 1220 1044 1264 tibi
1069 1220 1224 1264 uberes
1259 1221 1424 1278 agimus
1442 1255 1453 1275 ,
1478 1220 1599 1280 quod
1623 1235 1702 1266 nos

314 1307 415 1337 cum
437 1291 606 1350 laudas,
630 1301 840 1352 tanquam
858 1291 964 1335 tales
979 1291 1127 1346 simus,
1153 1290 1406 1335 mirabiliter
1426 1291 1627 1346 hortaris,
1652 1301 1702 1336 ut

314 1363 419 1409 tales
449 1378 538 1407 esse
576 1364 801 1422 cupiamus
828 1363 1082 1421 3uberiores
1117 1362 1269 1417 etiam,
1305 1362 1340 1405 si
1377 1377 1468 1406 non
1493 1362 1633 1406 solum
1657 1371 1701 1407 te

313 1434 592 1478 commendes
613 1434 880 1478 orationibus
897 1434 1067 1488 nostris,
1086 1432 1161 1477 sed
1176 1433 1305 1477 etiam
1328 1448 1416 1477 non
1439 1433 1701 1492 praetermit-

315 1514 376 1549 tas
404 1521 527 1549 orare
557 1520 635 1564 pro
667 1505 807 1549 nobis,
831 1506 1002 1549 Gratior
1023 1513 1086 1548 est
1108 1505 1223 1548 0111111
1249 1508 1338 1549 Deo
1360 1520 1439 1564 pro
1466 1504 1600 1549 fratre
1621 1505 1701 1550 de-

313 1575 519 1634 precatio,
546 1575 623 1618 ubi
646 1575 904 1619 sacrificium
930 1575 1151 1619 charitatis
1171 1574 1370 1619 offertur.

371 1647 453 1690 111.
493 1646 726 1690 Parvulum
761 1655 886 1690 tuum
908 1647 1146 1705 plurimum
1179 1646 1335 1702 saluto,
1375 1655 1419 1691 et
1455 1647 1697 1692 secundum

311 1725 526 1776 praecepta
546 1717 720 1760 Domini
737 1716 940 1761 salutaria
963 1726 1067 1777 opto
1090 1716 1384 1777 grandescere.
1405 1719 1563 1762 Domui
1582 1733 1696 1778 quo·

311 1802 397 1846 que
415 1796 501 1830 tuae
526 1804 655 1832 unam
675 1789 814 1832 aedem
837 1797 880 1832 et
901 1788 1178 1833 devotionem
1199 1803 1367 1844 veram,
1391 1803 1490 1848 quae
1512 1788 1600 1833 sola
1621 1804 1696 1834 ca-

313 1857 471 1901 tholica
494 1867 572 1913 est,
602 1859 828 1918 provenire
851 1858 1047 1903 desidero
1062 1867 1103 1903 et
1123 1874 1295 1918 precor:
1316 1860 1361 1902 in
1381 1874 1513 1919 quam
1535 1874 1643 1916 rem,
1663 1861 1696 1905 si

311 1944 441 1988 quam
460 1928 572 1972 forte
589 1929 716 1972 aliam
741 1939 931 1973 nostram
954 1945 1129 1989 operam
1153 1930 1434 1974 necessariam
1463 1930 1692 1987 existimas,

311 2014 366 2041 ne
391 1999 467 2042 tibi
490 2000 706 2043 vindicare
728 2000 920 2055 dubites,
948 2010 992 2044 et
1023 2001 1246 2044 communi
1275 2000 1452 2045 domino
1481 1999 1617 2046 fretus
1652 2011 1696 2046 et

304 2069 402 2128 jure
431 2069 665 2113 charitatis.
702 2070 819 2114 Illud
853 2086 955 2114 sane
991 2070 1293 2114 admonuerim
1334 2069 1694 2128 religiosissimam

311 2137 584 2198 prudentiam
609 2149 744 2193 tuam,
761 2150 811 2184 ut
833 2141 1032 2185 timorem
1055 2142 1130 2184 Dei
1150 2156 1239 2185 non
1261 2141 1600 2185 irrationabilem
1623 2140 1694 2186 vel

309 2209 468 2252 inseras
496 2208 722 2253 infirmiori
755 2210 840 2254 vasi
876 2220 975 2265 tuo,
1007 2211 1077 2255 vel
1104 2211 1295 2266 nutrias,
1325 2211 1471 2256 divina
1506 2211 1692 2256 lectione

310 2279 515 2339 gravique
536 2279 771 2339 colloquio.
800 2282 938 2325 Nemo
972 2281 1086 2324 enim
1124 2281 1215 2325 fere
1247 2280 1457 2325 sollicitus
1493 2282 1547 2325 de
1578 2290 1691 2326 statu

308 2350 462 2392 animae
499 2365 614 2404 suae,
648 2360 778 2410 atque
815 2352 872 2395 ob
906 2352 988 2396 hoc
1025 2352 1115 2396 sine
1146 2353 1382 2412 pertinacia
1418 2352 1690 2411 inquirendae

306 2419 521 2464 voluntati
552 2421 723 2464 Domini
754 2421 945 2465 intentus
968 2431 1053 2475 est,
1080 2424 1154 2481 qui
1192 2423 1309 2467 bono
1346 2421 1690 2467 demonstratore

307 2504 408 2533 usus
441 2505 527 2533 non
562 2490 785 2547 dignoscat
816 2491 919 2550 quid
942 2492 1055 2536 inter
1083 2493 1265 2537 schisma
1287 2492 1531 2552 quodlibet,
1557 2502 1688 2552 atque

307 2576 438 2604 unam
459 2561 715 2605 catholicam
738 2562 920 2607 intersit.
