1790 3187
579 178 723 206 13121510
730 177 780 204 LA
814 178 892 204 v11.
1352 165 1436 203 269

49 254 136 291 tem
155 278 165 298 ‚
187 241 382 287 nondum
402 255 478 299 per
495 256 643 286 sensus
661 242 911 285 vanissimos
928 239 1098 285 mortali
1116 248 1159 284 et
1176 239 1319 298 fugaci
1337 240 1438 284 sub-

49 315 226 367 stantia,
245 314 513 358 verberatam
532 348 544 368 ‚
560 314 605 356 in
622 322 741 356 tanta
765 310 962 356 falsitatis
984 311 1217 370 ignominia
1236 312 1436 371 jacuisse.

109 388 184 430 vt.
213 383 338 429 Unde
357 399 457 441 ergo
479 384 651 437 evenit,
673 392 722 426 ut
744 399 843 442 quae
864 398 952 426 non
968 383 1155 426 vidimus
1176 383 1438 441 cogitemus;

51 456 165 511 Quid
188 465 313 515 putas
329 490 340 508 ,
365 455 444 498 nisi
467 469 556 498 esse
573 454 661 498 vim
684 452 920 513 quamdam
943 453 1169 497 minuendi
1190 462 1232 497 et
1252 452 1442 512 augendi

0 572 6 583 ,
54 527 207 572 animae
244 526 415 570 insitam
434 561 445 580 ,
480 540 610 585 quam
650 540 931 586 quocumque
968 525 1136 569 venerit
1167 540 1340 569 necesse
1380 533 1445 568 est

53 597 204 644 afferat
224 599 403 642 secum?
425 612 524 657 quae
546 596 608 640 vis
629 596 674 640 in
698 596 890 640 numeris
912 596 1130 655 praecipue
1158 595 1444 640 animadverti

51 677 206 729 potest.
247 671 338 712 Hae
372 668 420 711 fit
440 703 450 723 ‚
490 667 611 712 verbi
645 668 802 726 gratia,
838 676 888 711 ut
915 668 1031 711 corvi
1066 667 1188 728 quasi
1211 666 1268 711 ob
1295 665 1445 711 oculos

53 739 193 798 imago
216 741 450 784 constituta
468 775 478 794 ‚
504 755 603 799 quae
623 739 827 783 videlicet
859 739 1104 798 aspectibus
1134 748 1237 783 nota
1259 746 1344 794 est,
1368 736 1443 782 der

0 798 5 807 ¹
51 810 212 856 mendo
235 819 277 854 et
299 809 503 854 addendo
526 810 726 870 quaedam
741 845 752 864 ‚
777 808 832 853 ad
855 810 1097 869 quamlibet
1125 810 1305 854 omnino
1327 824 1446 852 nun-

0 919 6 949 t
51 897 182 943 quam
202 882 332 925 visam
352 882 583 940 imaginem
604 881 883 945 perducatur.
907 883 997 924 Hac
1015 881 1159 925 evenit
1182 890 1230 924 ut
1251 896 1326 939 per
1347 895 1446 924 con-

52 951 328 998 suetudinem
366 952 642 995 volventibus
675 966 764 995 sese
795 951 841 994 in
877 950 1036 995 talibus
1074 951 1226 995 animis
1246 986 1256 1006 ,
1296 951 1448 1010 figuras

0 1062 6 1077 .
53 1023 352 1083 hujuscemodi
369 1021 487 1067 velut
505 1038 580 1066 sua
599 1031 753 1082 sponte
769 1022 1107 1081 cogitationibus
1124 1021 1308 1066 irruant.
1329 1023 1449 1066 Licet

0 1085 6 1153 Ἰ,
54 1094 184 1154 igitur
197 1093 637 1151 animaeimaginanffl,
658 1109 708 1137 ex
725 1093 791 1137 his
803 1109 902 1153 quae
920 1091 982 1136 illi
1002 1108 1150 1137 sensus
1169 1094 1346 1146 invexit,
1369 1092 1448 1136 de-

9 1214 11 1218 *
55 1166 233 1220 mendo,
252 1174 301 1209 ut
318 1165 483 1209 dictum
501 1174 580 1219 est,
601 1174 644 1208 et
657 1164 711 1208 ad
726 1164 871 1208 dendo
887 1199 897 1219 ,
916 1179 963 1208 ea
984 1165 1160 1223 gignere
1176 1199 1186 1219 ,
1207 1180 1308 1224 quae
1326 1163 1449 1208 nullo

55 1252 183 1282 sensu
207 1237 381 1295 attingit
405 1246 495 1281 tota
512 1257 523 1294 3
543 1246 683 1295 partes
701 1251 804 1280 vero
828 1251 977 1280 eorum
996 1270 1006 1290 ,
1025 1251 1124 1295 quae
1145 1237 1188 1279 in
1208 1235 1300 1279 aliis
1319 1244 1451 1295 atque

3 1298 6 1304 ’
58 1307 149 1352 aliis
166 1308 294 1351 rebus
312 1308 527 1367 attigerat.
549 1311 613 1352 Ita
631 1323 708 1351 nos
724 1307 846 1366 pueri
864 1307 982 1366 apud
1000 1306 1339 1350 mediterraneos
1361 1306 1451 1350 nati

8 1391 14 1407 ³
57 1387 188 1438 atque
205 1378 375 1433 nutriti,
396 1378 467 1423 vel
484 1378 527 1422 in
546 1393 680 1437 parvo
695 1377 827 1422 calice
845 1393 958 1438 aqua
982 1377 1068 1421 visa
1088 1397 1099 1435 3
1119 1378 1207 1437 jam
1227 1377 1454 1435 imaginari

58 1450 189 1494 maria
205 1459 453 1509 poteramus
469 1469 480 1506 3
495 1465 594 1493 cum
613 1465 740 1508 sapor
758 1447 979 1507 fragorum
996 1458 1037 1492 et
1055 1463 1313 1502 cornorum,
1331 1457 1454 1491 ante-

3 1547 6 1554 ·
57 1535 184 1580 quam
198 1519 243 1563 in
258 1519 380 1563 Italia
399 1530 691 1579 gustaremus,
709 1519 833 1563 nullo
848 1518 980 1563 modo
997 1519 1164 1564 veniret
1182 1519 1226 1562 in
1240 1527 1449 1562 mentem.

0 1584 15 1631 Ὗ.
59 1592 170 1636 Hinc
184 1601 247 1636 est
261 1591 380 1652 quod
397 1608 419 1635 a
435 1591 570 1650 prima
583 1601 710 1636 aetate
723 1592 843 1646 caeci,
859 1607 958 1636 cum
971 1591 1024 1635 de
1037 1590 1453 1651 lucecoloribusque

10 1679 12 1683 ’
65 1661 405 1721 interrogantur,
423 1662 531 1722 quid
545 1662 938 1722 respondeantnon
956 1662 1200 1706 inveniunt.
1221 1664 1318 1706 Non
1341 1661 1457 1704 enim

0 1761 13 1800 ,μ’
61 1733 272 1778 coloratas
292 1734 402 1778 ullas
420 1734 650 1793 patiuntur
670 1735 902 1793 imagines,
933 1734 1011 1794 qui
1033 1743 1263 1777 senserunt
1296 1731 1454 1776 nullas.

122 1808 220 1849 VlI.
257 1808 345 1850 Nec
378 1806 533 1849 mirere
560 1821 649 1866 quo
671 1815 799 1866 pacto
826 1821 897 1860 ea,
923 1820 1022 1864 quae
1055 1805 1100 1849 in
1130 1819 1274 1848 rerum
1303 1813 1459 1847 natura

3 1866 7 1886 ³
62 1875 304 1935 figurantur
323 1886 366 1921 et
383 1877 488 1935 fingi
511 1886 694 1936 possunt
711 1912 721 1931 ‚
743 1892 833 1921 non
855 1876 997 1936 primo
1018 1876 1063 1919 in
1083 1877 1227 1919 anima
1248 1891 1347 1935 quae
1366 1890 1458 1919 om-

63 1948 192 1992 nibus
218 1949 328 1993 inest
356 1949 587 1993 commixta
620 1948 854 1993 volvantur
873 1983 883 2002 ‚
920 1963 1021 1993 cum
1056 1963 1103 1991 ea
1132 1963 1359 2007 nunquam
1385 1962 1460 1990 ex-

0 2046 2 2052 ,
64 2018 275 2063 trinsecus
303 2020 497 2064 senserit.
536 2022 646 2065 Nam
683 2019 814 2063 etiam
843 2035 922 2063 nos
950 2034 1050 2064 cum
1080 2017 1351 2077 indignando
1386 2026 1462 2062 aut

65 2089 278 2146 laetando,
298 2091 553 2152 caeterisque
570 2090 823 2151 hujusmodi
846 2091 1181 2135 animimotibus
1200 2126 1210 2145 ‚
1232 2089 1394 2134 multos
1417 2091 1462 2133 in

67 2171 213 2207 nostro
231 2179 412 2224 corpore
429 2163 577 2208 vultus
598 2161 853 2223 coloresque
871 2161 1108 2207 formamus
1122 2197 1132 2216 ,
1156 2162 1299 2221 prius‘2
1316 2171 1464 2205 nostra

69 2234 272 2292 cogitatio
302 2235 423 2295 quod
450 2233 593 2279 facere
627 2235 839 2293 possimus
868 2233 974 2277 tales
1008 2232 1216 2291 imagines
1253 2232 1459 2291 concipit.

0 2331 4 2338 ·
70 2304 410 2364 Consequuntur
425 2305 505 2348 ista
521 2304 636 2348 miris
655 2304 737 2348 illis
756 2303 916 2358 modis,
939 2312 982 2347 et
1002 2302 1325 2347 committendis
1348 2301 1464 2359 cogi·

71 2375 222 2419 tationi
247 2385 334 2419 tuae
356 2392 454 2420 cum
472 2376 518 2419 in
536 2376 677 2420 anima
693 2377 784 2420 sine
799 2375 889 2419 ulla
908 2374 1199 2432 corporalium
1224 2374 1362 2432 figura
1386 2372 1467 2416 fat-

74 2445 246 2490 sitatum
262 2447 431 2491 numeri
450 2447 684 2491 actitantur
706 2445 883 2495 occulti.
910 2449 973 2489 Ex
990 2461 1079 2505 quo
1100 2444 1314 2503 intelligas
1335 2443 1466 2488 velim

123 2537 133 2552 ¹
161 2531 267 2564 Forte
285 2542 348 2563 non
366 2531 464 2574 prius.
