1790 3187
285 236 368 276 476
718 250 749 275 s.
788 249 1016 284 Aucus'rffll
1051 250 1229 278 EPIscopl

283 315 471 368 nebant,
497 315 539 358 in
564 314 723 374 quibus
748 329 819 359 eos
841 315 1005 359 invenit
1026 315 1116 374 ipsa
1138 315 1366 360 conscissio
1386 350 1396 371 ‚
1423 325 1464 360 et
1488 325 1663 361 contro-

281 385 515 428 versiarum
549 385 728 443 strepitu
753 393 794 428 et
818 384 1060 444 jussionum
1091 394 1320 443 potentatu
1342 394 1385 429 et
1407 385 1664 430 auxiliorum

281 456 448 514 impetu
471 456 782 514 perturbastis?
804 458 855 499 In
877 471 961 515 qua
984 456 1306 501 conflictatione
1329 472 1427 516 quae
1450 458 1558 516 passi
1580 458 1668 502 sint

280 542 357 587 per
370 528 463 571 loca
478 527 663 585 singula,
680 528 866 571 recentia
881 542 1024 571 rerum
1041 528 1218 587 vestigia
1231 536 1549 586 contestantur3
1567 544 1666 588 quae

278 599 392 657 jussa
416 598 500 642 sint
522 599 683 642 chartae
701 598 894 642 indicant
912 633 922 651 ‚
947 614 1047 658 quae
1064 597 1175 642 facta
1195 600 1281 643 sint
1304 608 1428 642 terrae
1450 599 1664 657 clamant3

279 669 324 727 in
342 669 500 728 quibus
523 670 650 713 etiam
670 670 818 728 Optati
836 671 847 697 1
873 668 987 714 illius
1009 670 1173 714 tribuni
1190 670 1320 715 vestri
1343 679 1491 715 sancta
1508 685 1667 714 meme·

279 740 341 784 ria
363 739 640 798 praedicatur.
751 797 754 800 ⁴

337 813 412 854 IV.
436 813 545 855 Item
562 810 705 856 dicere
722 811 866 855 soletis
886 811 1006 871 quod
1027 827 1105 856 nos
1123 812 1280 857 Christi
1298 812 1563 871 baptismum
1578 826 1667 855 non

279 880 544 936 habeamus,
587 891 629 925 et
659 891 814 941 praeter
851 891 1036 927 vestram
1069 882 1420 926 communionem
1453 896 1668 941 nusquam

279 952 346 996 sit.
374 955 548 997 Possem
572 953 673 997 hinc
696 953 872 998 uberius
894 954 1117 1013 aliquanto
1150 954 1370 997 disserere.
1404 954 1488 998 Sed
1519 961 1670 998 eontra

279 1038 354 1067 vos
368 1025 458 1082 jam
486 1024 595 1067 nihil
621 1040 729 1083 opus
756 1034 845 1079 est,
871 1026 947 1085 qui
969 1041 1069 1069 cum
1099 1024 1316 1070 Felieiano
1344 1035 1387 1070 et
1410 1029 1670 1069 Praetextato

279 1094 408 1138 etiam
438 1094 851 1139 Maximianistarum
884 1096 1148 1154 baptismum
1178 1096 1408 1154 recepistis.
1442 1098 1670 1155 Quotquot

280 1164 393 1208 enim
419 1164 751 1224 baptizaverunt
769 1165 946 1224 quando
973 1166 1238 1211 Maximiano
1259 1166 1667 1221 communicabant,

279 1250 378 1279 eum
394 1237 522 1280 etiam
536 1237 649 1296 ipsos
662 1237 936 1291 nominatim,
953 1237 998 1281 id
1011 1246 1089 1292 est,
1107 1237 1376 1281 Felicianum
1390 1245 1433 1280 et
1443 1240 1670 1281 Praetexta-

281 1315 375 1350 tum
409 1308 464 1351 de
487 1307 671 1352 basilicis
702 1323 878 1363 eorum‚
910 1308 1022 1352 sicut
1045 1317 1160 1367 gesta
1194 1316 1432 1363 testantur,
1462 1306 1671 1351 diuturno

281 1378 768 1438 conflictujudICiorum
786 1378 999 1438 expellere
1016 1379 1281 1423 conaremini
1299 1400 1309 1437 3
1335 1388 1553 1438 quotquot
1570 1392 1671 1435 ergo

279 1462 330 1492 eo
349 1457 545 1508 tempore
573 1449 929 1509 baptizaverunt,
955 1465 1072 1494 nunc
1101 1464 1248 1493 secum
1278 1458 1321 1493 et
1341 1449 1568 1494 vobiscum
1590 1449 1670 1492 ha-

280 1519 412 1574 bent,
452 1536 542 1564 non
579 1521 717 1565 solum
750 1537 826 1580 per
849 1520 1160 1579 aegritudinum
1191 1520 1404 1579 pericula,
1439 1519 1514 1564 sed
1541 1520 1670 1563 etiam

279 1605 356 1649 per
372 1590 665 1636 solemnitates
687 1591 912 1636 Paschales
935 1593 979 1635 in
998 1601 1062 1636 tot
1084 1591 1277 1653 ecclesiis·
1291 1593 1346 1636 ad.
1367 1607 1463 1635 suas
1481 1592 1672 1636 civitates

280 1661 602 1719 pertinentibus
619 1697 629 1716 ,
655 1671 697 1706 et
724 1662 769 1705 in
790 1662 890 1720 ipsis
913 1672 1001 1706 tam
1031 1663 1199 1721 magnis
1228 1662 1477 1706 civitatibus
1502 1662 1603 1706 foris
1626 1662 1670 1705 in

280 1731 440 1775 scelere
458 1732 697 1777 schismatis
721 1733 956 1792 baptizatos
971 1769 981 1788 ‚
1018 1748 1205 1792 quorum
1230 1733 1343 1776 nulli
1370 1734 1580 1792 baptisma
1604 1747 1672 1775 re-

280 1802 467 1859 petitum
490 1812 566 1847 est.
594 1807 739 1862 Atque
756 1804 921 1848 utinam
953 1804 1138 1862 probare
1162 1803 1339 1863 possetis
1354 1837 1364 1857 ‚
1387 1818 1457 1847 eos
1476 1818 1585 1862 quos
1609 1801 1674 1846 fo-

282 1873 338 1916 ris
367 1872 411 1916 in
440 1872 596 1917 scelere
633 1874 872 1918 schismatis
907 1874 1152 1918 Felicianus
1189 1883 1232 1917 et
1260 1877 1542 1918 Praetextatus
1573 1882 1672 1917 tan—

281 1958 410 2002 quam
440 1944 628 1988 inaniter
650 1945 975 2003 baptizaverant
995 1981 1004 1999 ,
1029 1946 1084 1988 ab
1115 1946 1172 1988 cis
1203 1945 1384 2003 receptis
1412 1945 1527 1987 intus
1550 1943 1673 2003 quasi

282 2013 446 2057 utiliter
464 2012 610 2058 denuo
633 2015 886 2073 baptizatos.
917 2015 958 2059 Si
982 2016 1096 2058 euim
1116 2030 1261 2058 rursus
1287 2013 1535 2072 baptizandi
1551 2022 1674 2057 erant

281 2083 366 2139 isti⁷
388 2098 535 2126 rursus
553 2083 785 2127 ordinandi
804 2093 926 2127 erant
944 2084 1022 2127 illi.
1047 2085 1289 2127 Amiserant
1313 2084 1427 2127 enim
1451 2085 1674 2142 episcopa-

283 2162 374 2196 tum
397 2153 647 2197 recedentes
676 2169 699 2197 a
720 2154 843 2197 vobis
861 2189 871 2209 ‚
898 2154 930 2196 si
961 2162 1080 2197 extra
1107 2156 1462 2198 communionem
1488 2163 1672 2198 vestram

285 2224 501 2283 baptizare
524 2240 612 2268 non
636 2234 853 2285 poterant,
874 2227 983 2269 Nam
1011 2225 1044 2268 si
1079 2225 1348 2269 discedentes
1377 2226 1673 2283 episcopatum

283 2309 372 2337 non
390 2295 636 2350 amiserant,
663 2296 880 2354 baptizare
895 2296 1283 2355 utique-poterant.
1308 2295 1349 2339 Si
1367 2305 1510 2339 autem
1527 2296 1675 2339 amise-

283 2373 395 2417 rant,
407 2380 509 2422 ergo
519 2374 566 2408 ut
579 2366 636 2408 eis
651 2365 770 2425 quod
783 2366 1027 2419 amiserant,
1041 2365 1310 2420 redderetur,
1324 2364 1484 2408 redeuu
1492 2374 1551 2407 tes
1564 2364 1673 2408 ordi-

284 2433 375 2476 nari
390 2432 625 2479 debebant.
646 2435 828 2480 Sednoli
843 2436 1008 2490 timere,
1029 2436 1139 2479 sicut
1153 2446 1319 2479 certum
1336 2443 1398 2478 est
1410 2449 1506 2477 cum
1522 2433 1671 2477 eodem

335 2540 342 2555 ¹
374 2534 639 2577 Thamugadensis
671 2536 811 2578 episcopi
842 2547 858 2567 e
889 2535 1123 2568 Donatistarum
1150 2536 1320 2568 schismate
1350 2535 1474 2573 insigniis
1504 2531 1669 2566 vastatoris

285 2586 414 2621 Africae.
