1790 3187
350 253 433 292 360
775 266 807 290 s.
845 262 1074 290 Auens‘mm
1107 263 1288 291 mnscopt

346 338 491 384 retur,
517 343 624 388 quos
649 327 778 372 audio
800 328 912 371 curis
942 328 1151 387 eju-smodi
1180 327 1465 387 expeditiores
1486 325 1729 370 liberiores-

343 415 430 460 que
450 400 595 444 vivere
622 400 729 456 (17).
757 400 900 450 Quare
922 414 1008 442 non
1038 399 1315 458 impudenter
1341 412 1419 454 ego
1446 412 1550 454 rogo
1567 412 1666 451 vos,
1687 406 1730 441 et

343 471 535 529 postulo,
548 478 589 512 et
599 469 761 526 flagito,
774 469 872 512 utin
882 467 1070 513 Africam
1080 470 1240 528 majore
1251 468 1399 512 talium
1411 467 1726 522 hominumsiti,

341 557 475 601 quam
496 540 697 584 siccitatis
721 539 947 584 nobilitate
970 539 1240 584 laborantem
1258 575 1268 594 ‚
1296 539 1442 585 venire
1472 537 1726 595 dignemini.

399 613 452 655 V.
495 610 582 655 Scit
614 613 757 664 Deus,
801 610 902 669 quia
940 626 1029 654 non
1069 609 1209 653 solum
1253 618 1429 668 propter
1463 607 1728 651 desiderium

342 695 512 735 meum,
560 695 703 739 neque
735 679 875 724 solum
909 689 1086 740 propter
1110 695 1182 724 eos
1213 680 1290 739 qui
1332 679 1400 722 vel
1432 693 1508 737 per
1539 692 1618 721 nos
1645 692 1730 721 ves-

340 759 458 794 trum
496 750 767 809 propositum
791 785 801 804 ,
847 750 915 794 vel
956 751 1265 809 undecumque
1309 748 1424 792 fama
1465 747 1729 807 praedicante

340 821 614 877 didicerunt,
646 822 720 865 sed
751 822 878 865 etiam
919 831 1097 881 propter
1135 830 1312 865 caeteros
1345 820 1421 879 qui
1448 819 1605 878 partim
1639 834 1728 862 non

340 893 551 945 audiunt,
593 893 748 952 partim
787 893 933 937 audita
970 909 1057 937 non
1111 893 1323 946 credunt,
1367 900 1511 935 tamen
1551 899 1732 949 possunt

342 972 564 1021 comperta
606 961 784 1021 diligere
815 997 825 1017 ,
866 978 941 1007 vos
977 963 1069 1006 istis
1112 963 1234 1006 terris
1276 962 1404 1005 eiiam
1447 959 1731 1019 corporaliter

344 1032 491 1075 adesse
513 1032 727 1090 cupimus.
751 1033 956 1084 Quamvis
980 1033 1093 1076 enim
1115 1031 1266 1075 sedulo
1289 1041 1419 1090 atque
1443 1029 1732 1075 misericordi-

342 1111 406 1146 ter
437 1100 479 1144 id
508 1102 661 1159 agitis,
697 1111 843 1145 tamen
875 1103 1003 1146 etiam
1038 1118 1181 1146 coram
1218 1102 1464 1146 hominibus
1504 1100 1733 1159 regionum

342 1181 589 1216 nostrarum
620 1171 795 1216 luceant
826 1188 955 1232 opera
990 1182 1152 1228 vestra,
1189 1181 1238 1216 ut
1266 1173 1443 1216 videant
1473 1172 1588 1215 bona
1620 1171 1732 1215 facta

343 1251 484 1287 vestra
501 1278 510 1296 ,
538 1252 581 1286 et
605 1242 849 1301 glorificent
877 1247 1046 1288 Patrem
1075 1253 1267 1287 vestrum
1285 1278 1295 1296 ‚
1321 1243 1395 1302 qui
1423 1242 1469 1286 in
1500 1241 1621 1286 coelis
1653 1251 1730 1286 est.

342 1314 575 1358 Piscatores
598 1323 780 1358 vocante
797 1315 985 1359 Domino
1003 1350 1014 1370 ,
1037 1315 1156 1375 quod
1176 1313 1396 1358 naviculas
1416 1323 1458 1357 et
1476 1312 1582 1356 retia
1604 1312 1734 1356 dimi·

345 1392 520 1439 serunt,
555 1385 700 1428 omnia
736 1400 780 1428 se
812 1384 1047 1440 dimisisse,
1080 1394 1122 1429 et
1154 1385 1384 1430 Dominum
1416 1392 1585 1427 secutos
1616 1378 1760 1436 esse,f

343 1455 474 1498 etiam
497 1456 881 1500 commemorando
906 1455 1039 1499 laetati
1063 1465 1179 1499 sunt.
1208 1458 1264 1498 Et
1286 1469 1432 1498 revera
1455 1453 1599 1498 omnia
1627 1468 1734 1496 con-

348 1526 527 1579 temnit,
554 1526 734 1585 quinon
759 1525 896 1569 solum
923 1535 1134 1584 quantum
1161 1525 1325 1583 potuit,
1351 1523 1426 1568 sed
1444 1524 1571 1568 etiam
1592 1538 1734 1582 quan·-

346 1603 441 1638 tum
467 1595 605 1640 voluit
625 1596 786 1639 habere
807 1631 817 1650 ,
843 1597 1098 1640 contemnit.
1130 1595 1210 1640 Sed
1242 1595 1286 1638 in
1310 1610 1361 1638 eo
1384 1593 1503 1653 quod
1526 1594 1735 1652 cupieba-

346 1676 443 1720 tur,
485 1665 600 1710 oculi
638 1666 715 1710 Dei
744 1675 872 1710 testes
906 1677 1036 1724 snnt3
1069 1667 1113 1709 in
1152 1682 1203 1710 eo
1236 1666 1355 1724 quod
1389 1665 1654 1718 habebatur,
1694 1673 1736 1708 et

350 1737 593 1780 hominum.
633 1738 786 1781 Nescio
815 1753 903 1796 quo
936 1747 1082 1781 autem
1111 1737 1268 1791 modo,
1307 1752 1406 1780 cum
1442 1735 1660 1794 superflua
1694 1743 1737 1778 et

347 1817 517 1852 terrena
549 1806 815 1864 diliguntur,
847 1809 983 1852 actius
1011 1808 1166 1867 adepta
1196 1823 1327 1867 quam
1357 1807 1586 1866 concupita
1611 1821 1737 1850 cons-

349 1878 562 1936 tringunt.
598 1880 704 1922 Nam
739 1877 856 1921 unde
886 1878 1015 1922 tristis
1042 1878 1116 1921 ilie
1139 1878 1358 1931 discessit,
1400 1879 1474 1938 qui
1506 1876 1735 1921 consilium

349 1949 451 1992 vitae
473 1958 646 1992 aeternae
669 1950 988 2009 consequendae
1011 1951 1234 2008 quaerebat
1261 1966 1280 1993 a
1301 1949 1485 1992 Domino
1501 1983 1511 2003 ,
1537 1963 1636 1991 cum
1660 1963 1737 1990 au-

349 2018 480 2062 disset
502 2018 732 2062 vendenda
756 2035 846 2063 esse
868 2021 1010 2063 onmia
1033 2035 1130 2073 sua,
1158 2028 1200 2062 et
1223 2018 1520 2062 distribuenda
1540 2017 1738 2076 pauperi·

353 2089 456 2143 bus,
477 2098 519 2132 et
536 2088 789 2133 habendum
814 2091 1063 2132 thesaurum
1084 2090 1127 2132 in
1151 2088 1264 2132 coelo
1283 2124 1294 2143 ,
1321 2089 1354 2132 si
1377 2087 1507 2132 vellet
1534 2103 1623 2131 esse
1642 2103 1738 2146 per-

348 2160 489 2203 fectus
519 2178 527 2203 :
556 2159 634 2202 nisi
665 2160 766 2219 qnia
798 2174 1000 2217 magnas,
1025 2169 1074 2202 ut
1104 2158 1388 2217 Evangelium
1416 2158 1638 2218 loquitur,
1666 2159 1738 2202 ha-

353 2230 484 2272 bebat
511 2228 725 2273 divitias1.
762 2230 891 2274 Aliud
922 2239 984 2273 cst
1010 2231 1150 2284 enim,
1186 2229 1302 2273 nolle
1337 2229 1612 2287 incorporare
1639 2244 1737 2288 quae

350 2300 531 2354 desunt,
566 2299 683 2344 aliud
709 2302 798 2360 jam
829 2301 1102 2359 incorporata
1136 2300 1354 2344 divellere.
1396 2299 1462 2343 llli
1495 2299 1615 2344 velut
1651 2299 1737 2342 cibi

350 2370 664 2428 repudiantur,
712 2370 781 2414 illa
821 2370 938 2415 velut
973 2371 1167 2413 membra
1207 2369 1519 2429 praeciduntur.
1563 2372 1736 2422 Quanto

352 2440 481 2496 igitur
520 2450 562 2482 et
599 2449 813 2498 quantum
854 2440 1039 2483 mirabili
1084 2442 1242 2497 gaudio
1280 2439 1432 2483 nostris
1470 2439 1736 2498 temporibus

352 2509 593 2553 Christiana
610 2510 796 2553 charitas
807 2510 1032 2568 conspicit,
1056 2526 1093 2568 p‹
1111 2526 1131 2553 r
1153 2510 1321 2555 Domini
1340 2509 1623 2566 Evangelium
1637 2522 1735 2553 cum

1750 2289 1756 2438 Ξ

401 2599 409 2613 ¹
430 2593 505 2625 Luc.
527 2604 620 2634 xvim,
644 2602 695 2625 Ὢ.
