1790 3187
293 191 373 228 518
731 201 762 224 s.
801 198 1032 225 mausum
1065 199 1244 225 EPISCOPI

289 274 486 311 sanctum
516 264 591 323 qui
622 272 712 307 crat
741 263 785 306 in
817 265 982 320 Moyse.
1025 265 1132 308 Nam
1165 262 1416 308 deficientes
1438 263 1670 312 dixerunt:

292 355 314 379 «
340 336 506 393 Digitus
526 334 602 379 Dei
625 341 689 377 est
710 332 780 376 hic
796 334 825 376 1.
852 350 871 374 »
896 332 1015 377 Sicut
1034 341 1178 376 autem
1197 333 1451 378 conciliatus
1469 343 1512 378 et
1527 335 1674 393 placa-

286 415 357 450 tus
375 405 557 464 Spiritus
577 412 752 447 sanctus
772 403 967 462 requiem
987 411 1164 461 praestat
1180 403 1358 448 mitibus
1376 413 1417 448 et
1433 404 1674 450 humilibus

287 477 435 532 corde,
460 476 522 520 ita
543 474 784 520 contrarius
801 483 845 518 et
866 472 1068 518 adversus
1086 474 1274 519 immites
1297 490 1346 519 ac
1372 475 1580 534 superbos
1605 476 1675 521 in·

288 547 548 609 quietudine
582 545 783 603 exagitat.
823 547 965 598 Quam
1002 544 1350 604 inquietudinem
1392 561 1553 591 muscae
1589 546 1676 591 illae

288 618 552 663 brevissimae
586 617 960 675 significaverunt,
985 616 1067 660 sub
1099 615 1258 676 quibus
1292 617 1408 676 magi
1443 617 1677 662 Pharaonis

290 688 548 734 defecerunt
568 687 777 742 dicentes,
804 705 819 727 «
849 686 1015 744 Digitus
1036 686 1113 730 Dei
1137 695 1200 730 est
1217 686 1304 731 hic.
1329 705 1349 728 >›

348 762 492 804 XXX.
528 758 727 803 Exodum
744 758 854 815 lege,
879 767 921 802 et
939 758 1038 802 vide
1055 758 1132 801 ubi
1151 758 1312 801 Pascha
1329 757 1674 813 celebraverunt,

290 840 388 891 post
409 839 518 890 quot
540 830 629 874 dies
652 829 752 873 data
776 829 830 873 sit
852 834 948 873 Lex.
974 829 1184 888 Loquitur
1218 832 1332 873 Deus
1355 828 1409 872 ad
1430 831 1613 886 Moysen
1633 829 1679 873 in

290 917 437 946 eremo
457 901 572 955 Sina,
592 900 662 944 die
677 901 817 959 primo
836 900 992 944 mensis
1006 900 1137 944 tertii.
1156 902 1267 945 Nota
1287 915 1388 958 ergo
1407 915 1546 943 unum
1564 900 1679 944 diem

291 987 342 1017 ex
374 973 569 1029 ingressu
590 972 723 1030 ipsius
746 972 861 1015 tertii
892 971 1066 1024 mensis,
1097 980 1140 1014 et
1172 970 1271 1016 vide
1293 971 1401 1031 quid
1432 970 1548 1016 dicat
1568 971 1682 1015 inter

291 1052 463 1088 caetera.
493 1060 514 1084 «
539 1042 786 1097 Descende,
817 1043 988 1101 inquit,
1014 1050 1170 1086 testare
1197 1041 1362 1101 populo
1380 1077 1391 1097 ,
1424 1051 1467 1086 et
1500 1043 1681 1102 purifica

295 1132 316 1156 »
351 1113 447 1157 illos
471 1112 602 1157 hodie
623 1120 666 1155 et
688 1127 796 1167 cras,
820 1121 863 1156 et
880 1112 1028 1157 lavent
1048 1112 1305 1156 vestimenta
1325 1127 1417 1167 sua,
1439 1121 1481 1157 et
1498 1114 1584 1156 sint
1602 1128 1681 1172 pa-

297 1202 317 1226 »
352 1185 432 1228 rati
454 1184 499 1227 in
517 1182 632 1227 diem
658 1183 848 1227 tertium.
873 1184 1013 1227 Tertia
1036 1183 1153 1226 enim
1175 1183 1245 1226 die
1268 1182 1503 1226 descendet
1534 1184 1683 1227 Domi-

297 1274 317 1297 »
354 1270 436 1299 nus
452 1255 499 1298 in
518 1264 711 1298 montem
733 1254 833 1298 Sina
856 1269 1001 1298 coram
1021 1254 1138 1298 omni
1160 1253 1323 1312 populo
1339 1255 1370 1297 ².
1394 1271 1414 1294 υ
1439 1256 1562 1298 Tunc
1582 1254 1682 1299 data

296 1335 359 1370 est
379 1332 463 1369 Lex
484 1326 613 1370 tertio
635 1324 797 1369 scilicet
818 1325 888 1369 die
922 1325 1037 1369 tertii
1059 1325 1232 1369 mensis.
1269 1326 1457 1369 Numera
1489 1325 1637 1384 itaque
1661 1341 1685 1370 a

295 1406 452 1457 quarto
475 1396 645 1440 decimo
663 1397 790 1455 primi
821 1397 977 1439 mensis
996 1395 1089 1449 die,
1116 1411 1204 1455 quo
1225 1394 1391 1439 factum
1415 1405 1481 1439 est
1504 1396 1682 1451 Pascha,

296 1483 437 1528 usqne
456 1468 511 1512 ad
528 1466 644 1511 diem
668 1468 843 1511 tertium
868 1467 980 1511 tertii
1002 1467 1175 1521 mensis,
1201 1476 1244 1510 et
1261 1467 1452 1510 invenies
1469 1466 1620 1510 decem
1643 1474 1686 1510 et

298 1549 463 1598 septem
486 1538 575 1582 dies
594 1539 722 1597 primi
739 1539 912 1593 mensis,
934 1537 1109 1596 triginta
1128 1537 1324 1592 secundi,
1356 1547 1439 1581 tres
1456 1537 1587 1592 tertii,
1609 1537 1685 1596 qui

299 1611 413 1653 fiunt
434 1609 767 1668 quinquaginta.
804 1614 886 1651 Lex
909 1609 953 1651 in
977 1622 1073 1651 arca
1103 1617 1180 1662 est,
1205 1608 1488 1651 sanctificatio
1510 1608 1554 1651 in
1587 1623 1686 1651 cor·

298 1694 403 1740 pore
426 1679 616 1732 Domini,
641 1693 717 1737 per
743 1680 866 1739 cujus
890 1679 1249 1722 resurrectionem
1271 1678 1396 1722 nobis
1425 1679 1593 1737 requies
1611 1678 1685 1722 fu-

299 1759 399 1794 tura
421 1749 716 1808 promittitur,
753 1750 807 1793 ad
842 1764 974 1808 quam
997 1749 1318 1808 percipiendam
1344 1749 1506 1807 Spiritu
1538 1757 1687 1793 sancto

299 1820 486 1865 charitas
500 1819 749 1878 inspiratur.
780 1838 797 1859 «
827 1820 1010 1879 Spiritus
1033 1829 1179 1863 autem
1198 1819 1395 1863 nondum
1418 1828 1510 1863 erat
1528 1819 1655 1863 datus
1672 1854 1683 1874 ,

303 1909 324 1933 »
350 1891 454 1950 quia
473 1893 595 1934 Jesus
617 1891 816 1934 nondum
840 1899 931 1934 erat
948 1890 1204 1934 clarificatus
1219 1891 1251 1934 ³.
1273 1907 1293 1930 »
1313 1889 1438 1934 Unde
1459 1890 1688 1949 prophetia

301 1961 373 2004 illa
394 1970 565 2005 cantata
585 1970 648 2005 est
667 1980 675 2005 :
693 1964 882 2018 Exurge,
902 1961 1099 2015 Domine,
1123 1962 1168 2004 in
1193 1961 1386 2020 requiem
1412 1969 1546 2013 tuam,
1574 1970 1623 2004 tu
1644 1969 1687 2004 et

306 2049 326 2073 >›
346 2047 442 2075 arca
458 2032 810 2076 sanctificationis
826 2033 953 2075 tuae4.
974 2052 990 2073 »
1009 2033 1093 2076 Ubi
1108 2033 1292 2091 requies,
1313 2032 1373 2074 ibi
1388 2031 1684 2075 sanctificatio.

302 2104 430 2146 Unde
451 2118 569 2146 nunc
587 2112 637 2147 ut
659 2118 852 2147 amemus
867 2112 910 2146 et
927 2102 1236 2157 desideremus,
1257 2104 1412 2162 pignus
1427 2103 1683 2162 accepimus.

302 2175 527 2217 Vocantur
545 2182 690 2216 autem
709 2173 763 2216 ad
782 2173 975 2232 requiem
999 2172 1173 2216 alterius
1194 2173 1308 2227 vitae,
1327 2189 1415 2233 quo
1434 2173 1487 2216 ab
1504 2173 1583 2216 ista
1601 2172 1688 2215 vita

300 2245 523 2298 transitur,
549 2244 669 2304 quod
694 2245 855 2288 Pascha
878 2244 1105 2303 significat,
1125 2260 1274 2289 omnes
1290 2245 1335 2288 in
1361 2245 1536 2288 nomine
1553 2242 1687 2287 Patris

302 2324 345 2358 et
368 2314 464 2358 Filii
489 2325 531 2359 et
552 2316 734 2374 Spiritus
756 2316 908 2359 sancti.

358 2387 522 2428 XXXI.
550 2390 780 2444 Propterea
802 2385 1202 2446 quinquagenarius
1221 2400 1428 2429 numerus
1450 2393 1516 2428 ter
1537 2382 1685 2427 multi-

300 2455 504 2514 plicatum,
532 2456 681 2501 addito
703 2457 757 2500 ad
781 2456 1061 2500 eminentiam
1086 2456 1340 2500 sacramenti
1365 2457 1457 2515 ipso
1480 2454 1684 2508 ternario,

353 2549 358 2563 ¹
384 2542 479 2573 Exod.
504 2552 568 2578 vni,
592 2553 638 2583 ¹9-
657 2559 698 2564 —-
715 2548 726 2564 '³
749 2543 794 2573 td.
816 2552 883 2578 xiv,
903 2550 956 2573 αι).
973 2539 1230 2579 —3.10.·³n.vu,
1254 2540 1305 2582 39.
1325 2557 1364 2563 —-
1379 2539 1393 2564 4
1422 2539 1502 2572 Psal.
1526 2550 1633 2578 cxxxi,
1653 2538 1685 2570 8.
