1790 3187
591 236 788 265 ΕΡιεΤοιΛ
821 239 974 264 XLvnI.
1393 226 1476 266 467

93 310 168 346 aut
186 309 354 346 certum
369 310 433 345 est
449 316 540 346 non
557 315 662 356 esse,
687 310 761 345 ant
782 303 1022 360 ignoratur.
1046 303 1088 348 Si
1103 316 1204 360 ergo
1226 312 1394 348 certum
1417 313 1482 349 est

91 385 204 426 esse,
231 369 383 414 melius
412 371 653 416 Christiana
685 371 846 416 virtute
878 373 1094 431 respuitur
1125 392 1134 417 :
1169 373 1204 417 si
1231 381 1378 417 autem
1411 372 1481 419 vel

90 457 179 486 non
196 457 286 487 esse
305 442 461 498 scitur,
482 442 550 488 vel
572 443 797 501 ignoratur
812 477 824 498 ‚
844 443 935 487 sine
954 442 1044 489 ullo
1064 443 1338 490 conscientiae
1359 459 1481 489 scru-

90 511 196 572 pulo
218 512 265 558 in
281 529 408 559 usum
429 514 692 560 necessitatis
715 515 963 560 assumitur.

93 662 1476 684 mmmmmwmmmmwwwummwmmmwwmmmwummmw!

473 775 801 826 EPISTOLA
839 773 1100 827 XLV1111.

89 908 226 943 Domino
253 911 373 944 dilecto
401 917 435 945 et
464 913 702 956 exoptatissimo
728 914 820 946 fratri
841 913 1106 956 compresbytero
1126 909 1359 949 EUDOXIO,
1380 909 1484 951 etqui

137 971 246 1001 tecum
268 974 340 1001 sunt
355 968 525 1012 fratribus,
543 970 847 1010 AUGUSTINUS,
874 975 908 1004 et
924 970 978 1014 qui
994 974 1104 1003 tecum
1127 973 1202 1002 sunt
1218 969 1349 1010 fratres,
1367 967 1400 1000 in
1414 969 1483 1000 Do·-

135 1026 220 1058 mino
241 1026 390 1059 salutem.

24 1140 25 1145 ¹
90 1142 392 1206 Augustinus
431 1143 665 1190 Eudoxio
705 1146 755 1190 A
760 1143 895 1190 bbutz'
932 1144 1281 1190 monachorum
1320 1140 1486 1187 insulse

156 1215 436 1274 Caprurice,
467 1216 734 1262 exhortans
757 1227 808 1262 ut
835 1218 932 1263 otio
955 1216 1026 1262 ud
1037 1218 1273 1277 pietatem
1295 1230 1393 1260 non
1421 1211 1493 1258 ad

150 1287 401 1347 ignavium
419 1298 638 1346 utuntur,
661 1299 706 1334 et
721 1287 876 1334 sicubi
893 1288 1122 1335 Ecclesia
1141 1289 1360 1347 requirat
1381 1285 1487 1331 illo-

151 1372 259 1402 rum
279 1373 503 1417 operum,
528 1377 587 1407 ne
609 1359 887 1407 detrectent.

151 1492 187 1534 I.
223 1493 407 1545 Quirino
435 1495 629 1554 quietam
651 1504 840 1540 vestram
869 1495 1139 1554 cogitamus,
1164 1507 1297 1552 quam
1318 1490 1493 1536 habetis

1 1595 10 1603 .
30 1578 31 1627 J
92 1560 138 1605 in
159 1563 333 1608 Christo
353 1599 364 1620 ,
390 1566 520 1610 etiam
536 1581 614 1610 nos
629 1601 640 1621 ,
668 1566 865 1625 quamvis
893 1566 940 1609 in
964 1565 1192 1609 laboribus
1214 1563 1342 1608 variis
1364 1577 1491 1621 aspe-

91 1632 237 1692 risque
254 1650 474 1680 versemur
490 1671 501 1692 ,
527 1637 574 1681 in
595 1646 735 1681 vestra
756 1637 968 1681 charitate
994 1635 1317 1694 requiescimus.
1344 1635 1493 1676 Unum

93 1704 210 1748 enim
245 1721 400 1766 corpus
431 1707 513 1750 sub
541 1723 632 1752 uno
661 1707 802 1766 capite
834 1721 1011 1761 sumus,
1044 1715 1093 1749 ut
1125 1715 1169 1749 et
1191 1721 1267 1749 vos
1288 1704 1335 1748 in
1365 1703 1493 1747 nobis

93 1776 337 1833 negotiosi,
360 1786 404 1821 et
426 1793 504 1821 nos
527 1778 572 1821 in
595 1778 718 1822 vobis
740 1777 865 1822 otiosi
886 1778 1032 1821 simus.
1076 1795 1093 1817 «
1129 1776 1239 1828 Quia
1271 1775 1305 1818 si
1330 1775 1495 1833 patitur

95 1860 116 1886 »
143 1860 284 1889 unum
306 1847 554 1890 membrum
574 1882 584 1902 ,
611 1847 938 1906 compatiuntur
960 1846 1105 1891 omnia
1133 1845 1331 1889 membra
1359 1862 1368 1889 ε
1393 1852 1438 1887 et
1461 1843 1495 1887 si

96 1931 116 1956 »
143 1915 409 1973 glorificatur
433 1934 571 1962 unum
594 1918 842 1962 membrum
861 1952 871 1973 ‚
892 1917 1172 1976 congaudent
1189 1916 1336 1960 omnia
1358 1928 1492 1958 mem-

97 2001 117 2026 »
142 1984 265 2030 bra2.
293 2005 313 2028 »
340 1988 639 2032 Admonemus
662 2003 763 2046 ergo
783 1997 827 2032 et
848 1988 1034 2046 petimus
1056 1996 1098 2030 et
1121 1985 1396 2030 obsecramus
1417 1998 1496 2043 per

0 2070 7 2094 :
63 2089 66 2091 -
94 2056 254 2100 Christi
276 2056 526 2102 altissimam
549 2057 844 2102 humilitatem
867 2067 911 2101 et
938 2055 1380 2101 misericordissimam
1403 2053 1495 2099 cel-

96 2125 334 2171 situdinem
350 2162 361 2183 ,
388 2137 440 2172 ut
467 2128 603 2172 nostri
629 2143 842 2172 memores
865 2127 953 2171 sitis
974 2129 1020 2171 in
1043 2127 1201 2172 sanctis
1224 2126 1495 2171 orationibus

97 2197 270 2254 vestris,
288 2213 396 2258 quas
417 2214 493 2243 vos
509 2198 802 2256 vigilantiores
822 2207 865 2241 et
886 2198 1019 2255 magis
1040 2198 1203 2242 sobrias
1221 2197 1383 2240 habere
1397 2210 1494 2239 cre-

99 2265 242 2312 dimus
273 2287 283 2313 :
311 2277 479 2313 nostras
501 2269 618 2312 enim
646 2284 760 2328 saepe
795 2267 961 2312 sauciat
992 2276 1034 2311 et
1056 2267 1255 2311 debilitat
1288 2266 1429 2325 caligo
1453 2274 1496 2309 et

99 2337 315 2383 tumultus
332 2339 605 2383 saecularium
629 2340 850 2383 actionum
871 2357 878 2382 :
900 2352 1007 2397 quas
1027 2337 1105 2380 etsi
1124 2345 1289 2385 nostras
1308 2352 1397 2381 non
1414 2337 1494 2380 ha-

99 2406 252 2457 bemus
269 2444 281 2466 ,
306 2425 459 2456 eorum
488 2419 635 2454 tamen
657 2411 732 2470 qui
756 2426 834 2454 nos
857 2410 1085 2467 angariant
1110 2407 1229 2452 mille
1253 2423 1428 2468 passus,
1453 2416 1496 2451 et

153 2523 161 2540 ¹
183 2517 267 2551 Alias
279 2528 388 2551 Lxxxx.
403 2528 472 2560 quce
486 2522 594 2550 autem
612 2528 706 2550 xtvm
725 2521 807 2557 erat,
823 2528 906 2550 nunc
922 2528 1014 2550 xcmi
1038 2533 1069 2540 -·
1082 2517 1210 2559 Scripta
1222 2516 1307 2549 forte
1321 2528 1404 2550 anno
1419 2516 1496 2559 398.

107 2587 147 2596 ——
163 2577 176 2595 ²
200 2584 211 2605 ι
233 2575 307 2606 Cor.
330 2583 390 2612 ιιι,
411 2573 466 2605 26.

1247 2625 1311 2664 30.
