1790 3187
303 224 388 265 420
728 237 761 262 s.
797 232 1026 263 mausum
1059 233 1239 263 zmscom

299 310 394 346 tum
419 314 508 345 esse
534 299 788 360 perductam
811 299 866 344 de
887 300 1090 344 omnibus
1111 298 1319 344 ordinatis
1341 297 1549 344 fratribus
1580 312 1683 344 nos-

300 372 397 427 tris,
423 381 466 416 et
488 372 704 431 praecipuo
726 371 780 414 de
801 386 998 416 sermone
1014 371 1365 432 presbyterorum
1379 404 1390 424 ,
1415 371 1492 430 qui
1510 379 1551 413 te
1570 385 1682 429 prae-

297 453 419 489 sente
453 443 618 503 populo
653 440 901 487 infunditur
917 478 929 498 ,
972 459 1049 503 per
1085 458 1277 503 quorum
1320 441 1489 501 linguas
1525 441 1683 486 clamat

296 514 482 560 charitas
500 523 572 558 tua
596 514 758 574 majore
777 529 881 559 voce
898 514 944 557 in
966 515 1170 559 cordibus
1192 513 1417 558 hominum
1439 547 1450 565 ,
1471 527 1601 572 quam
1620 510 1684 556 illi

294 586 341 629 in
363 586 540 630 auribus
563 604 572 630 :
600 588 689 629 Deo
708 587 877 645 gratias.
900 587 1007 631 Nam
1032 586 1139 645 quid
1163 584 1315 629 melius
1333 594 1375 628 et
1392 584 1537 628 animo
1560 598 1683 642 gera-

294 671 390 699 mus
408 691 419 711 ,
454 666 496 700 et
525 671 599 700 ore
629 671 878 714 promamus
896 692 907 710 ,
932 665 975 700 et
1002 655 1169 700 calamo
1196 656 1484 715 exprimamus
1518 669 1678 713 quam,

294 729 385 771 Deo
403 728 589 785 gratias?
614 730 706 771 Hoc
727 743 806 771 nec
824 727 907 771 dici
937 727 1130 780 brevius,
1152 742 1232 771 nec
1250 725 1388 770 audiri
1411 726 1577 779 laetius,
1601 739 1682 770 nec

292 796 475 854 intelligi
495 797 699 854 grandius
716 832 727 851 ,
754 813 833 842 nec
851 798 917 855 agi
937 797 1202 841 fructuosius
1220 806 1371 854 potest.
1395 799 1483 840 Deo
1501 795 1678 853 gratias,

294 868 369 927 qui
394 877 435 911 te
457 877 500 911 et
521 876 611 910 tam
635 867 750 911 fideli
774 878 948 927 pectore
971 868 1126 913 ditavit
1161 884 1259 927 erga
1284 868 1393 912 filios
1418 877 1512 911 tuos
1528 902 1539 921 ,
1564 876 1607 910 et
1634 866 1681 911 id

292 938 412 999 quod
429 939 472 980 in
488 938 642 981 intimo
659 940 816 982 animae
839 940 1030 983 habebas
1047 974 1059 994 ,
1079 955 1168 998 quo
1185 940 1402 983 humanus
1420 938 1572 982 oculus
1590 951 1680 981 non

290 1017 511 1067 penetrat,
536 1008 685 1053 eduxit
717 1010 761 1052 in
783 1009 951 1064 lucem,
983 1010 1190 1053 donando
1220 1010 1322 1064 tibi,
1349 1025 1436 1052 non
1459 1008 1597 1052 solum
1627 1015 1678 1051 ut

289 1077 401 1121 bene
421 1077 577 1132 velles,
599 1093 748 1121 verum
766 1079 896 1122 etiam
918 1080 961 1122 in
985 1080 1146 1138 quibus
1166 1088 1307 1138 posset
1329 1094 1536 1139 apparere
1557 1076 1679 1138 quod

290 1147 438 1192 velles.
470 1151 533 1192 Ita
551 1147 679 1208 plane
697 1149 793 1204 fiat,
818 1149 893 1192 fiat
920 1167 930 1194 ς
955 1149 1129 1193 luceant
1162 1151 1253 1193 haec
1277 1164 1406 1207 opera
1427 1164 1571 1192 eoram
1594 1150 1676 1192 lio-

289 1217 480 1262 minibus
495 1253 506 1273 ,
528 1227 578 1263 ut
598 1218 775 1262 videant
795 1254 806 1274 ,
832 1218 1076 1278 gaudeant,
1104 1219 1346 1277 glorificent
1370 1223 1537 1263 Patrem
1554 1253 1565 1274 ,
1601 1218 1677 1279 qui

288 1290 333 1334 in
356 1289 479 1333 coelis
501 1300 577 1334 est.
612 1289 787 1334 Talibus
809 1290 1035 1335 delecteris
1060 1291 1103 1334 in
1130 1291 1315 1335 Domino
1338 1291 1427 1350 ipse
1452 1299 1491 1334 te
1518 1306 1595 1350 pro
1617 1289 1677 1334 eis

288 1370 481 1405 orantem
511 1362 717 1421 dignetur
746 1362 975 1416 exaudire,
1001 1378 1131 1423 quem
1157 1372 1203 1406 tu
1230 1378 1305 1421 per
1326 1378 1397 1407 eos
1424 1361 1675 1421 loquentem

287 1445 377 1476 non
406 1431 651 1490 dedignaris
679 1433 843 1478 audire.
892 1436 1051 1487 Eatur,
1088 1433 1358 1488 ambuletur,
1396 1442 1596 1477 curratur
1629 1432 1676 1476 in

289 1504 355 1546 via
382 1504 579 1558 Domini,
602 1504 917 1548 benedicantur
945 1504 1089 1564 pusilli
1113 1521 1211 1549 cum
1237 1505 1428 1563 magnis,
1446 1502 1676 1564 jucundati

286 1573 330 1617 in
349 1574 414 1617 his
432 1574 508 1633 qui
524 1573 677 1617 dicunt
691 1574 772 1631 eis3
794 1594 813 1616 α
831 1578 880 1618 ln
899 1574 1077 1618 domum
1101 1577 1268 1619 Domini
1290 1576 1448 1618 ibimus
1463 1578 1475 1601 ¹
1500 1594 1508 1619 z
1529 1594 1549 1616 »
1571 1589 1675 1633 prae-

286 1643 444 1689 cedant
464 1643 548 1699 illi,
571 1655 613 1688 et
636 1654 873 1704 sequantur
895 1645 963 1688 isti
985 1646 1219 1689 imitatores
1239 1645 1341 1689 facti
1364 1661 1511 1689 eorum
1527 1680 1537 1699 ,
1563 1645 1675 1688 sicut

287 1725 331 1760 et
363 1714 426 1759 illi
455 1716 630 1760 Christi.
667 1719 850 1760 Ferveat
878 1717 958 1760 iter
981 1726 1226 1760 sanctarum
1255 1714 1530 1760 formicarum
1550 1750 1560 1769 ,
1585 1714 1676 1759 sra-

288 1795 414 1845 grent
431 1801 561 1845 opera
578 1795 821 1830 sanctarum
840 1802 968 1846 apum
982 1822 993 1841 ‚
1015 1786 1178 1830 feratur
1195 1785 1362 1831 fructus
1382 1789 1427 1830 in
1448 1785 1674 1831 tolerantia

287 1871 388 1901 cum
410 1856 547 1900 salute
570 1858 872 1915 perseverandi
895 1859 1094 1917 usquein
1114 1859 1259 1901 finem.
1286 1861 1374 1903 Nec
1395 1858 1507 1901 sinat
1533 1855 1676 1901 Domi-

286 1942 370 1971 nus
395 1928 547 1971 tentari
565 1943 692 1985 supra
713 1943 842 1987 quam
863 1943 1090 1986 possumus
1120 1927 1284 1982 ferre‘2,
1315 1928 1389 1972 sed
1419 1927 1546 1972 faciat
1573 1941 1674 1971 cum

286 1998 527 2042 tentatione
545 1999 672 2041 etiam
690 1998 849 2042 exitum
863 2034 873 2051 ,
897 2008 947 2041 ut
970 1999 1178 2057 possimus
1196 2000 1421 2042 sustinere.

347 2070 407 2111 ΙΙ.
442 2070 571 2113 Orate
600 2084 678 2128 pro
709 2068 832 2112 nobis
857 2068 975 2126 digni
999 2067 1218 2123 exaudiri3
1243 2083 1341 2112 cum
1366 2076 1488 2111 tanto
1510 2067 1674 2127 quippe

285 2138 495 2182 sacrificio
528 2138 729 2183 acceditis
767 2139 819 2182 ad
857 2140 991 2182 Deum
1028 2138 1323 2182 sincerissimae
1356 2137 1598 2182 dilectionis
1631 2145 1702 2181 et⁴

285 2207 426 2252 laudis
465 2210 555 2269 ejus
596 2211 641 2253 in
679 2209 884 2268 operibus
919 2210 1067 2253 vestris
1103 2228 1111 2253 :
1148 2218 1267 2254 orate
1310 2218 1359 2254 ut
1390 2218 1433 2253 et
1468 2209 1512 2252 in
1549 2209 1673 2253 nobis

284 2278 380 2323 haee
415 2279 590 2324 luceant
624 2298 633 2325 :
669 2281 877 2339 quoniam
909 2279 1030 2323 novit
1079 2278 1152 2323 ille
1198 2294 1330 2339 quem
1371 2279 1527 2334 oratis,
1571 2293 1671 2323 cum

285 2360 453 2409 quanto
484 2360 631 2394 nostro
661 2350 818 2408 gaudio
847 2350 891 2394 in
930 2350 1054 2393 nobis
1082 2350 1271 2394 luceant.
1312 2353 1414 2394 Haec
1443 2359 1543 2394 sunt
1572 2358 1673 2394 vota
1739 2372 1741 2396 e

284 2432 428 2465 nostra
445 2457 456 2476 ,
474 2422 541 2464 liae
560 2421 859 2465 multitudines
878 2421 1127 2465 solatiorum
1157 2422 1397 2465 seeundum
1423 2420 1670 2465 multitudi-

285 2505 384 2535 nem
412 2492 614 2536 dolorum
644 2502 891 2537 nostrorum
920 2492 965 2535 in
986 2491 1116 2536 corde
1138 2501 1285 2536 nostro
1305 2492 1553 2551 jucundant
1575 2491 1669 2536 ani-

337 2582 342 2597 ¹
374 2576 448 2608 psal.
473 2587 557 2617 cxxi,
583 2588 607 2608 1.
628 2593 664 2599 ·-
686 2583 694 2597 ²
723 2587 732 2607 ι
759 2577 830 2607 Cor.
853 2586 884 2615 x,
908 2575 955 2607 13.

1753 1842 1755 1855 4

1752 1859 1755 1876 1

1780 517 1788 736 1

1773 738 1783 1057 f

1768 1142 1773 1250 i
