1790 3187
579 251 777 282 EPISTOLA
810 254 935 282 XL111.
1372 240 1456 283 423

70 320 224 378 corrigi
253 319 426 379 parati,
457 333 557 365 cum
590 318 860 376 invenerint,
894 332 1172 378 nequaquam
1208 326 1310 362 sunt
1347 317 1460 364 inter

70 392 296 437 haereticos
318 389 576 450 deputandi.
609 389 731 434 Tales
759 405 862 449 ergo
884 405 959 435 vos
981 389 1063 435 nisi
1090 403 1179 435 esse
1205 388 1429 435 crederem
1445 425 1456 446 ,

69 462 211 509 nullas
226 460 407 507 fortasse
417 461 540 506 vobis
556 459 720 506 litteras
734 461 968 506 mitterem.
986 463 1246 520 Quanquam
1261 469 1305 504 et
1317 460 1460 519 ipsum

69 532 324 578 haereticum
348 531 592 592 quamlibet
613 530 763 576 odiosa
785 532 985 592 superbia
1017 531 1232 577 tumidum
1254 539 1297 575 et
1319 531 1462 592 pervi-

68 603 185 650 cacia
207 601 333 648 malae
355 603 646 648 contentionis
669 602 891 661 insanum,
919 604 1031 648 sicut
1053 601 1282 648 vitandum
1304 617 1460 648 mone-

69 689 166 719 mus
182 708 195 729 ,
220 688 275 717 ne
306 673 501 718 infirmos
523 682 566 717 et
594 672 798 733 parvulos
832 673 981 732 fallat,
1005 674 1063 719 ita
1092 689 1182 719 non
1204 673 1457 730 abnuimus,

68 744 421 806 quibuscumque
453 743 593 789 modis
616 759 844 804 possumus
867 745 1190 805 corrigendum.
1219 744 1345 790 Unde
1367 743 1462 790 fac-

68 826 164 862 tum
186 824 271 871 est,
297 825 347 860 ut
375 816 506 860 etiam
534 815 589 860 ad
611 815 846 862 nonnullos
880 817 1202 862 Donatistarum
1236 816 1461 876 primarios

67 887 374 942 scriberemus,
396 902 485 931 non
501 887 909 932 communicatorias
929 886 1109 942 litteras,
1130 902 1237 947 quas
1247 888 1339 946 jam
1355 887 1460 931 olim

67 966 246 1018 propter
262 972 383 1002 suam
401 957 724 1016 perversitatem
742 958 797 1001 ab
813 958 980 1001 unitate
993 956 1206 1001 catholica
1221 991 1232 1012 ‚
1250 972 1349 1017 quae
1366 966 1460 1002 toto

66 1028 172 1074 orbe
195 1026 353 1072 diffusa
375 1035 465 1082 est,
490 1042 581 1071 non
603 1026 850 1086 accipiunt,
875 1027 951 1070 sed
975 1026 1079 1071 tales
1106 1026 1294 1086 privatas
1310 1062 1321 1082 ,
1347 1043 1459 1088 qua—

65 1100 182 1145 libus
205 1099 331 1144 nobis
354 1099 418 1143 uti
440 1098 569 1142 etiam
595 1097 650 1142 ad
678 1101 873 1157 Paganos
904 1097 1029 1153 licet,
1062 1114 1168 1158 quas
1190 1098 1253 1142 illi
1272 1100 1351 1143 etsi
1380 1099 1459 1143 ali-

65 1171 245 1232 quando
273 1170 504 1229 legerunt,
531 1169 794 1228 respondere
824 1179 970 1214 tamen
992 1171 1051 1214 eis
1074 1170 1162 1215 sive
1189 1169 1455 1226 noluerunt,

65 1243 153 1287 sive
170 1277 181 1297 ,
206 1250 257 1285 ut
278 1240 415 1300 magis
437 1238 654 1295 creditur,
679 1240 989 1300 nequiverunt.
1018 1241 1102 1285 Ubi
1124 1241 1249 1286 nobis
1271 1242 1371 1286 satis
1394 1242 1458 1287 vi-

54 1304 160 1359 sum
184 1321 248 1356 est
280 1311 525 1371 implevisse
544 1326 623 1356 nos
645 1312 838 1357 officium
859 1312 1077 1357 charitatis
1092 1348 1103 1368 ,
1129 1328 1259 1373 quam
1281 1328 1371 1358 non
1391 1328 1458 1359 so-

62 1384 156 1430 lum
185 1384 361 1439 nostris,
393 1384 469 1428 sed
496 1392 538 1428 et
561 1383 765 1428 omnibus
787 1399 865 1428 nos
893 1383 1053 1429 debere
1074 1394 1248 1429 sanctus
1272 1384 1457 1444 Spiritus

64 1457 215 1512 docet,
237 1456 315 1515 qui
333 1456 459 1500 nobis
483 1457 541 1500 ait
561 1471 637 1515 per
660 1455 915 1515 Apostolum
938 1475 947 1500 ε
977 1475 996 1498 «
1023 1459 1109 1501 Vos
1131 1465 1276 1501 autem
1303 1456 1455 1501 Domi-

66 1546 87 1570 »
114 1543 195 1572 nus
219 1526 501 1587 multiplicet,
528 1536 571 1571 et
592 1526 817 1571 abundare
837 1527 967 1571 faciat
989 1528 1035 1571 in
1055 1528 1290 1582 charitate,
1316 1527 1361 1571 in
1384 1528 1453 1571 in-

65 1618 87 1642 »
112 1600 251 1644 vicem
270 1609 312 1644 et
333 1600 379 1642 in
399 1601 587 1643 omnes1.
617 1617 636 1640 »
656 1602 808 1643 Monet
827 1599 958 1643 etiam
980 1598 1065 1644 alio
1081 1599 1201 1654 loco,
1222 1600 1268 1644 in
1289 1598 1456 1644 modes-

62 1672 121 1717 tia
153 1671 449 1731 corripiendos
487 1669 655 1715 diversa
688 1671 944 1728 sentientes,
987 1689 1005 1711 «
1031 1685 1086 1713 ne
1115 1670 1257 1725 forte,
1283 1671 1450 1731 inquit,

64 1761 85 1786 »
111 1741 185 1786 det
205 1741 290 1785 illis
307 1744 420 1785 Deus
439 1741 744 1800 poenitentiam
761 1740 817 1784 ad
837 1739 1184 1799 cognoscendam
1203 1741 1451 1797 veritatem,

64 1831 85 1856 »
112 1822 155 1857 et
175 1812 427 1870 resipiscant
448 1810 503 1854 de
525 1809 686 1856 diaboli
708 1810 890 1871 laqueis,
914 1811 1117 1871 captivati
1139 1812 1194 1856 ab
1216 1812 1310 1872 ipso
1327 1812 1372 1857 in
1387 1813 1454 1872 ip-

64 1903 85 1927 »
106 1884 193 1929 SIus
214 1882 528 1928 voluntatem2.
545 1900 564 1924 »

123 1957 181 1998 ΙΙ.
219 1955 322 1997 Haec
357 1955 622 2012 praelocutus
657 1968 780 2008 sum,
812 1968 868 1997 ne
891 1953 987 2013 quis
1012 1968 1081 1998 me
1114 1953 1330 1998 existimet
1369 1954 1454 1999 im-

0 2042 3 2050 ·
62 2025 300 2086 pudentius
321 2024 445 2069 vobis
467 2039 599 2085 quam
623 2024 881 2083 prudentius
902 2025 1060 2084 scripta
1083 2025 1244 2070 misisse
1261 2061 1272 2080 ,
1298 2034 1342 2070 et
1371 2026 1455 2070 hoc

0 2113 2 2121 ·
63 2095 197 2142 modo
224 2095 447 2141 vobiscum
482 2094 537 2139 de
564 2096 739 2154 negotio
771 2095 928 2139 animae
954 2105 1106 2140 vestrae
1131 2095 1298 2156 aliquid
1328 2110 1456 2156 agere

48 2166 272 2222 .voluisse,
304 2166 407 2226 quia
430 2175 588 2211 nostrae
614 2167 934 2212 communionis
964 2182 1053 2212 non
1077 2167 1178 2212 estis
1211 2186 1218 2212 ε
1251 2183 1354 2212 cum
1388 2177 1455 2212 ta-

64 2253 167 2282 men
202 2238 235 2281 si
270 2236 324 2281 de
364 2237 539 2296 negotio
574 2236 729 2293 fundi,
767 2245 843 2281 aut
865 2237 1048 2297 alicujus
1083 2239 1344 2297 pecuniariae
1370 2238 1457 2284 litis

0 2327 5 2336 ·
45 2307 323 2360 ‚dirimendae
361 2309 482 2353 vobis
521 2307 684 2369 aliquid
721 2308 983 2364 scriberem,
1019 2324 1148 2353 nemo
1179 2307 1357 2355 sortasse
1395 2325 1457 2354 re-

66 2378 370 2438 prehenderet.
414 2381 560 2439 Usque
600 2378 709 2423 adeo
749 2379 905 2423 charus
950 2389 1013 2424 est
1060 2379 1130 2423 hic
1164 2379 1354 2424 mundus
1383 2380 1457 2425 ho-

49 2448 258 2501 ·minibus
275 2484 285 2504 ‚
308 2459 350 2493 et
373 2449 545 2492 sibimet
568 2448 648 2508 ipsi
667 2449 902 2493 viluerunt.
930 2451 1021 2494 Erit
1047 2465 1147 2507 ergo
1176 2450 1280 2494 mihi
1304 2450 1356 2494 ad
1378 2450 1457 2494 dc-

69 2516 308 2563 sensionem
343 2520 460 2563 testis
493 2520 586 2562 haec
619 2519 797 2578 epistola
834 2519 875 2562 in
905 2518 1072 2577 judicio
1104 2521 1202 2574 Dei,
1237 2521 1311 2580 qui
1338 2522 1456 2564 novit

121 2596 129 2612 ¹
157 2601 167 2621 1
195 2590 301 2622 Thess.
323 2603 370 2629 ur,
397 2602 444 2622 ¹2.
468 2609 498 2613 —-
515 2599 526 2612 ²
552 2600 569 2622 2
595 2591 674 2622 Tim.
696 2603 732 2629 ii,
754 2592 806 2623 76.
