1790 3187
313 258 399 301 442
754 272 788 298 s.
824 268 1056 299 Aucusmnu
1087 271 1270 299 Emscom

310 336 550 391 veteribus,
583 350 672 380 non
697 335 878 379 archivis
908 335 1120 395 publicis,
1142 334 1247 381 ‘non
1279 337 1417 382 Gestis
1452 337 1697 384 forensibus

311 417 386 453 aut
415 407 708 452 ecclesiasticis
735 422 926 466 agamus.
959 409 1099 467 Major
1120 407 1232 453 liber
1254 418 1399 454 noster
1419 409 1535 454 orbis
1557 419 1696 455 terra-

310 494 409 523 rum
431 488 516 533 est,
547 478 593 521 in
614 494 665 522 eo
686 477 785 537 lego
813 478 1102 538 completum,
1127 478 1249 539 quod
1281 479 1327 523 in
1359 479 1473 524 libro
1496 481 1573 524 Dei
1598 479 1697 540 lego

310 550 568 609 promissum
588 567 597 594 :
628 567 648 591 ι(
669 550 895 603 Dominus,
920 551 1087 610 inquit,
1103 550 1211 595 dixit
1232 550 1287 595 ad
1303 566 1372 595 me
1390 569 1399 595 ε
1421 551 1558 595 Filius
1576 566 1698 596 meus

312 639 332 663 »
359 636 403 664 es
425 629 499 674 tu,
525 635 606 679 ego
627 619 758 664 hodie
785 622 916 679 genui
945 630 988 666 te
1016 640 1025 666 ι
1052 621 1222 680 postula
1243 636 1266 664 a
1289 636 1385 676 me,
1410 630 1453 665 et
1474 621 1590 666 dabo
1617 622 1698 666 tibi

314 709 334 733 »
361 700 508 749 gentes
530 691 830 735 haereditatem
853 700 973 736 tuam
988 726 999 747 ,
1018 700 1062 736 et
1083 691 1393 751 possessionem
1413 699 1533 736 tuam
1548 692 1698 736 termi-

314 780 333 804 »
358 777 436 806 nos
451 764 613 806 terrae1,
636 780 656 803 »
676 762 788 807 Huic
802 762 1049 807 haereditati
1060 763 1137 823 qui
1150 778 1239 807 non
1251 763 1561 819 communicat,
1573 778 1698 823 quos-

310 831 416 876 libet
436 832 570 876 libros
591 841 759 888 teneat,
781 832 1101 877 exhaeredatum
1128 848 1173 878 se
1195 848 1283 877 esse
1300 842 1547 892 cognoscat.
1574 835 1697 878 Hanc

309 902 609 947 haereditatem
627 904 820 963 quisquis
843 913 1085 963 expugnat,
1107 903 1297 948 alienum
1320 918 1362 948 se
1378 918 1469 948 esse
1490 919 1514 948 a
1536 903 1698 948 familia

310 973 384 1016 Dei
406 974 506 1018 satis
528 973 706 1018 indicat.
732 976 859 1019 Certe
880 974 934 1017 de'
958 974 1190 1018 traditione
1212 973 1459 1018 divinorum
1485 973 1696 1018 librorum

309 1043 492 1087 vertitur
508 1044 714 1102 quaestio,
733 1044 811 1087 ubi
826 1042 1055 1088 haereditas
1076 1044 1154 1088 ista
1174 1044 1380 1102 promissa
1399 1053 1476 1088 est.
1497 1042 1576 1087 Ille
1593 1059 1697 1103 ergo

308 1113 510 1157 credatur
530 1122 834 1158 testamentum
859 1113 1085 1159 tradidisse
1106 1114 1313 1169 flammis,
1341 1115 1418 1174 qui
1446 1123 1594 1159 contra
1618 1130 1698 1159 vo-

306 1182 522 1228 luntatem
548 1185 689 1243 litigat
712 1185 940 1230 testatoris.
966 1184 1083 1238 Quid
1107 1185 1187 1229 tibi
1208 1183 1311 1229 fecit
1334 1201 1360 1229 o
1388 1200 1484 1244 pars
1512 1186 1694 1241 Donati,

307 1253 414 1314 quid
438 1255 518 1299 tibi
532 1254 635 1300 fecit
652 1255 831 1300 ecclesia
849 1256 1209 1301 Corinthiorum?
1233 1256 1362 1308 Quod
1380 1265 1526 1302 autem
1545 1255 1601 1300 de
1619 1257 1697 1301 ista

307 1325 434 1381 dico,
467 1327 522 1371 de
549 1327 755 1371 omnibus
789 1327 948 1372 talibus
980 1337 1023 1372 et
1056 1337 1144 1371 tam
1175 1326 1304 1385 longe
1333 1327 1480 1386 positis
1511 1327 1697 1386 intelligi

306 1397 420 1442 volo.
455 1397 572 1450 Quid
601 1398 725 1443 vobis
752 1397 975 1453 fecerunt,
1007 1413 1106 1457 quae
1131 1413 1212 1442 nec
1239 1397 1419 1443 omnino
1441 1397 1549 1458 quid
1576 1397 1695 1443 fece-

306 1468 397 1511 ritis
415 1502 426 1522 ,
458 1483 538 1512 nec
570 1484 679 1528 quos
707 1467 1017 1512 infamaveritis
1044 1484 1168 1513 nosse
1200 1469 1470 1528 potuerunt?
1501 1472 1571 1513 An
1593 1469 1697 1528 quia

308 1538 521 1583 Lucillam
543 1539 801 1585 Caecilianus
831 1540 877 1583 in
899 1539 1045 1584 Africa
1068 1540 1203 1596 laesit,
1235 1540 1379 1585 lucem
1400 1539 1559 1586 Christi
1580 1540 1696 1585 orbis

307 1610 480 1653 amisit?

364 1682 528 1725 XXVI.
567 1680 761 1724 Tandem
781 1681 971 1726 sentiant
995 1681 1115 1740 quod
1136 1679 1335 1725 fecerunt
1361 1699 1370 1726 :
1400 1681 1558 1725 merito
1576 1689 1695 1726 certo

306 1766 521 1796 annorum
546 1751 773 1797 intervallo
806 1752 851 1795 in
881 1751 1029 1797 oculos
1051 1767 1200 1796 eorum
1231 1750 1479 1796 revolutum
1501 1761 1566 1796 est
1587 1767 1695 1811 opus

306 1823 514 1881 ipsorum.
533 1823 724 1876 Quaerite
740 1838 816 1882 per
831 1837 963 1883 quam
978 1822 1199 1867 foeminam
1219 1822 1503 1868 Maximianus
1515 1824 1608 1880 (31)
1620 1823 1697 1882 qui

306 1894 464 1937 dicitur
486 1910 575 1938 esse
600 1894 756 1938 Donati
781 1895 1105 1954 proquinquus,
1126 1909 1215 1938 sese
1232 1909 1255 1938 a
1278 1893 1483 1938 Primiani
1501 1908 1696 1938 commu-

305 1966 436 2007 nione
467 1964 733 2022 praeciderit,
763 1973 805 2008 et
827 1963 1200 2024 quemadmodum
1232 1972 1491 2022 congregata
1529 1963 1695 2022 episco-

304 2050 461 2094 porum
483 2034 672 2079 factione
692 2070 702 2090 ‚
737 2036 1002 2079 Primianum
1032 2035 1247 2079 damnarit
1275 2036 1522 2089 absentem,
1547 2042 1591 2078 et
1616 2034 1696 2078 ad-

308 2122 456 2152 versus
478 2122 579 2150 eum
603 2107 830 2167 episcopus
855 2106 1075 2151 ordinatus
1098 2107 1151 2151 sit
1178 2125 1187 2151 ε
1212 2104 1583 2166 quemadmodum
1605 2108 1696 2151 Ma-

299 2179 469 2238 jorinus
506 2193 582 2236 per
619 2177 831 2222 Lucillam
867 2187 1125 2236 congregata
1168 2178 1470 2236 episcoporum
1505 2174 1694 2221 factione

305 2248 587 2294 Caecilianum
610 2249 1091 2303 damnavitabsentem‚
1114 2257 1157 2292 et
1171 2257 1321 2293 contra
1341 2263 1441 2291 eum
1465 2247 1693 2307 episcopus

306 2319 531 2364 ordinatus
549 2329 627 2364 est.
654 2323 720 2364 An
742 2319 853 2364 forte
880 2321 1000 2379 quod
1023 2335 1046 2363 a
1068 2320 1234 2364 caeteris
1252 2319 1365 2364 Afris
1386 2334 1474 2363 suae
1495 2333 1692 2363 commun

306 2390 447 2433 nionis
482 2391 690 2449 episcopis
727 2399 877 2434 contra
911 2388 1143 2434 factionem
1170 2390 1420 2435 Maximiani
1450 2389 1693 2433 Primianus

307 2470 515 2520 purgatus
530 2470 614 2516 est,
633 2461 777 2506 valere
794 2460 923 2505 vultis
941 2479 948 2506 :
970 2470 1012 2504 et
1030 2460 1149 2520 quod
1165 2477 1187 2504 a
1206 2459 1497 2505 transmarinis
1515 2459 1692 2504 unitatis

308 2533 518 2591 episcopis
532 2533 736 2578 adversus
749 2531 984 2578 factionem
1001 2532 1199 2592 Majorini
1216 2531 1471 2576 Caecilianus
1484 2539 1692 2589 purgatus

357 2624 363 2638 ¹
398 2618 476 2648 Psal-
496 2629 531 2657 ιι,
552 2629 582 2658 7.
