1790 3187
327 234 407 273 348
759 248 789 271 s.
829 245 1056 272 Auens'ruu
1091 245 1268 272 EPISCOPl

328 330 346 352 »
372 309 654 354 fornicatores
672 344 682 363 ,
709 324 850 368 neque
886 308 1012 353 idolis
1043 309 1303 363 servientes,
1331 324 1472 369 neque
1495 308 1702 365 adulteri,

328 402 346 422 »
375 397 516 441 neque
539 380 711 434 molles,
733 395 875 440 neque
898 380 1185 424 masculorum
1210 380 1510 424 concubitores
1526 415 1537 435 ,
1565 396 1707 440 neque

328 472 346 495 »
373 453 516 506 fures,
553 466 694 510 neque
731 452 872 506 avari,
910 467 1051 512 neque
1091 452 1274 505 ebriosi,
1307 466 1449 510 neque
1480 450 1704 505 maledici,

326 543 346 566 n
373 540 513 584 neque
529 532 718 582 raptores
737 538 918 582 regnum
939 524 1016 567 Dei
1031 522 1327 582 possidebunt.
1350 525 1405 566 Et
1420 523 1513 566 haec
1528 523 1708 581 quidem

325 615 344 636 »
374 595 510 639 fuistis
541 614 548 638 :
578 593 653 638 sed
685 593 824 638 abluti
847 595 967 649 estis,
993 593 1068 638 secl
1085 594 1310 654 justificati
1333 593 1432 637 estis
1461 593 1507 636 in
1529 593 1707 637 nomine

325 684 343 706 »
371 665 543 709 Domini
573 667 675 708 Jesu
712 664 895 720 Christi,
921 674 962 708 et
984 664 1137 724 spiritu
1168 664 1244 707 Dei
1272 664 1407 707 nostri
1439 666 1469 706 ¹.
1493 681 1512 704 n
1538 666 1709 716 Quibus

322 735 442 780 lectis
463 735 567 790 dixi,
589 744 638 779 ut
660 736 985 780 considerarent
1014 737 1238 795 quomodo
1267 744 1440 794 possent
1463 733 1612 777 fideles
1633 750 1712 778 au-

322 806 414 851 dire
431 841 442 862 ,
472 825 491 848 «
517 807 592 850 sed
614 806 754 850 abluti
782 808 925 862 estis,»
948 807 1022 867 qui
1046 806 1189 851 adhuc
1218 805 1314 850 talis
1347 805 1710 865 concupiscentiae

322 879 483 934 sordes,
504 889 654 923 contra
678 895 783 938 quas
807 879 1024 924 clauditur
1057 894 1239 938 regnum
1263 879 1499 932 coelorum,
1520 878 1563 921 in
1580 877 1710 921 corde

322 965 416 1004 suo,
441 949 487 993 id
520 958 599 1003 est,
630 950 676 993 in
698 951 901 994 interiore
923 950 999 994 Dei
1027 949 1191 1009 templo
1220 964 1309 992 esse
1329 950 1570 1008 patiuntur.
1605 947 1711 992 Inde

323 1030 502 1065 ventum
538 1029 601 1064 est
632 1020 686 1064 ad
719 1019 830 1064 illud
868 1020 1123 1079 capitulum.
1161 1039 1180 1061 «
1214 1019 1585 1065 Convenientibus
1610 1034 1712 1076 ergo

326 1108 345 1132 »
367 1090 490 1135 vobis
513 1091 559 1132 in
590 1105 745 1145 unum,
775 1106 864 1134 non
893 1099 956 1133 est
978 1091 1242 1134 dominicam
1274 1105 1443 1134 coenam
1468 1089 1707 1133 celebrare:

325 1179 344 1202 η
370 1161 672 1220 unusquisque
695 1161 809 1204 enim
832 1161 1052 1220 propriam
1081 1176 1250 1204 coenam
1274 1160 1499 1219 praesumit
1517 1160 1562 1203 in
1587 1175 1711 1204 man-

327 1250 345 1272 »
372 1231 604 1288 ducando,
630 1240 672 1275 et
691 1231 798 1275 alius
821 1230 999 1290 quidem
1023 1231 1172 1285 esurit,
1198 1230 1307 1274 alius
1329 1231 1473 1274 ebrius
1491 1239 1570 1285 est,
1595 1246 1712 1274 man-

325 1319 345 1342 »
372 1301 575 1346 ducando
599 1311 641 1345 et
664 1300 856 1345 bibendo
879 1321 887 1346 ε
909 1317 963 1344 an
978 1300 1199 1345 ecclesiam
1222 1301 1298 1345 Dei
1320 1301 1597 1345 contemnitis
1614 1304 1631 1326 ‘²
1651 1303 1669 1345 Ρ
1690 1319 1709 1341 »

322 1388 411 1434 quo
439 1373 619 1418 recitato
642 1372 894 1431 diligentius
917 1372 1236 1426 commendavi,
1258 1387 1312 1416 ne
1334 1373 1513 1417 honesta
1533 1371 1710 1432 quidem

322 1454 365 1488 et
384 1444 527 1488 sobria
560 1444 757 1488 convivia
786 1443 946 1487 debere
976 1444 1020 1487 in
1050 1442 1227 1487 ecclesia
1251 1443 1460 1487 celebrari
1484 1463 1494 1500 3
1516 1442 1712 1503 quando-

322 1515 500 1574 quidem
525 1513 757 1574 Apostolus
782 1530 870 1558 non
894 1513 1334 1574 dixerit:«Numquid
1353 1512 1505 1558 domos
1519 1530 1608 1557 non
1630 1514 1711 1557 lia-

324 1586 433 1630 betis
459 1585 511 1629 ad
541 1586 820 1630 inebriandos
843 1601 934 1639 vos,
958 1595 1007 1628 ut
1030 1585 1152 1644 quasi
1175 1585 1482 1628 tantummodo
1507 1584 1711 1628 inebriari

325 1658 367 1701 in
391 1657 568 1701 ecclesia
592 1673 680 1701 non
703 1657 850 1700 liceret
874 1676 882 1700 :
910 1676 929 1698 «
950 1656 1023 1700 sed
1042 1657 1096 1700 ad
1120 1656 1473 1699 manducandum
1490 1665 1532 1699 et
1556 1656 1711 1700 biben-

329 1747 346 1768 »
372 1727 494 1782 dum,
516 1746 534 1767 »
560 1727 681 1787 quod
704 1736 845 1786 potest
865 1728 1045 1770 honeste
1064 1727 1172 1781 fieri,
1198 1726 1273 1770 sed
1292 1735 1449 1785 praeter
1467 1725 1706 1781 eeclesiam,

323 1799 377 1843 ab
399 1799 457 1842 eis
479 1800 553 1858 qui
581 1798 733 1843 domos
757 1798 941 1852 habent,
975 1798 1050 1841 ubi
1083 1797 1296 1840 alimentis
1324 1797 1569 1841 necessariis
1593 1797 1710 1841 refici

324 1870 487 1929 possint
517 1889 524 1913 :
571 1879 613 1913 et
655 1878 800 1912 tamen
834 1884 912 1912 nos
946 1868 999 1912 ad
1037 1869 1113 1912 has
1153 1869 1369 1926 angustias
1406 1877 1709 1927 corruptorum

325 1950 568 1999 temporum
593 1949 636 1983 et
661 1939 955 1983 diffluentium
978 1954 1152 1983 morum
1190 1955 1279 1983 esse
1311 1939 1559 1998 perductos,
1596 1948 1644 1982 ut
1659 1939 1708 1981 iis

324 2011 521 2054 nondum
558 2011 747 2054 modesta
772 2010 989 2064 convivia,
1015 2009 1090 2052 sed
1123 2008 1274 2053 saltem
1299 2009 1584 2053 domesticum
1612 2023 1708 2066 reg—

324 2097 428 2125 num
452 2080 670 2125 ebrietatis
693 2090 906 2139 optemus.

382 2155 457 2197 VI.
492 2152 837 2197 Commemoravi
866 2152 995 2194 etiam
1026 2150 1249 2208 Evangelii
1289 2151 1554 2210 capitulum,
1589 2151 1709 2211 quod

325 2223 462 2282 pridie
491 2231 798 2276 tractaveram,
827 2221 903 2265 ubi
929 2219 982 2264 de
1004 2220 1394 2280 pseudoprophetis
1424 2221 1591 2266 (lictum
1626 2232 1704 2275 est,

328 2314 345 2335 «
368 2293 659 2337 Exfructibus
677 2308 826 2337 eorum
839 2293 1105 2350 cognoscetis
1127 2294 1233 2336 eosss.
1262 2311 1279 2332 »
1299 2293 1463 2336 Deinde
1480 2294 1522 2336 in
1543 2308 1707 2337 memo-

326 2366 430 2409 riam
454 2366 648 2409 revocavi
672 2365 841 2408 fructus
866 2380 916 2407 eo
938 2364 1035 2408 loco
1059 2380 1145 2408 non
1167 2364 1418 2424 appellatos,
1445 2365 1525 2408 nisi
1543 2380 1672 2423 opera
1695 2384 1703 2409 ε
1761 2363 1764 2415 f

325 2446 417 2480 tum
443 2436 621 2494 quaesivi
643 2436 755 2479 inter
775 2450 882 2494 quos
903 2434 1070 2479 fructus
1101 2436 1320 2478 nominata
1355 2444 1463 2478 esset
1491 2435 1672 2479 ebrietas
1693 2456 1704 2492 3

326 2517 369 2551 et
407 2506 582 2551 recitavi
621 2505 731 2550 illud
765 2505 818 2550 ad
855 2505 1061 2549 Galatas:
1106 2525 1126 2548 «
1164 2505 1390 2551 Manifesta
1427 2516 1572 2550 autem
1608 2514 1709 2550 sunt

375 2599 383 2613 ¹
416 2603 425 2623 r
454 2593 526 2624 Cor.
548 2602 590 2631 vi,
609 2602 641 2632 9.
659 2608 698 2614 -—
713 2598 724 2614 ²
748 2592 792 2623 ld.
818 2602 862 2631 xi,
881 2599 934 2623 ¹20.
954 2607 991 2613 ·—·
1011 2589 1023 2613 3
1042 2590 1162 2623 Matth.
1185 2602 1240 2631 vn,
1266 2590 1305 2622 16
