1790 3187
349 214 400 241 DE
434 207 619 240 mvmxsu
651 200 806 248 munst.
843 214 989 240 ocroc.
1025 213 1185 239 Tamus.
1427 204 1451 240 7

89 293 175 342 que
193 277 348 323 mentis
364 275 607 322 obnubilet.
625 278 765 337 Serpit
777 278 859 322 hoc
872 276 1035 322 malum
1051 290 1128 337 per
1148 286 1298 322 omnes
1315 275 1456 323 aditus

89 349 317 405 sensuales,
341 348 416 394 dat
437 364 480 393 se
500 349 668 406 figuriS‚
693 347 990 394 accommodat
1005 347 1238 405 coloribus,
1264 346 1456 394 adhaeret

88 422 218 477 sonis,
242 420 346 465 latet
362 420 407 464 in
426 420 488 464 ira
506 454 518 474 ‚
542 419 587 463 in
610 418 777 464 fallacia
798 420 1028 475 sermonis,
1055 418 1263 464 odoribus
1284 435 1328 465 se
1350 422 1455 465 sul)-

83 494 193 554 jicit‚
218 489 410 536 infundit
425 491 664 551 saporibus,
683 507 731 536 ac
748 492 911 537 turbidi
926 501 1068 537 motus
1086 489 1235 536 illuvie
1258 492 1459 536 tenebro—

89 564 145 609 sis
165 562 390 607 affectibus
408 562 604 606 tenebrat
622 577 796 619 sensus,
823 563 1084 624 quibusdam
1110 561 1280 607 nebulis
1307 562 1458 623 implet.

90 649 236 680 omnes
257 642 422 678 meatus
445 631 742 692 intelligentiae
760 669 771 689 ,
796 649 874 694 per
907 650 1015 694 quos
1041 634 1284 694 expandere
1311 632 1460 678 lumen

89 706 261 751 rationis
282 704 425 749 radius
447 705 599 749 mentis
626 703 749 749 solet.
781 707 837 749 Et
850 705 951 765 quia
969 704 1111 750 radius
1131 705 1331 749 aethereae
1352 704 1461 750 lucis

89 785 152 822 est
167 812 179 833 ‚
203 777 249 822 in
270 791 411 837 eoque
437 775 660 836 speculum
691 775 848 821 divinae
872 776 1113 836 praesentiae
1139 796 1147 822 ;
1171 777 1217 821 in
1238 777 1321 821 hoc
1347 777 1462 821 enim

90 849 275 904 Deus‚in
296 850 378 894 hoc
401 848 597 894 voluntas
625 848 812 904 innoxia,
830 849 874 893 in
890 850 973 894 hoc
995 858 1109 894 recte
1129 847 1231 893 facti
1255 849 1459 893 meritum

88 920 270 964 relucet:
297 923 409 964 Deus
426 919 590 980 ubique
612 934 797 979 praesens
814 928 877 964 est
895 941 906 978 3
930 930 1036 965 tunc
1060 927 1204 965 autem
1226 920 1462 981 unicuique

88 1000 284 1036 nostrum
306 990 434 1035 simul
455 999 532 1046 est,
552 1005 652 1035 cum
675 991 830 1035 mentis
853 999 1010 1037 nostrae
1028 991 1194 1037 illibata
1224 992 1387 1051 puritas
1414 993 1460 1035 in

88 1064 180 1124 ejus
193 1062 419 1122 praesentia
440 1078 484 1106 se
501 1077 589 1107 esse
610 1063 839 1122 putaverit.
852 1065 909 1107 Ut
930 1064 1045 1107 enim
1069 1062 1183 1108 visus
1205 1061 1434 1108 oculorum
1450 1098 1460 1117 ‚

88 1135 123 1179 si
152 1135 282 1179 luerit
308 1135 508 1190 vitiatus,
533 1133 747 1195 quidquid
776 1135 921 1180 videre
952 1151 1042 1180 non
1074 1135 1266 1195 potuerit
1282 1170 1293 1191 ,
1319 1133 1465 1179 adesse

89 1221 179 1252 non
198 1216 322 1266 putat
341 1227 352 1265 3
370 1204 532 1251 frustra
553 1207 667 1251 enim
685 1207 936 1252 circumstat
958 1206 1104 1252 oculos
1121 1222 1308 1267 praesens
1323 1207 1465 1266 imago

89 1292 234 1322 rerum
251 1313 262 1333 ,
290 1278 325 1322 si
349 1277 483 1323 oculis
499 1278 721 1335 integritas
739 1278 844 1322 desit
870 1298 879 1323 ι
902 1278 961 1322 ita
983 1279 1110 1322 etiam
1134 1278 1248 1322 Deus
1269 1277 1344 1337 qui
1366 1291 1468 1321 nus—

88 1363 221 1410 quam
244 1348 393 1404 deest,
425 1348 582 1393 frustra
603 1348 779 1409 pollutis
800 1350 953 1394 animis
985 1364 1171 1408 praesens
1205 1357 1300 1405 est,
1337 1361 1467 1408 quem

86 1421 232 1466 videre
248 1421 404 1464 mentis
426 1421 593 1465 caecitas
611 1435 701 1465 non
722 1429 878 1480 potest.

141 1494 341 1545 QuAEsrro
374 1493 499 1535 XIII.
535 1518 586 1523 —
610 1494 729 1536 Inter
750 1491 888 1536 multa
906 1527 917 1547 ‚
940 1491 1096 1552 quibus
1117 1491 1286 1536 ostendi
1303 1499 1462 1551 potest,

89 1563 309 1608 hominem
334 1563 499 1607 ratione
520 1562 666 1607 bestiis
689 1561 944 1607 antecellere
960 1599 970 1618 ‚
996 1564 1079 1607 hoc
1097 1563 1300 1607 omnibus
1320 1563 1462 1607 mani-

84 1634 244 1679 festum
260 1643 339 1690 est,
356 1635 476 1693 quod
494 1634 651 1679 belluae
672 1635 727 1679 ab
744 1635 994 1679 hominibus
1016 1634 1182 1679 domari
1200 1643 1243 1679 et
1262 1649 1455 1679 mansue-

82 1706 176 1750 fieri
197 1715 391 1765 possunt,
415 1706 611 1751 homines
629 1721 651 1750 a
675 1704 830 1750 belluis
851 1704 974 1750 nullo
989 1706 1135 1751 modo.

140 1780 338 1831 QuAEsrro
371 1779 491 1822 XIV.
525 1806 580 1810 —
614 1778 657 1823 Si
687 1778 941 1837 phantasma
972 1777 1056 1822 fuit
1087 1792 1243 1837 corpus
1274 1777 1456 1831 Christi,

82 1846 238 1892 fefellit
263 1848 458 1893 Christus
484 1868 493 1893 :
528 1857 570 1894 et
592 1849 625 1892 si
656 1847 834 1903 fefellit⁷
858 1851 1015 1893 veritas
1047 1864 1136 1893 non
1165 1857 1243 1892 est.
1273 1851 1350 1892 Est
1381 1863 1459 1892 au-

82 1927 170 1962 tem
206 1918 360 1964 veritas
390 1920 602 1965 Christus.
623 1922 720 1965 Non
746 1919 879 1979 igitur
900 1919 1155 1979 phantasma
1183 1918 1268 1963 fuit
1300 1933 1457 1979 corpus

79 1991 185 2051 ejus.

138 2065 334 2116 Quaesno
354 2064 450 2108 XV.
465 2091 518 2097 —
532 2064 672 2107 Omne
692 2061 813 2123 quod
829 2079 872 2107 se
883 2062 1102 2123 intelligit,
1122 2059 1454 2123 comprehendit

78 2149 135 2178 se.
153 2134 280 2188 Quod
301 2144 445 2180 autem
464 2151 508 2179 se
525 2134 879 2194 comprehendit,
904 2135 1078 2180 finitum
1101 2144 1164 2179 est
1185 2135 1281 2179 sibi.
1306 2136 1362 2179 Et
1384 2134 1449 2178 in-

79 2204 275 2250 tellectus
304 2205 504 2266 intelligit
530 2222 588 2250 se.
605 2208 719 2265 Ergo
748 2206 897 2251 finitus
925 2215 988 2251 est
1019 2206 1113 2250 sibi.
1139 2209 1227 2253 Nec
1254 2206 1450 2250 infinitus

77 2293 165 2322 esse
181 2277 295 2333 vult,
312 2278 506 2339 quamvis
520 2279 653 2338 possit
673 2298 683 2335 3
707 2278 809 2339 quia
831 2287 958 2323 notus
981 2279 1061 2323 sibi
1080 2294 1169 2323 esse
1186 2277 1309 2333 vult,
1336 2287 1448 2322 amat

78 2363 192 2393 enlm
215 2364 273 2392 se.

132 2422 328 2473 Quffisno
356 2422 476 2465 XVI.
503 2448 560 2454 -—-
582 2422 694 2465 Deus
716 2421 911 2465 omnium
933 2436 1032 2480 quae
1053 2429 1180 2475 sunt,
1200 2435 1337 2465 *causa
1368 2429 1446 2464 est.

75 2493 203 2545 Quod
226 2501 370 2537 autem
401 2494 596 2538 omnium
620 2508 763 2537 rerum
794 2508 921 2537 causa
950 2502 1041 2547 est,
1074 2493 1203 2537 etiam
1230 2493 1451 2552 sapientiae

70 2579 157 2607 suae
173 2580 300 2609 causa
313 2574 375 2609 est
393 2585 401 2611 :
421 2580 500 2609 nec
519 2576 713 2625 unquam
736 2567 847 2608 Deus
863 2565 954 2608 sine
975 2565 1182 2624 sapientia
1200 2579 1290 2608 sua.
1310 2562 1447 2622 Igitur
