1790 3187
355 205 435 244 224
795 214 826 241 s.
865 215 1091 242 auuus‘rim
1128 216 1303 242 Emscom

353 282 405 326 tis
425 302 433 325 2
454 281 536 324 hoc
554 278 816 338 expositione
835 268 922 322 nou
943 278 1123 337 indiget.
1147 283 1305 338 Aperte
1320 279 1434 322 enim
1458 279 1702 323 dictumest
1720 298 1729 324 :
1770 305 1773 320 .

357 372 373 391 «
404 351 757 395 Fundamentum
789 348 903 392 enim
928 348 1046 392 aliud
1069 365 1196 393 neruo
1228 358 1368 407 potest
1390 364 1549 407 ponere
1578 358 1748 408 praeter

357 441 376 463 »
403 421 449 465 id
465 421 583 480 quod
599 422 786 478 positum
802 429 880 473 est,
899 419 1019 478 quod
1035 429 1098 463 est
1114 419 1310 464 Christus
1325 421 1516 462 Jesus¹.»
1533 422 1573 463 Si
1590 429 1735 463 autem

355 492 576 542 Christus,
611 487 764 548 procul
793 488 929 533 dubio
968 489 1074 532 fides
1102 490 1274 534 Christi.
1308 492 1388 532 Per
1416 490 1543 532 fidem
1574 490 1736 548 quippe

357 561 523 605 habitat
549 560 744 605 Christus
772 559 817 602 in
846 558 1049 603 cordibus
1084 560 1237 603 nostris
1260 563 1302 612 ²,
1330 559 1438 602 sieut
1456 559 1572 602 idem
1601 563 1738 618 Apos-
1765 594 1769 607 .

356 629 470 675 tolus
485 630 602 674 dicit.
618 632 751 673 Porro
771 629 803 672 si
826 629 932 672 fides
945 629 1204 683 Christi,illa
1223 629 1374 688 utique
1390 644 1521 688 quam
1543 628 1740 673 definivit

357 700 604 758 Apostolus,
636 719 655 740 «
673 715 772 759 quae
796 714 870 757 per
894 699 1169 743 dilectionem
1193 709 1396 758 operatur
1414 701 1444 741 3.
1468 717 1485 740 »
1511 701 1607 744 Non
1624 699 1740 742 enim
1771 712 1773 717 ·

357 770 463 815 fides
485 769 558 814 illa
588 771 839 814 daemonum
866 804 876 824 ,
902 785 1001 814 cum
1032 779 1074 813 et
1104 771 1182 829 ipsi
1209 769 1387 814 credant
1420 780 1462 813 et
1483 770 1740 814 contremis-
1762 795 1772 811 ·'.

358 851 474 897 eant,
501 850 543 885 et
566 840 726 885 Filium
750 840 826 884 Dei
855 840 1145 884 confiteantur
1174 843 1339 893 Jesum,
1369 850 1508 899 potest
1533 841 1668 900 accipi
1694 840 1741 884 in

358 912 661 957 fundamento.
689 914 848 966 Quare,
876 913 955 956 nisi
971 912 1068 971 quia
1085 928 1173 956 non
1197 921 1259 955 est
1270 910 1376 955 fides
1396 927 1494 971 quae
1517 927 1593 971 per
1616 910 1743 955 dilee·

360 984 521 1028 tionem
549 992 767 1042 operatur,
793 982 868 1026 sed
890 998 988 1041 quae
1005 983 1256 1041 exprimitur
1274 997 1350 1041 per
1370 982 1596 1026 timorem?
1617 981 1743 1025 Fides
1783 1030 1786 1039 ¹

360 1053 506 1113 itaque
528 1053 702 1106 Christi,
722 1051 828 1096 fides
846 1054 990 1110 gratiae
1011 1052 1269 1105 christianae,
1297 1052 1341 1095 id
1357 1061 1434 1106 est,
1454 1068 1500 1095 ea
1519 1052 1625 1095 fides
1647 1067 1742 1112 quae
1757 1079 1775 1088 *-

363 1139 437 1183 per
463 1123 738 1167 dilectionem
772 1133 976 1181 operatur
993 1157 1003 1177 ,
1029 1123 1164 1181 posita
1187 1124 1231 1166 in
1259 1122 1549 1166 fundamento
1572 1158 1582 1177 ,
1607 1123 1745 1166 nemi-

362 1209 459 1237 nem
497 1193 721 1252 permittit.
752 1192 836 1237 Sed
864 1192 971 1252 quid
999 1193 1052 1237 sit
1081 1193 1296 1236 aedificare
1325 1208 1453 1252 super
1482 1194 1566 1237 hoc
1588 1192 1745 1238 funda·
1782 1242 1783 1246 ,

363 1272 556 1323 mentum
571 1297 581 1317 ,
603 1278 756 1307 aurum
773 1298 783 1318 ,
802 1272 1028 1320 argentum
1051 1297 1062 1318 2
1083 1261 1248 1321 lapides
1272 1264 1500 1322 pretiosos,
1525 1272 1568 1307 et
1600 1261 1740 1322 ligna,

364 1332 532 1377 foenum
553 1367 562 1382 ,
597 1333 798 1391 stipulam
818 1368 829 1387 ,
850 1333 883 1376 si
903 1332 1104 1376 subtilius
1121 1332 1325 1377 disserere
1348 1348 1499 1388 coner,
1520 1348 1670 1377 vereor
1691 1348 1744 1377 nc
1763 1352 1766 1354 ’

364 1403 419 1446 ad
450 1402 782 1461 intelligendum
811 1402 1027 1446 diffieilior
1060 1403 1114 1446 sit
1141 1404 1231 1462 ipsa
1254 1403 1460 1462 expositio
1491 1421 1500 1447 ι
1526 1403 1663 1446 enitar
1682 1411 1745 1446 ta·
1776 1440 1783 1459 ,ζ

366 1488 480 1527 men,
507 1481 719 1532 quantum
740 1472 947 1516 Dominus
971 1472 1161 1532 adjuvat,
1183 1483 1225 1517 et
1247 1474 1449 1528 breviter,
1471 1482 1513 1516 et
1533 1482 1760 1532 quantum⁴
1779 1464 1781 1471 ¹

365 1555 512 1603 potero
533 1579 544 1597 ‚
563 1543 752 1587 dilucide
772 1543 971 1603 expedire
994 1544 1113 1602 quod
1135 1545 1286 1588 sentio.
1310 1547 1421 1588 Ecce
1442 1544 1514 1588 ille
1534 1544 1608 1603 qui
1625 1558 1723 1602 quae

366 1615 462 1658 sivit
485 1630 507 1657 a
530 1614 732 1672 magistro
752 1614 882 1668 bono,
900 1614 1005 1673 quid
1032 1615 1132 1658 boni
1152 1614 1326 1669 faceret,
1352 1626 1400 1659 ut
1416 1615 1596 1658 haberet
1617 1615 1702 1657 vita

367 1694 572 1729 aeternam
596 1703 603 1729 z
630 1694 672 1728 et
695 1685 873 1733 audivit,
899 1686 932 1728 si
955 1685 1008 1728 ad
1032 1686 1161 1728 vitam
1187 1687 1333 1729 venire
1355 1685 1486 1729 vellet
1506 1720 1516 1739 ,
1542 1683 1722 1729 servand
1772 1683 1789 1740 ἲς

369 1756 450 1799 sihi
471 1770 561 1798 esse
582 1754 785 1799 mandata
821 1774 828 1798 ;
865 1765 907 1798 et
929 1771 1026 1799 eum
1053 1764 1265 1814 quaereret
1292 1771 1389 1815 quae
1409 1754 1639 1810 mandata,
1666 1753 1732 1798 die
1756 1741 1788 1787 ·:'

371 1835 462 1869 tum
488 1836 550 1869 est
570 1825 607 1868 ei
629 1844 636 1869 :
659 1828 788 1871 «Non
812 1825 1007 1883 occides,
1030 1828 1126 1870 Nou
1151 1826 1426 1870 maeehaberis
1447 1828 1568 1870 :Non
1584 1824 1704 1869 furtu
1766 1821 1790 1869 ,t

378 1917 394 1937 »
423 1895 550 1940 facies
576 1916 583 1941 :
609 1899 706 1942 Non
724 1895 880 1940 falsum
906 1897 1198 1940 testimonium
1222 1897 1337 1941 dices
1362 1916 1369 1942 :
1398 1900 1572 1941 Honora
1585 1905 1706 1956 patre
1737 1933 1740 1938 .
1762 1903 1790 1941 15-

377 1985 396 2007 »
423 1975 548 2010 tuum
585 1976 627 2010 et
660 1976 840 2010 matrem
876 1977 995 2010 tuam
1035 1986 1043 2011 :
1077 1970 1132 2010 Et
1166 1967 1317 2026 diliges
1356 1968 1597 2024 proximum
1628 1976 1706 2010 tuu
1761 1964 1789 2010 «4³2³

377 2055 396 2077 η
424 2046 631 2096 tanquam
646 2045 688 2080 te
711 2037 851 2096 ipsum
867 2038 897 2080 ⁴.
929 2056 948 2078 »
973 2039 1076 2080 Haee
1098 2036 1256 2080 faciens
1272 2038 1314 2080 iu
1334 2037 1419 2080 fide
1436 2037 1608 2090 Christi,
1634 2045 1731 2080 tene
1767 2036 1788 2080 213

375 2116 440 2151 ret
469 2107 621 2165 procul
643 2106 777 2150 dubio
799 2107 929 2150 fidem
955 2141 965 2161 ,
1000 2122 1099 2166 quae
1123 2122 1199 2166 per
1227 2106 1502 2151 dilectionem
1534 2116 1735 2166 operatur
1768 2108 1790 2150 τ’

375 2180 526 2237 Neque
544 2177 742 2236 diligeret
763 2177 1005 2235 proximum
1031 2187 1235 2236 tanquam
1253 2194 1297 2221 se
1317 2179 1475 2237 ipsum,
1492 2178 1571 2221 nisi
1588 2185 1736 2236 recept.
1771 2177 1790 2221 ,³³

377 2247 606 2293 dilectione
629 2249 706 2292 Dei
725 2283 736 2303 ,
760 2248 850 2292 sine
882 2263 967 2307 qua
991 2263 1078 2292 non
1100 2248 1298 2306 diligeret
1320 2264 1363 2292 se
1385 2249 1542 2307 ipsum.
1570 2251 1703 2291 Porro

378 2317 539 2363 faceret
568 2319 696 2363 etiam
732 2318 850 2378 quod
886 2320 1090 2362 Dominus
1125 2319 1319 2374 addidit,
1345 2318 1491 2363 dicens
1528 2338 1537 2363 ε
1577 2338 1595 2361 ι(
1635 2319 1677 2363 Si
1697 2316 1734 2362 vi
1786 2318 1789 2342 ἶ

382 2407 402 2432 n
438 2389 654 2449 perfectus
684 2404 787 2444 esse,
815 2388 939 2444 vade,
967 2388 1108 2433 vende
1130 2391 1273 2434 omnia
1308 2405 1407 2449 quae
1436 2389 1596 2444 habes,
1634 2397 1677 2432 et
1703 2386 1730 2432 d

1766 437 1770 453 l

430 2498 441 2514 ¹
463 2504 475 2525 1
501 2495 571 2526 Cor.
591 2503 637 2536 ιιι,
670 2504 716 2526 ιο.
740 2511 778 2517 -
794 2500 805 2516 ²
824 2493 937 2536 Eplies.
957 2504 1006 2532 m,
1029 2491 1156 2536 17.-—3
1175 2493 1242 2526 Gal.
1270 2504 1302 2533 v,
1320 2493 1352 2525 6.
1366 2492 1434 2521 —15
1454 2491 1563 2525 Matth.
1583 2503 1647 2534 iux,
1672 2490 1730 2525 16·

385 2558 474 2594 “²⁴14
974 2558 975 2561 ’

1726 2678 1732 2843 l

1724 2851 1729 2950 ι

1722 2952 1727 3102 ἕ

1721 3133 1725 3187 1
1766 3158 1770 3162 ,
