1790 3187
566 227 763 256 EPISTOLA
800 227 934 254 xxxv.
1361 216 1439 253 381

59 310 205 339 execra
215 296 356 338 biliter
378 296 467 348 fiat,
493 302 543 338 ut
561 310 671 353 quos
704 293 814 337 male
832 293 1023 337 viventes
1051 290 1336 335 ecclesiastica
1359 290 1448 336 dis-

58 367 215 425 ciplina
233 365 505 424 corripimus,
527 366 838 424 persuadeatur
863 364 920 407 eis
946 373 995 408 ut
1018 363 1071 406 ad
1095 362 1316 407 lavacrum
1335 363 1447 407 alte-

59 452 155 481 rum
183 436 376 490 veniant,
396 446 527 496 atque
549 444 599 480 ut
618 435 662 479 id
681 435 874 493 accipere
892 442 1156 489 mereantur,
1178 436 1375 492 Paganos
1405 448 1448 476 se

58 522 148 552 esse
173 506 493 567 respondeant3
521 522 621 568 quae
643 522 728 551 vox
760 521 815 550 ne
845 504 1101 565 procederet
1123 503 1178 548 de
1199 519 1274 548 ore
1307 503 1447 547 chris-

62 580 200 634 tiano,
225 588 371 624 tantus
393 579 567 637 sanguis
588 582 830 636 Martyrum
857 576 976 622 susus
998 586 1062 621 est
1088 595 1097 621 ε
1136 575 1297 620 deinde
1329 575 1452 635 quasi

59 651 255 695 renovati
286 659 329 694 ct
350 651 472 710 quasi
497 649 768 704 sanctificati,
796 647 1053 708 disciplinae,
1073 662 1204 708 quam
1228 645 1340 690 ferre
1362 661 1453 690 non

58 730 315 782 potuerunt,
336 722 571 765 deteriores
593 722 714 775 facti,
735 720 816 765 sub
844 721 986 779 specie
1000 734 1125 764 novae
1144 719 1306 778 gratiae,
1327 717 1455 762 sacri-

58 790 169 850 legio
191 793 293 837 novi
317 792 476 836 furoris
497 791 724 836 insultent.
750 794 839 836 Aut
866 791 901 835 si
934 790 1048 835 male
1069 790 1200 846 facio,
1237 805 1314 849 per
1333 798 1452 833 tuam

58 863 410 908 benevolentiam
433 864 513 907 ista
528 863 785 923 corrigenda
806 879 974 917 curare,
999 861 1053 906 de
1077 877 1147 906 me
1164 860 1312 905 nullus
1333 876 1455 920 quae-

58 944 195 991 ratur,
217 936 252 979 si
274 936 369 980 haec
385 935 447 979 illi
466 935 649 995 perferri
679 935 725 977 in
748 934 948 978 notitiam
971 948 1047 992 per
1069 931 1239 976 codices
1256 930 1454 990 publicos

57 1006 218 1061 fecero⁷
251 1007 327 1066 qui
360 1006 466 1051 mihi
496 1005 668 1064 negari,
703 1013 754 1048 ut
774 1004 961 1049 arbitror
983 1004 1027 1048 in
1050 1006 1248 1048 Romana
1281 1002 1455 1047 civitate

58 1091 147 1122 non
165 1087 350 1137 possunt
365 1080 472 1135 (19).
489 1080 598 1124 Nam
627 1092 727 1121 cum
748 1080 863 1121 Deus
885 1077 1071 1137 imperet
1087 1085 1137 1121 ut
1154 1075 1392 1137 loquantur
1414 1083 1458 1118 et

58 1148 345 1206 praedicemus
355 1150 556 1204 verbum,
578 1157 622 1192 et
640 1147 847 1193 docentes
863 1164 962 1209 quae
985 1163 1074 1192 non
1092 1155 1265 1208 oportet
1287 1145 1459 1190 refella-

59 1234 180 1275 mus,
204 1230 247 1264 et
266 1221 474 1265 instemus
502 1229 750 1280 opportune
773 1230 905 1281 atque
926 1220 1201 1280 importune,
1228 1218 1338 1262 sicut
1368 1220 1458 1261 Do-

60 1289 230 1335 minicis
263 1301 306 1335 et
344 1291 598 1352 Apostolicis
635 1291 789 1336 litteris
832 1291 972 1351 probo
990 1326 1000 1346 ‚
1038 1290 1187 1335 nullus
1224 1288 1458 1333 hominum

61 1362 167 1406 mihi
212 1362 432 1408 silentium
473 1363 528 1408 de
568 1363 635 1407 his
666 1363 796 1407 rebus
815 1361 1169 1422 persuadendum
1204 1360 1456 1405 arbitretur.

62 1432 286 1477 Violenter
309 1443 456 1479 autem
483 1434 554 1480 vel
571 1434 884 1479 latrocinanter
909 1434 942 1478 si
963 1432 1070 1494 quid
1094 1431 1348 1477 audendum
1372 1445 1458 1489 pu-

63 1505 263 1560 taverint,
278 1521 367 1550 non
378 1506 517 1550 deerit
531 1507 743 1551 Dominus
761 1504 1040 1550 adtuendam
1060 1503 1297 1549 Ecclesiam
1316 1515 1455 1555 suam,

62 1576 137 1635 qui
156 1577 263 1635 jugo
284 1593 362 1622 suo
385 1577 430 1621 in
455 1579 618 1636 gremio
641 1579 733 1638 ejus
757 1586 851 1622 toto
872 1576 977 1621 orbe
1000 1575 1163 1620 diffuso
1194 1573 1339 1619 omnia
1371 1581 1458 1616 ter-

0 1683 10 1697 ,Ᾰ
63 1661 164 1690 rena
180 1663 312 1706 regna
336 1649 533 1708 subjecit.

0 1704 5 1720 Ι
122 1720 197 1761 IV.
225 1720 336 1763 Nam
358 1735 456 1763 cum
497 1719 689 1764 ecclesiae
719 1717 900 1778 quidam
936 1716 1117 1762 colonus
1146 1715 1279 1759 filiam
1310 1727 1456 1767 suam,

62 1804 161 1848 quae
184 1790 300 1848 apud
328 1806 404 1835 nos
427 1789 570 1835 fuerat
598 1791 929 1844 catechumena,
955 1798 998 1833 et
1020 1788 1074 1832 ab
1096 1787 1178 1831 illis
1201 1787 1379 1831 seducta
1397 1793 1462 1829 est

64 1860 208 1905 invitis
231 1862 512 1920 parentibus,
539 1872 588 1907 ut
618 1862 681 1906 ibi
704 1862 921 1921 baptizata
958 1861 1087 1904 etiam
1123 1855 1461 1903 sanctimonialis

64 1931 248 1977 formam
264 1934 518 1994 susciperet,
545 1934 599 1978 ad
616 1934 973 1978 communionem
996 1929 1257 1976 catholicam
1279 1937 1461 1988 paterna

0 2015 5 2031 ’
65 2002 195 2048 vellet
209 2006 435 2050 severitate
450 2021 669 2061 revocare,
690 2014 733 2049 et
750 2020 831 2063 ego
849 2004 1079 2048 foeminam
1097 2010 1316 2060 corruptae
1337 2014 1462 2044 men-

0 2070 3 2118 ἓ
64 2074 117 2118 tis
137 2076 219 2120 nisi
254 2076 511 2137 volentem2
534 2086 579 2122 et
608 2076 749 2121 libero
782 2076 959 2120 arbitrio
995 2074 1173 2118 mellora
1197 2072 1461 2130 deligentem

65 2146 222 2205 suscipi
246 2146 504 2205 noluissem3
524 2147 598 2192 ille
616 2148 802 2192 rusticus
824 2147 952 2191 etiam
969 2145 1106 2205 plagis
1123 2144 1283 2188 instare
1305 2141 1458 2201 coepit,

65 2225 115 2260 ut
132 2217 214 2261 sibi
237 2218 326 2262 filia
343 2219 634 2277 consentiret3
660 2218 783 2280 quod
800 2218 944 2262 statim
967 2214 1223 2261 omnimodo
1245 2212 1340 2257 fieri
1364 2226 1464 2269 pro-

0 2304 3 2328 i
65 2286 218 2334 hibui:
243 2299 390 2334 tamen
421 2306 498 2350 per
523 2291 793 2350 Spanianum
816 2287 1143 2333 transeuntibus
1171 2285 1314 2338 nobis,
1340 2298 1462 2342 pres-

0 2376 1 2381 *
67 2356 341 2419 byteripsius
372 2370 487 2405 stans
510 2361 556 2405 in
579 2361 725 2406 medio
743 2359 883 2405 fundo
902 2358 1129 2403 catholicae
1159 2372 1207 2401 ac
1231 2353 1463 2400 laudabilis

69 2427 277 2486 foeminae,
303 2447 410 2476 voce
440 2431 815 2491 impudentissima
848 2440 945 2491 post
982 2445 1060 2474 nos
1098 2427 1317 2480 clamavit,
1344 2424 1466 2485 quod

70 2501 294 2546 traditores
314 2513 357 2548 et
376 2513 674 2562 persecutores
689 2519 902 2549 essemus:
923 2501 1045 2563 quod
1066 2500 1311 2546 convicium
1333 2497 1462 2541 etiam

69 2569 113 2615 in
147 2571 266 2617 illam
296 2573 524 2619 foeminam
558 2574 774 2635 jaculatus
806 2583 885 2629 est,
917 2589 1018 2633 quae
1054 2568 1373 2617 communionis
1404 2575 1467 2611 est
