1790 3187
195 246 248 273 DE
280 244 466 272 mviznsts
500 243 656 278 QcAEsT.
695 241 750 267 AD
781 242 1041 268 suffuciam.
1078 242 1160 267 mu.
1198 242 1227 267 1.
1329 228 1409 268 155

32 323 174 359 autem
188 310 532 370 praevaricatores
546 322 710 352 omnes.
732 310 864 350 Porro
879 308 953 367 qui
971 315 1234 365 acceperunt
1252 306 1407 365 legem,

32 382 312 444 praevaricant
340 394 433 422 eam
457 413 467 432 ,
510 379 590 421 nisi
621 393 696 436 per
728 378 908 436 gratiam
945 387 1267 437 consequantur
1289 392 1413 436 posse

33 453 150 515 quod
164 451 305 512 jubet.
340 452 401 493 Ita
434 449 513 504 fit,
546 458 594 492 ut
628 464 717 492 non
737 448 986 492 dominetur
1019 449 1078 492 eis
1105 448 1178 508 qui
1211 449 1298 507 jam
1331 449 1412 491 sub

35 525 165 585 gratia
180 530 296 575 sunt,
313 520 595 580 implentibus
610 535 702 564 eam
719 535 795 579 per
816 520 1086 574 charitatem,
1098 520 1173 579 qui
1194 527 1317 562 erant
1331 519 1412 563 sub

33 595 121 656 ejus
142 593 293 637 timore
315 591 522 634 damnati.

91 665 288 708 160.Nam
304 661 337 705 si
351 660 422 704 illa
436 677 536 720 quae
552 661 666 704 dicta
682 670 800 715 sunt,
818 670 1015 714 movent,
1027 671 1076 704 ut
1088 669 1266 720 putetur
1279 663 1413 719 Apos-

18 734 141 780 'tolus
154 736 288 792 legem
306 731 648 790 reprehendere,
673 731 779 791 quid
796 731 963 789 agimus
987 732 1042 774 de
1065 746 1115 774 eo
1137 730 1257 790 quod
1281 730 1409 774 dicit:

35 803 359 852 «condelector
379 804 495 846 enim
519 803 603 861 legi
633 803 707 846 Dei
730 802 972 846 secundum
994 803 1242 846 interiorem
1269 802 1414 845 homi-

33 896 53 919 »
75 877 330 920 nem?»Hoc
348 875 461 918 enim
478 873 640 929 dicens,
657 873 793 931 legem
814 874 966 933 utique
982 873 1149 922 laudat.
1167 873 1296 926 Quod
1314 887 1414 916 cum

31 947 89 992 illi
105 945 302 999 audiunt,
324 945 617 1004 respondent,
645 945 728 988 hoc
748 944 844 988 loco
863 944 1120 1003 Apostolum
1145 945 1200 987 de
1223 943 1303 987 alia
1318 943 1414 1002 lege

30 1018 169 1063 dicere
185 1053 195 1072 ‚
226 1016 270 1061 id
294 1026 381 1071 est,
408 1017 462 1060 (16
485 1017 580 1076 lege
598 1017 787 1070 Christi,
814 1032 900 1060 non
926 1015 980 1060 de
1002 1015 1075 1059 illa
1108 1031 1206 1075 quae
1229 1016 1329 1058 data
1352 1025 1414 1058 est

29 1089 201 1135 Judaeis.
228 1089 473 1142 Quaerimus
496 1103 597 1146 ergo
621 1089 676 1131 ab
693 1088 751 1131 eis
770 1123 779 1140 ‚
809 1088 863 1132 de
885 1104 970 1148 qua
998 1086 1091 1145 lege
1108 1087 1222 1131 dicat
1242 1123 1252 1141 ‚
1284 1106 1303 1128 «
1329 1090 1415 1130 Lex

33 1180 52 1203 »
82 1169 223 1204 autem
250 1159 510 1205 subintravit
527 1170 575 1203 ut
598 1158 843 1202 abundaret
866 1159 1074 1203 delictum
1096 1162 1105 1184 ¹
1130 1160 1148 1203 P
1173 1177 1191 1198 »
1215 1162 1415 1217 Respon-

31 1230 152 1285 dent,
174 1229 227 1274 de
245 1229 317 1273 illa
337 1229 487 1289 procul
513 1229 673 1283 dubio,
691 1245 822 1289 quam
848 1229 990 1273 Judaei
1009 1239 1283 1289 acceperunt.
1307 1228 1417 1272 Vide

31 1317 129 1361 ergo
153 1312 301 1345 utrum
330 1301 421 1360 ipsa
439 1302 493 1345 sit
510 1336 520 1355 ,
543 1302 597 1344 (16
619 1317 704 1360 qua
722 1301 883 1345 dicitur
904 1321 911 1345 :
944 1301 1219 1345 «Occasione
1240 1308 1415 1358 accepta

33 1392 52 1415 n
79 1382 301 1432 peccatum
341 1388 416 1431 per
452 1372 706 1416 mandatum
736 1381 964 1430 operatum
989 1381 1053 1414 est
1082 1372 1127 1414 in
1150 1386 1219 1414 me
1241 1385 1415 1414 omnem

33 1464 52 1486 »
78 1443 487 1503 concupiscentiam.
521 1462 540 1484 »
569 1443 680 1495 Quid
717 1452 781 1486 est
805 1444 918 1486 enim
950 1443 1103 1497 aliud,
1139 1462 1158 1484 «
1189 1453 1415 1502 operatum

36 1535 53 1555 »
83 1516 200 1559 estin
219 1530 287 1558 me
310 1530 482 1559 omnem
508 1514 901 1573 concupiscentiam
926 1536 936 1571 3
962 1533 981 1554 »
999 1530 1128 1574 quam
1151 1514 1195 1556 id
1217 1513 1336 1573 quod
1359 1513 1417 1555 ibi

32 1595 108 1640 est,
133 1606 151 1627 «
172 1595 220 1630 ut
237 1586 482 1630 abundaret
504 1586 748 1630 delictum?
770 1585 881 1629 Vide
899 1601 1077 1645 quoque
1101 1594 1247 1629 utrum
1265 1599 1419 1629 conso—

33 1666 104 1700 net
133 1657 262 1700 ctiam
285 1657 356 1700 illa
383 1657 594 1700 sententia
615 1692 625 1710 ,
648 1677 663 1694 «
695 1666 743 1699 ut
766 1657 842 1700 fiat
865 1672 993 1715 supra
1019 1656 1199 1699 modum
1219 1665 1420 1715 peccator

37 1746 56 1767 u
77 1736 149 1770 aut
164 1737 385 1785 peccatum
413 1742 489 1785 per
516 1728 789 1770 mandatum.
822 1745 840 1767 »
861 1729 952 1771 Hoc
975 1737 1038 1770 est
1061 1727 1174 1769 enirn
1189 1761 1200 1781 ,
1233 1748 1244 1766 a
1276 1736 1324 1770 ut
1346 1727 1422 1769 fiat

37 1815 55 1837 »
77 1812 204 1855 supra
225 1797 403 1840 modum
421 1796 826 1856 peccatum,»quod
846 1807 954 1850 est‚«
968 1807 1016 1840 ut
1031 1797 1274 1840 abundaret
1293 1796 1422 1840 delic-

37 1885 56 1908 n
77 1877 186 1910 tum.
204 1886 223 1907 »
253 1868 295 1912 Si
319 1868 454 1925 Igitur
474 1867 790 1911 ostenderimus
820 1868 984 1912 bonum
1023 1884 1112 1911 esse
1146 1867 1418 1920 mandatum,

37 1937 150 1981 unde
180 1939 404 1982 occasione
432 1948 607 1997 accepta
641 1947 866 1996 peccatum
897 1948 1125 1997 operatum
1150 1947 1213 1982 est
1247 1953 1421 1982 omnem

37 2008 424 2067 concupiscentiam
444 2044 454 2063 ⁷
482 2018 532 2052 ut
554 2009 677 2052 fieret
703 2024 831 2068 supra
852 2011 1029 2054 modum
1045 2031 1055 2067 3
1073 2009 1202 2053 simul
1225 2010 1423 2053 ostende-

28 2094 129 2136 *mus
158 2080 316 2122 bonam
348 2095 436 2122 esse
463 2079 599 2137 legem
619 2115 629 2133 ,
669 2096 767 2139 quae
803 2080 1064 2124 subintravit
1099 2090 1144 2124 ut
1179 2080 1424 2124 abundaret

39 2148 238 2193 delictum
256 2184 267 2204 ,
286 2149 330 2192 id
353 2160 417 2193 est
433 2185 442 2202 ‚
470 2160 519 2193 ut
537 2160 790 2209 operaretur
818 2161 1043 2210 peccatum
1069 2167 1242 2196 omnem
1259 2167 1421 2195 concu-

38 2221 301 2280 piscentiam,
315 2231 358 2265 et
377 2222 498 2265 fieret
516 2238 644 2281 supra
671 2222 866 2266 moduni.
888 2223 1079 2267 Audiant
1093 2239 1196 2282 ergo
1219 2222 1421 2266 eumdem

39 2291 288 2351 Apostolum
311 2293 549 2336 dicentem:
569 2313 586 2333 «
600 2293 714 2346 Quid
732 2310 834 2353 ergo
857 2295 1050 2338 dicemus
1063 2296 1080 2334 ⁴?
1093 2298 1180 2337 Lex
1195 2303 1421 2353 peccatum

44 2380 62 2401 »
84 2370 145 2405 est
167 2364 184 2406 Ξ)
208 2363 332 2406 Absit
355 2366 384 2405 ².
421 2382 439 2404 »
468 2366 583 2414 Hoc,
610 2364 842 2422 inquiunt,
869 2366 923 2408 de
950 2364 1044 2423 lege
1074 2365 1233 2409 Christi
1256 2365 1421 2409 dictum

41 2440 100 2502 est
126 2451 135 2476 ;
157 2432 239 2476 hoc
258 2443 344 2487 est,
372 2435 426 2477 dc
453 2433 548 2492 lege
568 2435 728 2492 gratiae.
757 2438 1065 2495 Respondeant
1095 2436 1241 2496 itaque
1266 2435 1320 2480 dc
1339 2452 1423 2496 qua

42 2501 280 2560 Intelligant
303 2503 428 2559 illud,
455 2505 574 2562 quod
596 2507 812 2565 sequitur:
839 2527 857 2547 «
876 2506 958 2549 Sed
982 2522 1062 2564 ego
1086 2517 1311 2565 peccatum
1339 2523 1424 2551 non

90 2593 96 2609 ¹
120 2589 208 2619 Rom.
231 2599 260 2628 v,
281 2598 333 2621 ¹20.
353 2606 391 2611 —-—
407 2596 417 2610 ²
439 2590 482 2621 ld.
503 2600 558 2627 vn,
579 2601 608 2629 7.

34 2651 40 2836 ἱ

38 2886 42 2998 3

41 3087 44 3114 Ι

41 3119 45 3187 l
