1790 3187
608 246 807 274 EvisToLA
840 248 994 274 xnvui.
1423 234 1508 276 469

180 314 259 355 Ιῐῐ.
297 313 404 354 Item
427 326 524 354 cum
550 310 715 370 aliquid
738 320 911 354 strenue
941 321 1072 371 atque
1100 310 1295 354 alacriter
1317 312 1442 369 agitis
1463 320 1507 356 et

118 382 298 440 impigre
325 381 592 440 operamini,
619 381 707 425 sive
737 381 781 424 in
814 381 1082 424 orationibus
1100 416 1110 435 ‚
1136 380 1222 425 sive
1245 381 1290 423 in
1308 382 1501 440 jejuniis,

117 452 206 496 sive
229 452 274 495 in
297 452 604 509 eleemosynis3
638 452 705 496 vel
726 451 964 496 tribuentes
991 451 1154 511 aliquid
1176 451 1473 510 indigentibus
1492 487 1503 507 ‚

116 521 185 567 vel
215 521 426 567 donantes
456 523 659 582 injurias,
690 522 800 567 sieut
834 532 877 567 et
907 526 1020 566 Deus
1046 523 1091 566 in
1120 522 1294 568 Christo
1326 521 1507 567 donavit

116 593 270 651 nobis3
301 594 389 637 sive
429 593 655 638 domantes
687 594 946 653 perniciosas
980 593 1345 648 eonsuetudines,
1374 593 1508 637 casti-

117 673 353 723 gantesque
385 680 569 723 corpus,
603 674 645 709 et
677 665 871 710 servituti
905 666 1208 725 subjiciente33
1246 665 1333 709 sive
1365 665 1502 709 suffe-

117 744 256 779 rentes
280 735 607 780 tribulationem
627 771 636 789 ,
664 746 706 781 et
728 745 828 780 ante
851 736 995 781 omnia
1018 752 1092 781 vos
1120 737 1232 796 ipsos
1253 736 1440 780 invicem
1462 736 1508 779 in

116 803 371 863 dilectione3
395 807 530 866 (quid
555 807 669 851 enim
691 807 870 852 sufferat
893 807 966 867 qui
986 807 1161 851 fratrem
1187 822 1274 851 non
1298 806 1509 864 sufferti‘)

115 875 203 921 sive
238 878 545 936 prospieientes
582 879 782 922 astutiam
816 888 948 938 atque
979 879 1155 922 insidias
1186 879 1432 932 tentatoris,
1466 886 1510 921 et

115 956 237 991 scuto
261 947 360 991 fidei
376 948 520 1008 jacula
550 950 640 1008 ejus
663 949 798 1006 ignita
829 948 1087 1006 repellentes
1110 957 1152 991 et
1180 948 1506 1004 extinguentes3

114 1017 203 1060 sive
224 1027 448 1062 cantantes
466 1028 508 1062 et
531 1018 760 1077 psallentes
776 1019 821 1062 in
838 1018 1044 1062 cordibus
1066 1018 1216 1063 vestris
1236 1019 1421 1062 Domino
1441 1017 1509 1062 vel

57 1118 60 1121 ι
115 1089 295 1133 vocibus
313 1105 335 1133 a
353 1090 484 1134 eorde
500 1106 588 1134 non
606 1089 789 1134 dissonis
807 1125 817 1144 ‚
843 1090 986 1134 omnia
1005 1090 1049 1133 in
1066 1089 1245 1148 gloriam
1272 1090 1346 1133 Dei
1363 1087 1509 1145 facite,

115 1159 191 1218 qui
215 1169 420 1219 operatur
437 1161 580 1205 omnia
604 1161 651 1203 in
672 1160 902 1217 omnibus3
924 1169 1055 1221 atque
1077 1160 1134 1203 ita
1152 1159 1317 1203 fervete
1339 1160 1510 1219 spiritu,

113 1238 163 1272 ut
184 1231 228 1273 in
260 1231 446 1275 Domino
476 1230 680 1275 laudetur
703 1232 846 1275 anima
870 1240 1023 1275 vestra.
1054 1233 1151 1289 Ipse
1175 1239 1239 1274 est
1261 1230 1377 1274 enim
1401 1229 1514 1274 actio

115 1301 219 1344 recti
253 1301 440 1356 itineris,
482 1318 581 1360 quae
612 1301 760 1346 oeulos
798 1317 966 1361 semper
996 1302 1129 1345 habet
1158 1300 1215 1345 ad
1247 1301 1510 1355 Dominum,

113 1372 320 1431 quoniam
354 1373 445 1432 ipse
473 1373 629 1417 evellet
662 1372 717 1417 de
752 1372 910 1433 laqueo
946 1372 1092 1432 pedes.
1131 1372 1244 1416 Talis
1287 1373 1399 1416 actio
1435 1386 1515 1415 nec

113 1440 329 1500 frangitur
352 1443 529 1501 negotio
546 1478 557 1498 ‚
590 1459 671 1488 nee
706 1442 861 1501 frigida
894 1453 957 1487 est
979 1444 1093 1498 otio,
1120 1458 1198 1487 nec
1224 1441 1477 1487 turbulenta
1499 1477 1510 1497 ‚

113 1527 194 1557 nee
229 1513 420 1558 marcida
452 1523 544 1572 est3
577 1530 657 1558 nec
689 1514 848 1569 audax,
887 1529 967 1558 neo
998 1513 1152 1572 fugax,
1185 1529 1266 1557 nec
1289 1527 1510 1571 praeceps,

113 1598 193 1627 nec
211 1585 374 1643 jacens.
406 1587 507 1628 Haec
531 1586 644 1643 agite
661 1620 672 1639 ,
693 1594 736 1628 et
760 1588 872 1628 Deus
890 1585 1010 1644 pacis
1034 1585 1115 1628 erit
1136 1584 1380 1628 vobiscum.

176 1657 251 1699 IV.
287 1658 375 1701 Nec
412 1656 712 1714 importunum
748 1671 817 1700 me
857 1656 1071 1700 existimet
1112 1655 1296 1698 charitas
1338 1663 1513 1710 vestra3

115 1727 217 1786 quia
252 1728 374 1771 vobis
410 1728 477 1771 vel
504 1743 579 1786 per
602 1727 829 1785 epistolam
854 1727 974 1786 loqui
1001 1727 1136 1771 volui.
1163 1729 1261 1771 Non.
1291 1726 1406 1769 enim
1430 1725 1515 1768 hoc

115 1813 192 1841 vos
211 1799 363 1841 monui
381 1833 390 1852 ,
417 1798 534 1857 quod
553 1814 628 1842 vos
650 1814 738 1843 non
758 1799 944 1842 arbitror
963 1796 1104 1842 faeere
1128 1816 1135 1842 :
1162 1797 1236 1841 sed
1257 1795 1424 1841 credidi
1445 1810 1516 1839 me

117 1883 204 1911 non
226 1883 378 1926 parum
407 1869 702 1912 commendari
728 1872 818 1912 Deo
840 1885 862 1912 a
887 1870 1009 1912 vobis
1039 1888 1047 1912 :
1073 1869 1106 1911 si
1131 1883 1178 1912 ea
1201 1883 1301 1926 quae
1335 1880 1518 1910 munere

116 1937 233 1982 illius
267 1937 430 1993 facitis,
461 1955 561 1983 cum
589 1938 866 1983 allocutionis
896 1948 1056 1984 nostrae
1090 1939 1298 1983 memoria
1332 1937 1513 1982 faciatis.

115 2010 224 2053 Nam
252 2018 294 2052 et
318 2018 418 2053 ante
443 2011 532 2068 jam
553 2008 695 2062 fama,
729 2019 771 2053 et
804 2025 921 2053 nunc
958 2011 1112 2054 fratres
1143 2012 1219 2069 qui
1242 2017 1458 2052 venerunt
1491 2022 1515 2051 a

64 2116 67 2117 ν
118 2079 239 2123 vobis
269 2080 491 2124 Eustasius
519 2089 561 2124 et
592 2081 812 2134 Andreas,
849 2081 1015 2124 bonum
1044 2080 1205 2125 Christi
1243 2079 1421 2123 odorem
1460 2077 1514 2121 de

118 2159 257 2193 vestra
286 2161 433 2195 saneta
471 2151 798 2194 conversatione
829 2151 882 2194 ad
917 2166 994 2194 nos
1016 2151 1274 2194 attulerunt.
1314 2152 1512 2201 Quorum

118 2223 342 2265 Eustasius
366 2222 409 2264 in
433 2237 526 2264 eam
552 2224 744 2281 requiem
769 2222 1010 2280 praecessit,
1037 2236 1136 2280 quae
1160 2219 1290 2263 nullis
1310 2218 1516 2262 fluetibus

119 2292 230 2336 sicut
251 2292 391 2335 insula
416 2292 637 2347 tunditur,
664 2307 744 2337 nec
769 2292 1018 2351 Caprariam
1049 2291 1287 2347 desiderat,
1313 2292 1413 2350 quia
1436 2304 1516 2333 nec

121 2360 262 2406 cilicio
284 2363 373 2420 jam
396 2362 554 2421 quaarit
577 2362 714 2406 indui.
