1790 3187
581 183 778 210 EPISTOLA
814 184 874 209 xr.
1339 172 1420 208 277

0 273 7 314 't
35 251 305 313 potuerimus
330 248 382 293 ad
406 259 464 303 te,
489 247 557 293 vel
588 259 635 292 tu
657 263 755 292 cum
787 248 977 307 potueris
1006 245 1059 290 ad
1083 259 1161 290 nos
1184 247 1425 291 necessario

35 332 244 368 venturus
266 321 334 364 sis.
359 320 470 363 Hinc
491 334 610 378 ergO,
626 329 674 363 ut
698 319 803 374 dixi,
825 334 1002 363 securus
1021 318 1202 362 effectus
1222 317 1425 362 conside-

36 392 124 437 ravi
147 406 297 435 omnes
319 389 518 449 epistolas
546 399 656 443 tuas,
676 399 725 433 ut
747 389 937 433 viderem
961 403 1148 449 quarum
1176 387 1426 447 responsio-

0 469 10 514 ἰς
36 477 139 508 num
159 462 330 505 debitor
350 461 445 504 sim.
462 463 511 503 In
531 460 690 519 quibus
707 470 794 503 tarn
809 459 966 504 multas
982 459 1244 520 quaestiones
1266 458 1424 517 reperi,

0 554 4 564 ·
37 543 87 579 ut
117 533 246 576 etiam
277 532 309 575 si
334 530 459 576 facile
496 530 668 575 dissolvi
696 541 886 590 possent,
922 533 1014 591 ipso
1051 545 1205 575 acervo
1237 529 1428 590 cujusvis

0 625 10 656 t
36 603 260 662 ingenium
282 603 510 662 otiumque
530 612 800 661 superarent.
826 604 931 645 Tam
960 618 1064 647 vero
1085 600 1283 645 difficiles
1306 608 1427 654 sunt,

0 700 10 734 ,Υ
36 683 85 719 ut
106 683 149 717 et
175 674 210 718 si
238 689 321 717 una
353 689 502 717 carum
536 673 643 716 milii
681 683 791 716 esset
814 672 1033 731 imposita,
1067 687 1155 715 non
1179 671 1428 714 dubitarem

0 753 4 797 i
37 760 105 789 me
127 743 450 788 onustissimum
477 743 690 787 confiteri.
719 746 811 787 Hoc
846 752 991 787 autem
1016 743 1279 802 prooemium
1303 740 1355 784 ad
1385 739 1430 783 id

0 839 15 882 t*
36 815 167 872 valet,
189 824 238 858 ut
257 815 464 873 tantisper
488 813 657 857 desinas
686 829 798 857 nova
827 828 1044 872 quaerere,
1065 811 1206 855 donec
1229 820 1322 854 toto
1345 825 1430 853 aere

0 885 16 947 ,i
38 885 179 930 alieno
201 885 464 937 liberemur,
497 892 538 926 et
569 884 623 926 de
652 884 744 927 solo
772 882 941 942 judicio
970 891 1047 926 tuo
1070 881 1175 924 mibi
1201 880 1426 923 rescribas.

0 946 16 1013 [i
37 958 297 1015 Quanquam
321 956 408 998 scio
430 969 559 1013 quam
584 953 637 997 sit
660 955 888 997 adversum
914 968 998 1007 me,
1020 952 1096 1012 qui
1116 960 1289 994 tuarum
1316 949 1430 994 divi-

0 1045 17 1083 15¹
38 1042 187 1071 narum
207 1026 520 1083 cogitationum
536 1024 604 1067 vel
623 1023 833 1083 tantisper
849 1024 1064 1083 particeps
1082 1037 1171 1066 esse
1194 1020 1367 1064 differo.

95 1099 153 1141 ΙΙ.
179 1097 338 1154 Accipe
378 1096 510 1154 igitur
555 1095 662 1156 quid
693 1096 801 1139 mihi
839 1096 1040 1140 videatur
1073 1094 1128 1138 de
1158 1093 1433 1151 susceptione

14 1185 16 1187 ’
39 1167 224 1212 hominis
249 1167 448 1225 mystica,
474 1182 604 1226 quam
630 1176 807 1225 propter
839 1166 1021 1210 salutem
1057 1175 1249 1209 nostram
1273 1165 1433 1208 factam

38 1252 126 1282 esse
142 1237 306 1295 religio,
324 1254 408 1297 qua
422 1237 577 1281 imbuti
590 1253 755 1291 sumus,
768 1235 1036 1281 credendum
1056 1234 1431 1293 cognoscendum-

0 1327 13 1344 ·
39 1324 124 1370 que
151 1308 430 1352 commendat
452 1328 460 1353 ε
488 1325 620 1368 quam
640 1309 925 1369 quaestionem
950 1325 1038 1353 non
1066 1307 1315 1352 facillimam
1335 1320 1434 1349 om-

40 1381 158 1424 nium
172 1380 379 1438 elegi,cui
396 1380 663 1439 potissimum
684 1379 1092 1438 responderem.llla
1113 1393 1318 1437 namque,
1334 1391 1435 1436 quae

41 1450 95 1495 de
114 1451 196 1494 hoc
215 1451 383 1494 mundo
405 1461 682 1510 quaeruntur,
698 1465 778 1494 nec
793 1450 892 1493 satis
907 1449 960 1493 ad
988 1451 1154 1492 beatam
1174 1450 1307 1491 vitam
1324 1445 1435 1491 obti-

40 1523 227 1564 nendam
245 1522 351 1564 mihi
365 1522 570 1565 videntur
588 1520 802 1580 pertinere
819 1540 829 1574 3
846 1529 888 1563 et
907 1520 939 1563 si
959 1519 1122 1579 aliquid
1145 1519 1338 1562 afferunt
1360 1532 1436 1561 vo-

39 1591 342 1652 luptatis,cum
363 1593 691 1651 investigantur,
710 1590 994 1635 metuendum
1005 1601 1224 1634 esttamen
1242 1604 1437 1633 neoccu-

7 1695 14 1728 '.
39 1674 144 1724 pent
166 1674 338 1723 tempus
353 1665 480 1708 rebus
495 1663 838 1723 impendendum
857 1661 1436 1716 melioribus.Quamobrcm

40 1736 160 1795 quod
183 1736 238 1779 ad
261 1737 344 1780 hoc
361 1737 549 1794 pertinet
566 1744 813 1793 susceptum
829 1734 873 1777 in
898 1733 1143 1792 praesentia,
1161 1734 1281 1792 prius
1304 1732 1438 1775 miror

40 1815 83 1851 te
97 1822 187 1850 csse
207 1816 585 1858 commotum,cur
604 1822 692 1849 non
715 1809 841 1849 Pater
860 1804 934 1848 sed
955 1804 1089 1848 Filius
1113 1805 1282 1848 dicatur
1295 1802 1438 1846 horni-

41 1892 140 1922 nem
161 1878 413 1936 suscepisse,
441 1877 516 1921 sed
539 1878 669 1920 etiam
696 1877 877 1935 Spiritus
893 1886 1081 1920 sanctus.
1105 1878 1212 1920 Nam
1237 1875 1316 1918 ista
1344 1873 1438 1917 Tri-

42 1949 151 1993 nitas
170 1948 382 1994 catholica
408 1948 493 1992 fide
513 1949 572 1992 ita
595 1947 895 2007 inseparabilis
918 1947 1255 1991 commendatur
1279 1955 1321 1989 et
1344 1960 1438 1990 cre-

0 2061 4 2074 ,
46 2019 177 2074 ditur,
196 2021 254 2064 ita
279 2021 407 2063 etiam
431 2035 452 2062 a
476 2019 625 2078 paucis
651 2019 809 2063 sanctis
831 2019 1058 2078 beatisque
1081 2017 1364 2076 intelligitur,
1389 2024 1440 2060 ut

0 2083 12 2122 '.
46 2091 259 2151 quidquid
278 2093 332 2135 ab
349 2107 396 2134 ea
415 2092 478 2143 fit,
498 2090 625 2134 simul
643 2091 731 2133 fieri
750 2091 803 2134 sit
820 2091 1175 2143 existimandum,
1190 2100 1232 2132 et
1250 2105 1271 2132 a
1293 2092 1435 2142 Patre,

47 2170 90 2206 et
110 2179 131 2206 a
156 2163 294 2216 Filio,
320 2172 362 2206 et
393 2178 414 2205 a
450 2162 612 2221 Spiritu
645 2171 810 2206 sancto.
854 2165 943 2206 Nec
986 2162 1227 2222 quidquam
1266 2163 1438 2204 Patrem

10 2257 13 2263 ·
48 2231 202 2286 facere,
229 2232 349 2291 quod
381 2248 470 2276 non
501 2242 543 2276 et
564 2232 697 2275 Filius
719 2242 761 2276 et
780 2233 964 2291 Spiritus
992 2242 1182 2285 sanctus,
1201 2247 1281 2275 nec
1305 2229 1440 2290 quid-

50 2317 176 2361 quam
204 2303 411 2362 Spiritum
433 2312 647 2353 sanctum,
665 2303 785 2362 quod
802 2318 889 2346 non
912 2313 955 2345 et
980 2306 1105 2346 Pater
1128 2313 1168 2345 et
1193 2301 1343 2354 Filius,
1361 2314 1441 2343 nec

50 2371 286 2432 quidquam
310 2372 488 2425 Filium,
514 2374 634 2432 quod
658 2389 744 2417 non
769 2382 811 2416 et
838 2376 961 2416 Pater
984 2383 1026 2416 et
1051 2373 1234 2432 Spiritus
1266 2380 1441 2414 sanctus

51 2441 194 2486 faciat.
214 2446 277 2487 Ex
295 2460 384 2503 quo
406 2444 580 2487 videtur
602 2459 692 2487 esse
723 2459 1015 2503 consequens,
1040 2453 1089 2487 ut
1110 2443 1330 2486 hominem
1352 2440 1441 2483 Tri-

53 2511 161 2556 nitas
181 2523 267 2556 tota
294 2514 527 2573 susceperit
553 2533 560 2557 ς
585 2529 681 2556 nam
708 2514 738 2556 si
763 2512 897 2557 Filius
922 2513 1123 2571 suscepit,
1150 2516 1273 2556 Pater
1295 2519 1437 2554 autem

0 2413 15 2443 lt
