1790 3187
319 218 404 263 374
751 231 782 258 s.
819 226 1050 259 Aucus'nm
1084 230 1263 264 nasoon

319 296 390 351 tri,
414 295 633 339 honorant
660 307 735 338 vos
758 292 907 338 nostri.
932 295 1013 338 Per
1035 308 1241 339 coronam
1261 302 1453 339 nostram
1476 310 1555 341 nos
1575 295 1702 357 adju·-

320 374 420 410 rant
456 365 605 419 vestri,
643 378 719 423 per
750 377 955 408 coronam
985 373 1173 409 vestram
1206 378 1281 409 vos
1316 363 1518 425 adjurant
1547 367 1699 414 nostri.

321 437 530 482 Omnium
550 434 682 479 verba
705 434 981 495 suscipimus,
1007 434 1227 479 neminem
1244 434 1466 488 offendere
1482 437 1700 487 volumus.

323 508 440 562 Quid
456 523 533 552 nos
551 506 666 552 solus
684 506 880 551 Christus
898 506 1232 567 offendit,cujus
1244 506 1440 552 membra
1462 506 1706 557 laniamus?

321 582 378 629 Et
397 579 594 624 homines
617 577 795 641 quidem
812 593 960 624 causas
980 593 1076 623 suas
1097 578 1323 623 saeculares
1343 577 1461 638 apud
1483 593 1561 623 nos
1583 579 1707 625 finire

321 652 561 712 cupientes,
588 650 766 711 quando
786 651 843 694 eis
865 649 1092 695 necessarii
1111 650 1340 705 fuerimus,
1362 650 1421 693 sic
1437 664 1516 694 nos
1537 659 1708 697 sanctos

322 732 365 768 et
393 722 470 766 Dei
491 737 636 768 servos
665 721 908 781 appellant,
935 731 985 766 ut
1005 721 1177 779 negotia
1199 730 1327 765 terrae
1348 736 1437 765 suae
1458 729 1670 780 peragant
1695 739 1705 767 ι

324 795 561 854 aliquando
583 809 758 852 agamus
775 803 817 838 et
835 809 913 838 nos
928 794 1152 852 negotium
1169 791 1317 837 salutis
1333 801 1491 837 nostrae
1502 801 1545 836 et
1560 791 1709 837 salutis

324 867 536 927 ipsorum,
562 881 653 911 non
672 865 726 909 de
749 880 855 909 auro
869 900 880 920 ,
901 880 991 909 non
1012 864 1067 908 de
1086 873 1264 922 argento
1283 899 1293 919 ,
1317 879 1407 908 non
1426 864 1481 908 de
1505 862 1651 908 fundis
1669 870 1712 907 et

325 939 556 999 pecoribus
572 971 584 991 ,
624 952 704 996 pro
733 936 894 995 quihus
931 936 1059 979 rebus
1093 935 1290 996 quotidie
1327 935 1538 979 submisso
1573 934 1714 993 capite

325 1009 582 1062 salutamur,
612 1015 662 1051 ut
686 1007 967 1051 dissensiones
990 1007 1219 1051 hominum
1250 1006 1548 1060 terminemus,
1567 1006 1643 1050 sed
1660 1003 1715 1048 de

328 1082 421 1140 ipso
453 1080 594 1137 capite
615 1087 762 1122 nostro
786 1087 870 1122 tam
895 1079 1032 1136 turpis
1061 1078 1173 1121 inter
1195 1092 1273 1122 nos
1294 1087 1336 1121 ct
1357 1077 1596 1136 perniciosa
1625 1074 1717 1120 dis-

328 1150 468 1197 sentio
496 1158 574 1193 est.
601 1149 935 1203 Quantumlibet
956 1149 1094 1207 capita
1112 1148 1373 1195 submittant
1398 1147 1474 1208 qui
1495 1161 1573 1191 nos
1599 1145 1717 1190 salu-

330 1231 451 1276 tant,
477 1229 526 1264 ut
549 1235 620 1265 eos
654 1220 890 1265 concordes
917 1219 963 1263 in
983 1229 1096 1263 terra
1118 1218 1348 1275 faciamus,
1370 1218 1425 1262 de
1446 1217 1558 1263 coelo
1580 1231 1719 1276 usque

333 1294 390 1339 ad
412 1308 585 1341 crucem
609 1293 872 1340 submissum
891 1302 956 1337 cst
976 1301 1107 1351 caput
1124 1301 1339 1347 nostrum,
1365 1291 1410 1335 in
1429 1305 1518 1351 quo
1537 1303 1721 1334 concor-

334 1364 409 1409 des
422 1380 511 1409 non
525 1379 689 1408 sumus.

392 1438 470 1480 VI.
497 1439 620 1494 Rogo
637 1445 680 1479 tc
703 1444 832 1494 atque
861 1434 1056 1489 obsecro,
1082 1434 1116 1478 si
1133 1433 1257 1477 estin
1279 1442 1322 1476 te
1345 1432 1489 1492 aliqua
1513 1428 1722 1476 humani-

335 1516 423 1563 tas,
454 1523 586 1566 quam
609 1506 738 1550 multi
760 1503 1022 1564 praedicant,
1044 1505 1113 1548 hic
1136 1512 1339 1563 appareat
1360 1503 1532 1547 bonitas
1563 1511 1663 1556 tua,
1688 1499 1724 1544 si

336 1595 426 1625 non
445 1587 622 1638 propter
643 1578 830 1621 honores
851 1576 1118 1620 transitorios
1140 1574 1384 1629 simulatur,
1402 1583 1452 1618 ut
1465 1571 1722 1617 contremis-

339 1659 440 1696 cant
468 1651 515 1694 in
551 1659 594 1693 te
625 1649 787 1693 viscera
825 1645 1146 1700 misericordiae,
1169 1655 1213 1689 ct
1243 1644 1347 1689 velis
1379 1641 1615 1703 aliquando
1633 1655 1724 1685 rem

341 1721 501 1766 discuti
522 1719 725 1765 instando
747 1718 977 1763 nobiscum
1000 1715 1284 1770 orationibus,
1313 1723 1357 1758 et
1387 1713 1531 1758 omnia
1549 1711 1728 1771 pacifice

341 1792 609 1838 conserendo
635 1810 644 1836 2
669 1805 724 1834 ne
749 1789 916 1834 miserae
953 1787 1101 1847 plebes
1118 1822 1129 1842 ,
1161 1802 1260 1846 quae
1296 1784 1452 1830 nostris
1489 1782 1728 1827 honoribus

344 1865 665 1925 obsequuntur,
698 1870 899 1922 premant
920 1875 998 1904 nos
1017 1859 1235 1918 obsequiis
1255 1857 1342 1902 suis
1363 1858 1408 1901 in
1429 1854 1594 1916 judicio
1622 1853 1726 1909 Dei,

345 1935 421 1979 sed
442 1935 586 1994 potius
618 1943 764 1979 nostra
794 1947 883 1976 non
907 1931 1006 1974 ficta
1034 1929 1242 1974 charitate
1265 1929 1493 1973 nobiscum
1517 1931 1729 1970 revocatae

347 2006 402 2048 ab
426 2005 643 2048 erroribus
665 2012 709 2047 et
730 2002 1082 2056 dissensionibus,
1104 2001 1150 2044 in
1169 1999 1359 2046 veritatis
1379 2007 1422 2041 et
1442 1996 1556 2057 pacis
1577 1995 1731 2039 itinera

348 2075 604 2132 dirigantur.
639 2075 755 2132 Opto
783 2081 825 2117 te
856 2087 1002 2116 coram
1038 2070 1173 2115 oculis
1206 2070 1284 2115 Dei
1308 2069 1485 2114 beatum
1513 2080 1620 2123 esse,
1644 2066 1733 2110 Do-

347 2146 463 2192 mine
484 2143 750 2192 honorabilis
771 2153 815 2190 et
835 2143 1126 2189 dilectissime.
1161 2145 1163 2148 ’
