1790 3187
313 216 397 257 438
743 228 776 253 s.
811 223 1042 256 Aucus-nm
1074 227 1258 257 EPISCOPI

311 293 548 342 custoditos
559 293 662 338 fecit
670 292 969 339 Mediolanum
979 295 1220 354 pervenire,
1235 296 1333 347 Quo
1345 309 1446 340 cum
1459 295 1589 340 etiam
1603 297 1696 343 Cae-

315 365 496 412 cilianus
512 365 725 420 venisset,
743 364 885 424 ipsum
906 380 1107 426 quoque,
1131 367 1244 411 sicut
1264 366 1434 426 scripsit
1449 402 1460 422 ,
1477 367 1692 424 exhibuit,

311 437 574 497 cognitaque
590 450 716 480 causa
728 470 739 491 ,
757 450 843 496 qua
861 435 1084 496 diligentia
1096 471 1108 492 ,
1129 452 1216 497 qua
1234 436 1402 481 cautela
1417 472 1428 493 ,
1449 453 1533 497 qua
1550 439 1694 498 provi-

312 508 449 563 sione,
475 508 583 551 sicut
605 507 696 566 ejus
710 506 905 551 indicant
926 507 1082 551 litterae
1100 541 1111 562 ,
1131 507 1411 552 Caecilianum
1429 509 1696 554 innocentis-

313 579 501 634 simum,
527 578 624 622 illos
638 577 978 637 improbissimos
995 578 1221 639 judicavit.

370 651 494 694 XXI.
530 650 588 693 Et
612 648 757 692 adhuc
780 647 1003 708 baptizant
1028 658 1146 693 extra
1170 648 1406 694 Ecclesiam
1422 683 1434 705 ,
1468 657 1512 693 et
1538 650 1573 693 si
1598 664 1698 709 pos-

310 720 397 765 sint
429 718 699 778 rebaptizant
726 718 992 777 Ecclesiam,
1023 719 1265 764 sacrificant
1285 719 1331 763 in
1363 718 1624 764 dissentione
1657 728 1700 765 et

310 790 541 835 schismate
559 824 569 844 ,
595 799 639 834 et
660 789 777 849 pacis
791 790 968 834 nomine
989 788 1176 849 populos
1193 789 1403 844 salutant,
1424 805 1533 850 quos
1551 805 1573 834 a
1594 805 1700 849 pace

309 861 458 906 salutis
479 860 784 905 exterminant.
806 860 1114 906 Conscinditur
1130 861 1276 905 unitas
1297 861 1480 918 Christi,
1505 860 1701 921 blasphe-

309 941 454 976 matur
482 930 711 975 haereditas
735 932 926 989 Christi,
951 932 1182 976 exufflatur
1204 932 1416 991 baptisma
1441 932 1599 976 Christi
1625 951 1634 976 ε
1659 941 1702 976 et

306 1002 466 1047 nolunt
488 1003 534 1046 in
566 1017 610 1045 se
639 1002 717 1045 ista
746 1017 823 1060 per
844 1002 1080 1046 ordinarias
1111 1003 1323 1046 humanas
1353 1011 1586 1061 potestates
1618 1003 1701 1047 fla-

306 1071 428 1131 gellis
458 1070 776 1129 temporalibus
804 1071 1050 1126 emcndari,
1084 1088 1139 1116 ne
1160 1073 1205 1116 in
1240 1081 1422 1116 aeternas
1445 1088 1595 1131 poenas
1622 1088 1701 1131 pro

306 1142 437 1187 tantis
463 1140 696 1199 sacrilegiis
731 1140 1020 1186 destinentur.
1056 1144 1143 1187 Nos
1171 1143 1229 1186 eis
1252 1142 1480 1201 objicimus
1510 1142 1702 1187 furorem

309 1213 570 1268 schismatis,
590 1213 1166 1272 rebaptizationisinsaniam
1184 1214 1239 1257 ab
1254 1213 1508 1259 haereditate
1523 1215 1698 1271 Christi,

307 1300 408 1345 quae
431 1299 508 1342 per
530 1299 681 1328 omnes
703 1293 851 1342 gentes
873 1283 1031 1328 diffusa
1055 1293 1118 1328 est
1138 1284 1346 1330 nefariam
1364 1285 1696 1344 separationem.

303 1357 367 1400 De
402 1354 628 1399 codicibus
657 1370 747 1399 non
772 1364 942 1399 tantum
966 1355 1123 1399 nostris
1140 1390 1150 1409 ,
1175 1356 1251 1399 scd
1277 1355 1406 1399 etiam
1429 1371 1605 1414 eorum,
1637 1371 1701 1400 re-

308 1426 494 1474 citamus
516 1426 739 1481 ecclesias,
765 1441 953 1486 quarum
985 1427 1160 1470 nomina
1183 1426 1312 1470 hodie
1337 1424 1512 1485 legunt,
1538 1436 1580 1470 et
1604 1427 1701 1486 qui-

307 1496 391 1543 bus
426 1497 556 1542 hodie
587 1514 676 1542 non
715 1499 1040 1542 communicant
1071 1517 1080 1543 ε
1119 1514 1218 1557 quae
1253 1513 1354 1542 cum
1389 1498 1626 1542 recitantur
1656 1499 1701 1543 in

305 1568 621 1614 conventiculis
644 1584 814 1623 eorem,
838 1567 1074 1612 lectoribus
1102 1569 1187 1612 suis
1210 1567 1380 1623 dicunt,
1407 1572 1492 1613 Pax
1515 1578 1662 1613 tecum
1686 1587 1696 1613 ε

307 1649 351 1684 et
378 1655 479 1683 cum
503 1639 602 1698 ipsis
629 1639 831 1697 plebibus
853 1675 862 1691 ,
894 1640 1054 1699 quibus
1086 1639 1172 1683 illac
1200 1639 1355 1683 litterae
1381 1641 1551 1698 scriptae
1573 1648 1696 1696 sunt,

310 1725 462 1770 pacem
488 1725 577 1753 non
603 1709 781 1753 habent.
819 1712 876 1753 Et
909 1710 988 1769 ipsi
1010 1710 1135 1754 nobis
1157 1709 1368 1770 objiciunt
1388 1710 1455 1754 vel
1478 1710 1584 1755 falsa
1614 1711 1700 1754 cri·-

308 1781 427 1826 mina
458 1790 734 1824 mortuorum
755 1815 765 1834 ,
791 1779 861 1823 vel
885 1780 1049 1824 etiamsi
1084 1795 1204 1834 vera,
1240 1789 1386 1823 tamen
1416 1779 1582 1837 alicna3
1612 1796 1702 1825 non

306 1851 602 1910 intelligentes
624 1852 666 1896 in
690 1852 756 1906 iis,
782 1867 881 1911 quae
904 1868 981 1896 nos
1010 1852 1069 1895 eis
1088 1852 1334 1911 objicimus,
1350 1867 1500 1896 omnes
1521 1851 1617 1896 illos
1633 1861 1699 1896 te-

308 1923 427 1980 neri3
452 1923 496 1966 in
521 1924 570 1966 iis
592 1939 695 1968 vero
720 1939 819 1983 quae
847 1923 972 1966 nobis
993 1923 1228 1982 objiciunt,
1253 1922 1421 1982 paleam
1443 1922 1513 1966 vel
1539 1923 1698 1967 zizania

305 1995 454 2039 messis
479 1995 714 2038 Dominicae
737 1995 994 2053 reprehendi
1013 2029 1023 2046 ,
1049 1993 1103 2037 ad
1126 1994 1343 2038 frumenta
1367 2002 1512 2037 autem
1533 1993 1698 2038 crimen

306 2081 396 2110 non
415 2065 632 2124 pertinere
655 2083 664 2109 ;
689 2079 832 2123 neque
850 2062 1170 2108 considerantes
1187 2065 1290 2124 quia
1308 2065 1468 2123 quibus
1490 2063 1592 2108 mali
1610 2063 1698 2123 pla-

306 2146 408 2182 cent
431 2136 476 2179 in
505 2135 698 2190 unitate,
731 2135 811 2194 ipsi
833 2136 1159 2180 communicant
1187 2134 1332 2194 malis3
1357 2135 1518 2195 quibus
1551 2144 1698 2179 autem

308 2205 563 2265 displicent,
606 2216 650 2251 et
686 2221 758 2250 eos
785 2205 1016 2250 emendare
1052 2221 1140 2250 non
1177 2215 1380 2265 possunt,
1420 2220 1564 2265 neque
1598 2214 1698 2250 ante

298 2292 479 2336 tempus
503 2278 649 2322 messis
680 2278 844 2322 audent
867 2276 1027 2321 zizania
1056 2275 1294 2332 eradicare,
1321 2292 1375 2321 nc
1403 2276 1530 2320 simul
1551 2275 1697 2320 eradi-

306 2357 407 2394 cent
436 2357 479 2393 et
510 2348 731 2403 triticum,
769 2364 857 2392 non
895 2348 1017 2392 factis
1055 2363 1230 2404 eorum,
1265 2347 1341 2393 sed
1375 2347 1499 2392 altari
1535 2347 1695 2392 Christi

305 2419 630 2465 communicant
649 2439 657 2464 ε
685 2421 743 2464 ita
764 2429 813 2464 ut
836 2435 924 2464 non
952 2419 1091 2464 solum
1113 2436 1201 2464 non
1220 2420 1274 2464 ab
1300 2420 1359 2463 eis
1388 2418 1662 2463 maculentur
1680 2453 1691 2475 ,

307 2490 381 2534 sed
398 2490 527 2534 etiam
548 2491 703 2536 divinis
724 2491 866 2536 verbis
886 2490 1052 2535 laudari
1074 2491 1386 2551 praedicarique
1406 2499 1657 2534 mereantur
1680 2508 1690 2534 z

309 2561 513 2618 quoniam
537 2576 591 2605 ne
613 2577 771 2606 nomen
795 2560 955 2607 Christi
976 2576 1051 2620 per
1072 2561 1294 2606 horribilia
1318 2560 1548 2606 schismata
1575 2559 1691 2605 blas·

1768 2635 1774 2896 l

1773 3041 1777 3171 ι
