1790 3187
305 246 357 272 nn
390 242 579 272 nivens&
609 239 765 279 Qnffisrr.
802 244 949 270 oc'roc.
985 244 1147 270 TRIBUS.
1363 235 1411 272 11

43 310 269 360 dissimilis,
296 310 416 354 Idem
449 309 582 369 igitur
603 306 721 368 quod
754 310 905 362 Pater,
932 307 991 354 ita
1011 315 1062 351 ut
1090 307 1168 351 iste
1185 307 1321 352 Filius
1344 309 1414 364 sit,

41 384 114 430 ille
127 386 267 437 Pater,
291 380 336 424 id
353 388 431 436 est,
452 379 530 424 iste
547 376 800 433 similitudo,
825 376 899 421 ille
915 378 1036 438 cujus
1053 376 1292 422 similitudo
1315 388 1378 422 est
1404 401 1415 437 3

40 457 118 501 iste
148 452 412 507 substantia,
444 450 517 495 ille
546 450 786 495 substantia
810 485 821 504 ‚
850 465 899 493 ex
929 464 1017 510 quo
1045 464 1133 493 una
1160 449 1413 495 substantia.

38 528 146 572 Nam
167 525 200 568 si
221 538 312 568 non
328 538 415 567 una
432 530 494 566 est
512 556 523 577 ‚
548 520 699 580 recipit
724 519 1116 565 dissimilitudinem
1141 519 1379 565 similitudo
1404 542 1416 579 3

0 612 1 619 ¹
38 595 158 658 quod
179 595 270 639 fieri
287 608 410 655 posse
432 592 570 637 omnis
591 591 810 637 verissima
824 600 955 651 negat
976 591 1099 636 ratio.

0 661 1 731 ζ
96 670 291 722 ρωεετιο
308 667 469 709 XXIV.
495 662 784 724 ——Quidquid
800 678 901 708 casu
917 663 982 718 fit,
998 672 1160 707 temere
1175 662 1226 707 fit
1243 683 1254 720 3
1284 663 1415 723 quid—

37 737 144 800 quid
164 747 325 782 temere
355 736 432 792 fit,
457 750 544 780 non
567 735 616 779 fit
643 734 926 794 providentia.
957 734 999 778 Si
1018 749 1121 793 ergo
1138 749 1241 778 casu
1269 733 1414 794 aliqua

36 812 148 857 fiunt
167 809 212 853 in
234 806 415 863 mundo,
434 822 522 851 non
535 805 806 866 providentia
824 804 1052 849 universus
1066 804 1255 848 mundus
1277 804 1417 850 admi-

36 882 256 927 nistratur.
280 880 323 926 Si
345 895 434 924 non
459 876 728 938 providentia
750 877 975 922 universus
996 875 1187 920 mundus
1213 875 1418 922 adminis-

36 961 199 1008 tratur,
229 960 293 996 est
313 965 414 1009 ergo
443 949 585 1010 aliqua
610 957 766 993 natura
801 957 934 1008 atque
971 947 1211 992 substantia
1241 964 1341 1007 quae
1364 948 1419 993 ad

34 1039 142 1085 opus
167 1023 452 1084 providentiae
480 1036 568 1065 non
593 1023 819 1080 pertineat.
846 1021 986 1063 Omne
1014 1027 1160 1062 autem
1183 1019 1303 1079 quod
1331 1030 1415 1075 est,

33 1097 78 1140 in
91 1103 302 1156 quantum
325 1103 404 1149 est,
416 1094 581 1138 bonum
599 1101 674 1137 est.
694 1094 870 1137 Summe
887 1091 1003 1134 enim
1021 1099 1084 1134 est
1099 1089 1209 1134 illud
1232 1091 1416 1145 bonum,

33 1169 155 1228 cujus
169 1167 494 1227 participatione
511 1174 614 1210 sunt
625 1165 740 1209 bona
757 1172 927 1208 caetera.
956 1165 1014 1207 Et
1033 1178 1163 1207 omne
1186 1163 1308 1223 quod
1329 1179 1420 1207 mu-

34 1239 170 1284 tabile
192 1247 280 1294 est,
307 1253 397 1283 non
420 1253 497 1297 per
522 1252 565 1282 se
584 1238 725 1296 ipsum
742 1270 753 1290 ,
770 1234 845 1279 sed
862 1235 967 1279 boni
986 1233 1268 1278 immutabilis
1290 1235 1423 1294 parti-

33 1309 322 1369 cipatione‚in
343 1317 558 1368 quantum
580 1316 659 1362 est,
673 1307 839 1350 bonum
855 1315 932 1349 est.
951 1308 1085 1349 Porro
1099 1303 1211 1347 illud
1223 1305 1416 1359 bonum,

33 1383 155 1441 cujus
178 1380 506 1440 participatione
538 1387 638 1422 sunt
661 1378 776 1422 bona
797 1385 952 1421 caetera
975 1391 1269 1436 quaecumque
1289 1385 1391 1420 sunt
1405 1411 1416 1431 ‚

32 1467 122 1497 non
137 1466 214 1511 per
231 1450 366 1505 aliud,
391 1450 466 1494 sed
483 1464 560 1509 per
574 1463 618 1492 se
631 1448 774 1507 ipsum
789 1448 954 1491 bonum
972 1456 1051 1503 est,
1075 1462 1207 1507 quam
1225 1446 1419 1491 divinam

32 1523 158 1568 etiam
204 1520 521 1582 providentiam
558 1535 778 1564 vocamus.
816 1518 934 1564 Nihil
975 1518 1107 1577 igitur
1154 1533 1256 1562 casu
1292 1519 1342 1562 fit
1375 1519 1420 1562 in

32 1592 213 1638 mundo.
242 1595 335 1637 Hoc
351 1591 604 1646 constituto,
630 1605 902 1650 consequens
920 1589 1109 1644 videtur,
1135 1598 1183 1633 ut
1205 1588 1421 1649 quidquid

33 1667 77 1709 in
119 1665 285 1709 mundo
323 1664 485 1723 geritur
506 1698 517 1718 ,
556 1662 716 1723 partim
761 1661 970 1707 divinitus
1014 1670 1188 1721 geratur
1211 1696 1223 1717 ‚
1263 1662 1419 1720 partim

32 1747 175 1783 nostra
201 1736 441 1781 voluntate.
472 1738 587 1780 Deus
617 1735 732 1779 enim
770 1735 924 1794 quovis
957 1734 1134 1778 homine
1177 1734 1343 1792 optimo
1378 1742 1420 1777 et

25 1809 259 1870 justissimo
281 1807 411 1867 longe
442 1816 572 1867 atque
605 1805 1006 1865 incomparabiliter
1026 1804 1182 1849 melior
1204 1814 1246 1849 et
1264 1805 1422 1865 justior

33 1889 111 1924 est.
137 1881 286 1923 Justus
313 1887 459 1923 autem
488 1892 639 1936 regens
672 1885 714 1920 et
739 1877 990 1936 gubernans
1013 1876 1229 1929 universa,
1256 1875 1420 1921 nullam

30 1965 208 2011 poenam
229 1949 432 2009 cuiquam
459 1948 559 1992 sinit
579 1948 795 1992 immerito
813 1947 950 2005 infligi
969 1982 979 2002 ‚
1001 1945 1170 1990 nullum
1191 1946 1420 2006 praemium

31 2021 245 2066 immerito
268 2020 375 2065 dari.
403 2018 610 2064 Meritum
627 2028 775 2063 autem
799 2034 969 2078 poenae,
994 2026 1250 2077 peccatum3
1270 2026 1313 2060 et
1335 2032 1421 2060 me-

31 2093 163 2137 ritum
195 2091 384 2152 praemii,
405 2100 521 2135 recte
546 2089 713 2134 factum
739 2098 817 2133 est.
861 2091 948 2134 Nec
985 2097 1214 2148 peccatum
1249 2097 1418 2143 autem,

32 2179 112 2209 nec
151 2173 264 2208 recte
298 2163 463 2207 factum
496 2163 703 2222 imputari
742 2162 950 2221 cuiquam
983 2162 1100 2221 juste
1134 2169 1310 2221 potest,
1345 2161 1419 2220 qui

31 2235 140 2280 nihil
160 2234 310 2280 fecerit
332 2236 504 2295 propria
524 2234 767 2279 voluntate.
799 2236 877 2279 Est
900 2235 1032 2291 igitur
1051 2242 1094 2277 et
1117 2242 1343 2293 peccatum
1379 2241 1421 2276 et.

32 2317 146 2353 recte
172 2306 338 2352 factum
355 2307 400 2351 in
420 2306 559 2351 libero
581 2305 819 2351 voluntatis
841 2305 1038 2349 arbitrio.

90 2381 286 2433 QUAEs-rio
315 2381 455 2424 XXV.
497 2406 552 2412 ——
588 2377 805 2438 Sapientia
836 2376 914 2421 Dei
943 2376 1165 2420 hominem
1199 2374 1255 2419 ad
1282 2390 1420 2418 exem-

33 2449 152 2510 plum
169 2487 179 2506 ‚
204 2466 293 2511 quo
326 2460 443 2495 recte
460 2450 726 2503 viveremus,
751 2448 953 2507 suscepit.
981 2447 1175 2491 Pertinet
1196 2456 1343 2491 autern
1366 2446 1420 2490 ad

31 2522 163 2567 vitam
182 2531 366 2578 rectam,
402 2537 450 2566 ea
472 2537 571 2581 quae
601 2536 690 2565 non
713 2529 816 2564 sunt
836 2518 1071 2564 metuenda
1094 2534 1184 2562 non
1207 2527 1415 2562 metuere.

33 2596 147 2638 Mors
169 2603 314 2639 autem
346 2593 580 2637 metuenda
615 2608 705 2637 non
742 2601 819 2636 est.
856 2591 1059 2650 Oportuit
1097 2605 1199 2648 ergo
1227 2589 1415 2649 idipsum
