1790 3187
326 259 409 297 310
764 271 796 296 s.
833 268 1062 296 Anens‘rlm
1095 270 1272 296 nmseom

330 352 351 376 »
376 333 591 378 casionem
614 333 754 376 carnis
775 332 906 387 detis,
932 332 1006 377 sed
1036 348 1114 392 per
1140 333 1389 377 charitatem
1415 332 1570 376 servite
1589 332 1702 376 invi-

328 422 351 446 »
377 406 516 448 cem¹.
550 423 566 443 »
599 404 709 447 Cum
742 417 844 461 ergo
872 403 939 446 vel
961 404 1044 448 boe
1066 405 1157 463 ipso
1185 403 1328 447 ossicio
1365 402 1604 446 litterarum
1629 417 1704 462 per

326 475 579 520 charitatem
606 473 683 516 tibi
710 474 916 528 serviam,
946 490 1032 518 non
1062 473 1247 518 absurde
1276 484 1316 517 te
1347 473 1572 517 dominum
1595 488 1704 518 voco

327 555 505 606 propter
520 561 654 589 unum
674 554 716 588 et
737 561 884 589 verum
909 546 1139 590 Dominum
1158 555 1368 599 nostrum,
1386 545 1461 605 qui
1485 545 1609 589 nobis
1625 545 1705 589 ista

328 616 551 677 praeeepit.
576 633 595 656 «
622 614 903 659 Dilectissimo
924 635 942 657 η
964 625 1107 660 autem
1132 615 1250 676 quod
1273 616 1435 675 scripsi,
1458 615 1574 659 novit
1597 617 1707 660 Deus

327 687 447 747 quod
463 702 550 731 non
572 685 712 730 solum
735 696 774 730 te
798 685 996 745 diligam,
1016 686 1089 730 sed
1107 686 1163 730 ita
1183 685 1357 745 diligam
1380 695 1429 730 ut
1447 701 1516 729 me
1533 687 1702 746 ipsum:

325 756 681 818 quandoquidem
696 757 804 800 bene
820 757 1025 801 miliisum
1037 757 1249 811 conscius,
1265 757 1374 800 bona
1391 758 1542 801 metibi
1557 770 1707 818 optare

328 843 428 887 quae
448 827 570 870 mibi.
599 845 618 868 ι(
646 827 900 870 Honorabili
926 845 945 867 »
970 842 1072 871 vero
1093 828 1212 887 quod
1237 827 1407 881 addidi,
1432 841 1520 871 non
1543 829 1595 873 ad
1625 830 1706 875 hoc

329 897 508 951 addidi,
543 907 593 941 ut
622 898 879 941 honorarem
921 897 1214 957 episcopatum
1251 906 1407 953 tuum3
1445 899 1550 942 mihi
1591 900 1707 945 enim

328 969 554 1027 episeopus
575 984 659 1011 non
679 983 722 1011 es
737 1003 747 1021 ,
775 983 918 1028 neque
936 968 1018 1012 hoe
1036 984 1134 1012 eum
1157 968 1420 1012 contumelia
1444 968 1608 1014 dictum
1633 986 1706 1014 ac-

325 1039 512 1096 ceperis,
538 1038 611 1082 sed
638 1054 688 1081 ex
710 1038 853 1081 animo
884 1055 972 1098 quo
1001 1039 1045 1082 in
1070 1040 1235 1083 honore
1267 1050 1410 1084 nostra
1441 1040 1571 1084 debet
1594 1056 1706 1096 esse,

326 1110 425 1159 Est,
453 1117 538 1164 est3
566 1111 658 1151 Non
676 1143 686 1161 ‚
709 1124 812 1151 non.
841 1111 993 1168 Neque
1017 1110 1130 1151 enim
1158 1111 1326 1166 ignoras
1343 1145 1353 1164 ,
1380 1119 1454 1154 aut
1477 1111 1707 1170 quisquam

324 1179 550 1222 hominum
573 1180 648 1238 qui
672 1194 748 1222 nos
771 1179 890 1221 novit
907 1180 1099 1237 ignorat,
1126 1195 1268 1238 neque
1286 1189 1328 1222 te
1349 1195 1438 1223 esse
1455 1181 1706 1240 episcopum

327 1264 497 1303 meum,
532 1265 673 1308 neque
696 1264 764 1292 me
788 1248 1085 1307 presbyterum
1116 1259 1256 1292 tuum.
1292 1250 1598 1294 Honorabilem
1630 1250 1708 1308 igi-

327 1329 398 1364 tur
417 1336 466 1363 ex
490 1336 538 1363 ea
562 1318 709 1378 regula
738 1329 779 1363 te
800 1319 986 1363 libenter
1009 1319 1180 1379 appello
1196 1356 1206 1374 ,
1227 1337 1309 1380 qua
1338 1322 1435 1364 novi
1463 1332 1502 1365 te
1524 1337 1613 1365 esse
1630 1321 1711 1366 ho-

329 1391 488 1434 minem
508 1426 518 1445 ‚
546 1400 587 1433 et
612 1392 710 1434 novi
734 1391 952 1435 hominem
978 1391 1028 1434 ad
1057 1392 1282 1448 imaginem
1310 1392 1412 1444 Dei,
1437 1402 1479 1435 et
1509 1392 1710 1436 similitu-

331 1460 475 1504 dinem
507 1461 696 1515 factum,
725 1471 767 1504 et
796 1462 840 1504 in
869 1462 1033 1505 honore
1056 1463 1241 1520 positum
1268 1463 1359 1520 ipso
1382 1463 1532 1506 ordine
1555 1473 1596 1506 et
1614 1464 1711 1522 jure

332 1541 520 1584 naturae,
555 1532 588 1574 si
622 1541 763 1573 tamen
793 1531 1101 1588 intelligendo,
1137 1548 1236 1591 quae
1270 1532 1546 1589 intelligenda
1584 1543 1708 1587 sunt,

331 1612 469 1646 servet
495 1603 701 1645 bonorem
734 1617 876 1644 suum.
904 1605 1011 1645 Nam
1034 1603 1090 1645 ita
1115 1604 1317 1660 seriptum
1345 1613 1428 1656 est,
1459 1623 1477 1643 «
1505 1606 1645 1647 Homo
1667 1605 1711 1647 in

335 1690 355 1713 »
382 1673 546 1716 honore
572 1672 735 1730 positus
760 1687 843 1714 non
868 1671 1105 1724 intellexit,
1131 1682 1402 1731 comparatus
1428 1683 1489 1716 est
1506 1674 1713 1730 jumentis

338 1762 358 1784 »
384 1743 621 1795 insensatis,
644 1751 685 1783 et
702 1741 848 1784 similis
870 1740 1006 1784 factus
1022 1751 1086 1784 est
1102 1742 1224 1785 illis2.
1247 1761 1265 1782 »
1293 1744 1381 1785 Cur
1398 1758 1500 1800 ergo
1518 1752 1556 1785 te
1572 1743 1712 1786 bono-
1754 1785 1756 1791 ,

334 1813 513 1858 rabilem
534 1813 577 1855 in
596 1821 807 1871 quantum
830 1812 959 1854 bomo
975 1827 1040 1865 es,
1063 1827 1149 1854 non
1169 1811 1397 1870 appellem,
1418 1826 1514 1854 cum
1535 1827 1714 1871 praeser-

333 1886 410 1929 tim
435 1884 489 1928 de
514 1894 584 1927 tua
609 1883 746 1926 salute
769 1893 899 1942 atque
921 1883 1185 1926 correctione
1203 1917 1213 1936 ,
1240 1883 1434 1942 quandiu
1458 1884 1501 1926 in
1525 1884 1604 1928 hac
1628 1884 1711 1928 vita
1753 1888 1755 1896 ⁴
1787 1900 1790 1907 ·

333 1972 377 2000 es
398 1991 408 2010 ,
434 1954 661 2014 desperare
680 1970 766 1997 non
790 1954 1002 1996 audeam?
1027 1973 1045 1994 «
1078 1956 1270 1996 Fratrem
1301 1972 1320 1993 »
1356 1969 1457 1997 vero
1487 1963 1535 1997 ut
1563 1969 1713 1998 vocem
1777 1968 1790 1982 ··

336 2042 425 2071 non
447 2035 487 2069 te
506 2026 608 2069 latet
629 2034 891 2084 piseeeptum
915 2024 1040 2068 nobis
1063 2040 1152 2068 esse
1171 2024 1401 2078 divinitus,
1423 2033 1472 2067 ut
1487 2025 1612 2067 etiam
1631 2025 1711 2080 eis,

336 2098 410 2156 qui
429 2106 586 2154 negant
606 2112 648 2138 se
668 2095 705 2138 fr
711 2104 818 2138 atres
837 2104 1003 2138 nostros
1022 2110 1131 2147 esse,
1150 2095 1372 2138 dieamus:
1393 2097 1563 2138 Fratres
1581 2095 1713 2138 nostri

334 2168 464 2211 estis:
490 2176 532 2209 et
555 2167 635 2209 boc
655 2166 933 2208 veliementer
955 2164 1067 2208 valet
1089 2165 1141 2208 ad
1165 2181 1333 2208 eausam
1349 2175 1556 2224 ‚propter
1581 2180 1712 2224 quam

334 2238 521 2283 scribere
551 2235 669 2280 volui
695 2235 948 2279 fraternitati
975 2244 1032 2278 tu
1035 2251 1074 2279 e
1102 2237 1196 2278 Jam
1223 2236 1334 2278 enim
1357 2235 1522 2278 reddita
1548 2237 1713 2279 ratione
1750 2225 1754 2286 Ξ

333 2324 411 2354 cui
426 2307 618 2366 epistolae
639 2305 792 2351 talem
778 2320 955 2367 januam
972 2304 1174 2362 fecerim,
1196 2307 1297 2350 audi
1313 2304 1598 2366 placidiss1me
1612 2320 1712 2366 quae

330 2388 589 2437 sequuntur.

390 2450 449 2491 ΙΙ.
486 2451 579 2506 Ego
607 2463 706 2492 cum
735 2448 778 2491 in
800 2448 878 2491 ista
905 2447 1078 2505 regione
1100 2445 1459 2491 consuetudinem
1483 2446 1707 2490 hominnm

334 2517 567 2576 lugendam
589 2526 719 2577 atque
740 2518 1052 2576 plangendam,
1073 2518 1258 2561 cuicum
1275 2517 1518 2562 Clnistiano
1537 2517 1711 2562 nomine

384 2601 482 2633 *Gah
508 2613 537 2639 v,
560 2602 607 2633 13
624 2619 663 2624 —-
679 2602 789 2632 =s.Pal
811 2613 918 2637 Χινιιι
937 2611 989 2633 ⁴2¹.

1752 2021 1755 2031 '
1785 2024 1790 2069 i

1781 2107 1788 2135 1

1751 2148 1754 2223 Ξ
1781 2180 1790 2237 ἐ

1750 2302 1754 2437 Ξ

1748 2446 1752 2546 f
1786 2460 1790 2468 .

1748 2550 1752 2645 Ξ

1747 2660 1750 2811 Ξ

1746 2823 1749 2880 Ξ
