1790 3187
691 242 890 268 ENSTOLA
926 243 992 269 ιν.
1456 235 1531 273 5⁴21

149 305 233 349 sint
255 340 265 360 ‚
303 305 423 365 quod
453 305 818 350 calumniatorum
855 305 1115 351 detrimenta
1155 307 1388 352 metuenda
1404 343 1414 363 ,
1450 309 1541 353 sine

148 376 423 420 dubitatione
446 374 693 421 faciendum
734 386 825 431 est,
866 378 1052 422 maxime
1087 377 1133 422 id
1166 377 1289 438 quod
1323 380 1452 424 etiam
1487 380 1542 424 de

152 447 383 506 Scripturis
405 446 583 491 defendi
608 457 765 507 potest,
791 449 901 493 sieut
931 449 986 493 de
1006 449 1182 506 hymnis
1204 457 1248 493 et
1272 448 1446 508 psalmis
1471 465 1543 495 ca-

148 517 318 572 nendis,
353 533 454 562 cum
488 527 530 561 et
552 517 686 577 ipsius
710 519 882 562 Domini
907 528 949 563 et
972 519 1283 579 Apostolorum
1306 520 1545 565 habeamus

148 587 414 634 documenta
446 598 488 633 et
510 589 706 649 exempla
728 598 771 634 et
799 599 1031 650 praecepta.
1070 594 1132 635 De
1155 591 1236 635 hac
1267 606 1313 635 re
1336 599 1424 635 tam
1448 591 1545 635 utili

149 659 204 704 ad
233 659 498 704 movendum
526 660 597 720 pie
625 660 836 712 animum,
863 670 905 705 et
929 661 1258 706 accendendum
1283 660 1443 706 divinae
1476 661 1546 706 di-

149 730 347 775 lectionis
370 731 578 776 affcctum
597 767 607 787 ,
644 732 760 776 varia
796 732 1070 777 consuetudo
1102 741 1181 787 est,
1208 741 1250 777 et
1272 731 1481 793 pleraque
1502 732 1548 777 in

149 800 295 847 Africa
321 802 526 847 Ecclesiae
555 804 751 848 membra
782 804 969 863 pigriora
1001 812 1132 862 sunt3
1155 803 1214 848 ita
1235 812 1286 848 ut
1309 804 1546 849 Donatistae

149 889 226 918 nos
250 874 589 934 reprehendant,
608 876 728 936 quod
747 876 888 920 sobrie
906 875 1130 935 psallimus
1145 875 1189 919 in
1204 874 1382 919 ecclesia
1399 875 1546 920 divina

148 945 314 989 cantica
330 946 664 1005 Prophetarum,
684 961 784 990 cum
800 946 877 1004 ipsi
893 946 1124 989 ebrietates
1139 960 1236 989 suas
1253 945 1308 989 ad
1325 946 1545 990 canticum

149 1014 419 1060 Psalmorum
435 1017 630 1059 humano
650 1016 825 1073 ingenio
847 1016 1207 1074 compositorum,
1229 1016 1353 1076 quasi
1374 1015 1429 1060 ad
1453 1024 1546 1060 tur-

149 1086 224 1130 bas
244 1087 553 1131 exhortationis
568 1087 856 1131 inflamment.
880 1086 1068 1140 Quando
1090 1096 1237 1131 autem
1255 1102 1345 1131 non
1364 1096 1428 1131 est
1441 1096 1545 1132 tem·

147 1171 256 1216 pus,
280 1171 380 1201 cum
412 1157 458 1200 in
491 1157 669 1202 ecclesia
706 1157 860 1201 fratres
894 1166 1242 1216 congregantur,
1269 1167 1415 1202 sancta
1437 1173 1543 1202 can-

149 1226 285 1282 tandi,
322 1228 404 1271 nisi
426 1243 525 1272 cum
550 1228 710 1287 legitur
734 1237 808 1273 aut
841 1228 1105 1288 disputatur,
1133 1237 1209 1272 aut
1232 1229 1407 1272 antistes
1428 1227 1543 1273 clara

148 1314 254 1344 voce
275 1298 550 1359 deprecatur,
578 1309 653 1344 aut
675 1301 918 1345 communis
940 1300 1078 1344 oratio
1099 1314 1205 1345 voce
1234 1298 1404 1343 diaconi
1427 1298 1544 1343 indi-

151 1369 292 1413 citur?
316 1369 421 1414 Aliis
442 1385 544 1414 vero
577 1370 797 1429 particulis
816 1380 1064 1430 temporum
1090 1370 1198 1430 quid
1220 1371 1376 1414 melius
1395 1385 1418 1414 a
1442 1384 1544 1414 con-

148 1441 333 1500 gregatis
366 1442 620 1487 Christianis
643 1442 734 1495 fiat,
761 1442 867 1502 quid
890 1442 1056 1497 utilius,
1083 1440 1191 1501 quid
1213 1442 1418 1496 sanctius,
1444 1456 1540 1486 om·

149 1514 252 1557 nino
273 1529 362 1557 non
385 1512 529 1558 video.

205 1586 387 1629 XXXV.
412 1585 541 1638 Quod
560 1594 705 1629 autem
722 1585 966 1629 instituitur
981 1593 1139 1644 praeter
1158 1583 1539 1638 consuetudinem,

147 1663 196 1699 ut
214 1657 335 1714 quasi
352 1656 596 1701 observatio
613 1656 873 1700 sacramenti
889 1656 957 1711 sit,
980 1656 1222 1715 approbare
1241 1671 1331 1699 non
1349 1670 1540 1714 possum,

147 1726 314 1769 etiamsi
336 1727 471 1769 multa
503 1727 754 1786 hujusmodi
776 1735 955 1786 propter
986 1725 1300 1770 nonnullarum
1325 1724 1395 1770 vel
1417 1739 1542 1769 sanc-

150 1806 290 1841 tarum
305 1797 374 1840 vel
393 1798 746 1842 turbulentarum
767 1813 1049 1858 personarum
1068 1796 1271 1842 scandala
1290 1796 1541 1854 devitanda;

148 1867 325 1912 liberius
343 1869 591 1928 improbare
610 1884 699 1913 non
717 1869 872 1913 audeo.
903 1869 986 1913 Sed
1007 1870 1089 1913 hoc
1111 1868 1238 1912 nimis
1256 1867 1400 1922 doleo,
1423 1867 1543 1927 quod

147 1938 286 1982 multa
316 1955 417 1999 quae
451 1940 494 1982 in
529 1939 687 1984 divinis
721 1939 840 1983 libris
874 1938 1159 1983 saluberrime
1194 1947 1410 1998 praecepta
1443 1946 1545 1982 sunt

148 2010 291 2053 minus
315 2019 549 2066 curantur3
568 2019 609 2054 et
628 2019 717 2053 tam
734 2010 882 2054 multis
902 2009 1317 2069 praesumptionibus
1337 2009 1397 2052 sic
1417 2008 1545 2067 plena

148 2090 249 2126 sunt
272 2082 434 2136 omnia,
462 2092 510 2126 ut
532 2083 702 2140 gravius
732 2082 992 2141 corripiatur
1024 2082 1101 2141 qui
1130 2096 1205 2140 per
1245 2089 1416 2125 octavas
1448 2094 1545 2123 suas

149 2161 307 2196 terram
330 2153 452 2196 nudo
474 2153 586 2212 pede
610 2153 812 2210 tetigerit,
840 2168 970 2212 quam
996 2152 1072 2211 qui
1096 2160 1284 2195 mentem
1309 2149 1545 2195 vinolentia

149 2223 380 2282 sepelierit.
424 2224 581 2267 Omnia
616 2223 765 2283 itaque
808 2223 908 2267 talia
929 2257 940 2277 ,
979 2238 1079 2282 quae
1116 2236 1260 2281 neque
1298 2229 1545 2265 sanctarum

152 2295 473 2353 Scripturarum
498 2294 830 2338 auctoritatibus
852 2293 1152 2348 continentur,
1178 2307 1260 2336 nec
1282 2292 1327 2335 in
1349 2290 1545 2336 conciliis

150 2368 455 2426 episcoporum
478 2374 639 2410 statuta
662 2366 949 2409 inveniuntur
965 2400 975 2419 ,
1001 2379 1081 2409 nec
1103 2362 1420 2408 consuetudine
1443 2362 1546 2406 uni-

152 2451 286 2481 versae
314 2435 519 2480 Ecclesiae
549 2437 752 2480 roborata
787 2445 916 2491 sunt,
948 2434 1024 2480 sed
1060 2449 1140 2494 pro
1171 2433 1443 2479 diversorum
1475 2432 1545 2477 lo-

152 2523 304 2551 corum
328 2507 506 2552 diversis
534 2507 726 2552 moribus
755 2505 1132 2551 innumerabiliter
1154 2505 1393 2560 variantur,
1416 2505 1473 2547 ita
1497 2512 1547 2547 ut

154 2579 222 2622 vix
256 2588 330 2623 aut
370 2580 550 2624 omnino
589 2593 816 2639 nunquam
846 2578 1030 2623 inveniri
1062 2577 1227 2637 possint
1249 2591 1413 2631 causae,
1439 2590 1546 2635 quas
