<?xml version="1.0" encoding="UTF-8"?>
<!DOCTYPE html PUBLIC "-//W3C//DTD XHTML 1.0 Transitional//EN"
    "http://www.w3.org/TR/xhtml1/DTD/xhtml1-transitional.dtd">
<html xmlns="http://www.w3.org/1999/xhtml" xml:lang="en" lang="en">
 <head>
  <title>
</title>
<meta http-equiv="Content-Type" content="text/html;charset=utf-8" />
  <meta name='ocr-system' content='tesseract 3.04.00' />
  <meta name='ocr-capabilities' content='ocr_page ocr_carea ocr_par ocr_line ocrx_word'/>
</head>
<body>
  <div class='ocr_page' id='page_1' title='image "./operaomniaaccura38auguuoft_0416.png"; bbox 0 0 1790 3187; ppageno 0'>
   <div class='ocr_carea' id='block_1_1' title="bbox 326 232 1263 273">
    <p class='ocr_par' dir='ltr' id='par_1_1' title="bbox 326 232 1263 273">
     <span class='ocr_line' id='line_1_1' title="bbox 326 232 1263 273; baseline -0.001 0"><span class='ocrx_word' id='word_1_1' title='bbox 326 232 408 273; x_wconf 77' lang='lat'><strong>406</strong></span> <span class='ocrx_word' id='word_1_2' title='bbox 750 241 782 269; x_wconf 90' lang='lat' dir='ltr'><strong>s.</strong></span> <span class='ocrx_word' id='word_1_3' title='bbox 820 243 1051 272; x_wconf 72' lang='lat' dir='ltr'>AUGUSTINI</span> <span class='ocrx_word' id='word_1_4' title='bbox 1081 244 1263 273; x_wconf 76' lang='lat' dir='ltr'><strong>Emscom</strong></span> 
     </span>
    </p>
   </div>
   <div class='ocr_carea' id='block_1_2' title="bbox 318 306 1718 2632">
    <p class='ocr_par' dir='ltr' id='par_1_2' title="bbox 318 306 1717 2142">
     <span class='ocr_line' id='line_1_2' title="bbox 322 306 1702 370; baseline 0.003 -17"><span class='ocrx_word' id='word_1_5' title='bbox 322 309 413 370; x_wconf 89' lang='lat' dir='ltr'><strong>ipsa</strong></span> <span class='ocrx_word' id='word_1_6' title='bbox 436 317 593 369; x_wconf 88' lang='lat' dir='ltr'><strong>quarta</strong></span> <span class='ocrx_word' id='word_1_7' title='bbox 614 306 797 362; x_wconf 90' lang='lat' dir='ltr'><strong>sabbati,</strong></span> <span class='ocrx_word' id='word_1_8' title='bbox 818 322 950 368; x_wconf 87' lang='lat' dir='ltr'><strong>quam</strong></span> <span class='ocrx_word' id='word_1_9' title='bbox 979 308 1111 367; x_wconf 88' lang='lat' dir='ltr'><strong>vulgo</strong></span> <span class='ocrx_word' id='word_1_10' title='bbox 1135 319 1333 370; x_wconf 82' lang='lat' dir='ltr'><strong>quartam</strong></span> <span class='ocrx_word' id='word_1_11' title='bbox 1355 309 1505 357; x_wconf 84' lang='lat' dir='ltr'><strong>feriam</strong></span> <span class='ocrx_word' id='word_1_12' title='bbox 1528 321 1702 368; x_wconf 85' lang='lat' dir='ltr'><strong>vocant,</strong></span> 
     </span>
     <span class='ocr_line' id='line_1_3' title="bbox 322 378 1706 439; baseline 0.001 -14"><span class='ocrx_word' id='word_1_13' title='bbox 322 379 553 425; x_wconf 90' lang='lat' dir='ltr'><strong>consilium</strong></span> <span class='ocrx_word' id='word_1_14' title='bbox 580 378 856 439; x_wconf 89' lang='lat' dir='ltr'><strong>reperiuntur</strong></span> <span class='ocrx_word' id='word_1_15' title='bbox 883 378 938 424; x_wconf 88' lang='lat' dir='ltr'><strong>ad</strong></span> <span class='ocrx_word' id='word_1_16' title='bbox 971 379 1262 425; x_wconf 87' lang='lat' dir='ltr'><strong>occidendum</strong></span> <span class='ocrx_word' id='word_1_17' title='bbox 1293 382 1526 427; x_wconf 89' lang='lat' dir='ltr'><strong>Dominum</strong></span> <span class='ocrx_word' id='word_1_18' title='bbox 1556 382 1706 427; x_wconf 71' lang='lat' dir='ltr'><strong>iecisse</strong></span> 
     </span>
     <span class='ocr_line' id='line_1_4' title="bbox 322 450 1706 512; baseline 0.001 -16"><span class='ocrx_word' id='word_1_19' title='bbox 322 450 479 496; x_wconf 85' lang='lat' dir='ltr'><strong>Judaei.</strong></span> <span class='ocrx_word' id='word_1_20' title='bbox 497 450 746 495; x_wconf 87' lang='lat' dir='ltr'><strong>Intermisso</strong></span> <span class='ocrx_word' id='word_1_21' title='bbox 763 459 908 495; x_wconf 88' lang='lat' dir='ltr'><strong>autem</strong></span> <span class='ocrx_word' id='word_1_22' title='bbox 930 466 1021 496; x_wconf 93' lang='lat' dir='ltr'><strong>uno</strong></span> <span class='ocrx_word' id='word_1_23' title='bbox 1042 450 1134 506; x_wconf 90' lang='lat' dir='ltr'><strong>die,</strong></span> <span class='ocrx_word' id='word_1_24' title='bbox 1153 452 1276 512; x_wconf 87' lang='lat' dir='ltr'><strong>cujus</strong></span> <span class='ocrx_word' id='word_1_25' title='bbox 1300 467 1478 512; x_wconf 88' lang='lat' dir='ltr'><strong>vespera</strong></span> <span class='ocrx_word' id='word_1_26' title='bbox 1496 453 1706 498; x_wconf 87' lang='lat' dir='ltr'><strong>Dominus</strong></span> 
     </span>
     <span class='ocr_line' id='line_1_5' title="bbox 322 521 1703 583; baseline 0.001 -16"><span class='ocrx_word' id='word_1_27' title='bbox 322 523 484 567; x_wconf 85' lang='lat' dir='ltr'>Pascha</span> <span class='ocrx_word' id='word_1_28' title='bbox 508 536 607 567; x_wconf 91' lang='lat' dir='ltr'><strong>cum</strong></span> <span class='ocrx_word' id='word_1_29' title='bbox 631 521 861 581; x_wconf 91' lang='lat' dir='ltr'><strong>Discipulis</strong></span> <span class='ocrx_word' id='word_1_30' title='bbox 873 521 1168 579; x_wconf 80' lang='lat' dir='ltr'><strong>manducavit,</strong></span> <span class='ocrx_word' id='word_1_31' title='bbox 1186 523 1262 583; x_wconf 90' lang='lat' dir='ltr'><strong>qui</strong></span> <span class='ocrx_word' id='word_1_32' title='bbox 1282 523 1380 568; x_wconf 87' lang='lat' dir='ltr'><strong>finis</strong></span> <span class='ocrx_word' id='word_1_33' title='bbox 1396 523 1481 568; x_wconf 73' lang='lat' dir='ltr'><strong>tuit</strong></span> <span class='ocrx_word' id='word_1_34' title='bbox 1493 525 1584 583; x_wconf 88' lang='lat' dir='ltr'><strong>ejus</strong></span> <span class='ocrx_word' id='word_1_35' title='bbox 1601 523 1703 581; x_wconf 87' lang='lat' dir='ltr'><strong>diei,</strong></span> 
     </span>
     <span class='ocr_line' id='line_1_6' title="bbox 320 592 1707 653; baseline 0.002 -17"><span class='ocrx_word' id='word_1_36' title='bbox 320 608 452 652; x_wconf 91' lang='lat' dir='ltr'><strong>quem</strong></span> <span class='ocrx_word' id='word_1_37' title='bbox 484 607 692 638; x_wconf 85' lang='lat' dir='ltr'><strong>vocamus</strong></span> <span class='ocrx_word' id='word_1_38' title='bbox 713 592 913 653; x_wconf 89' lang='lat' dir='ltr'><strong>quintam</strong></span> <span class='ocrx_word' id='word_1_39' title='bbox 946 592 1130 648; x_wconf 88' lang='lat' dir='ltr'><strong>sabbati,</strong></span> <span class='ocrx_word' id='word_1_40' title='bbox 1167 592 1325 637; x_wconf 90' lang='lat' dir='ltr'><strong>deinde</strong></span> <span class='ocrx_word' id='word_1_41' title='bbox 1356 592 1541 639; x_wconf 86' lang='lat' dir='ltr'><strong>traditus</strong></span> <span class='ocrx_word' id='word_1_42' title='bbox 1561 603 1626 639; x_wconf 87' lang='lat' dir='ltr'><strong>est</strong></span> <span class='ocrx_word' id='word_1_43' title='bbox 1657 609 1707 640; x_wconf 86' lang='lat' dir='ltr'><strong>ea</strong></span> 
     </span>
     <span class='ocr_line' id='line_1_7' title="bbox 320 663 1708 726; baseline 0.002 -18"><span class='ocrx_word' id='word_1_44' title='bbox 320 673 449 708; x_wconf 90' lang='lat' dir='ltr'><strong>nocte</strong></span> <span class='ocrx_word' id='word_1_45' title='bbox 471 680 570 724; x_wconf 83' lang='lat' dir='ltr'><strong>quae</strong></span> <span class='ocrx_word' id='word_1_46' title='bbox 587 665 679 724; x_wconf 89' lang='lat' dir='ltr'><strong>jam</strong></span> <span class='ocrx_word' id='word_1_47' title='bbox 707 663 764 708; x_wconf 91' lang='lat' dir='ltr'><strong>ad</strong></span> <span class='ocrx_word' id='word_1_48' title='bbox 784 672 947 709; x_wconf 81' lang='lat' dir='ltr'>sextam</span> <span class='ocrx_word' id='word_1_49' title='bbox 976 663 1158 718; x_wconf 84' lang='lat' dir='ltr'><strong>sabbati,</strong></span> <span class='ocrx_word' id='word_1_50' title='bbox 1182 665 1259 724; x_wconf 92' lang='lat' dir='ltr'><strong>qui</strong></span> <span class='ocrx_word' id='word_1_51' title='bbox 1280 664 1370 709; x_wconf 89' lang='lat' dir='ltr'><strong>dies</strong></span> <span class='ocrx_word' id='word_1_52' title='bbox 1387 665 1593 724; x_wconf 82' lang='lat' dir='ltr'>passionis</span> <span class='ocrx_word' id='word_1_53' title='bbox 1615 666 1708 726; x_wconf 85' lang='lat' dir='ltr'><strong>ejus</strong></span> 
     </span>
     <span class='ocr_line' id='line_1_8' title="bbox 318 734 1705 795; baseline 0.002 -16"><span class='ocrx_word' id='word_1_54' title='bbox 318 734 573 780; x_wconf 86' lang='lat' dir='ltr'><strong>manifestus</strong></span> <span class='ocrx_word' id='word_1_55' title='bbox 610 744 687 790; x_wconf 89' lang='lat' dir='ltr'><strong>cst,</strong></span> <span class='ocrx_word' id='word_1_56' title='bbox 722 735 983 794; x_wconf 82' lang='lat' dir='ltr'><strong>pertinebat.</strong></span> <span class='ocrx_word' id='word_1_57' title='bbox 1026 735 1108 780; x_wconf 85' lang='lat' dir='ltr'><strong>Hic</strong></span> <span class='ocrx_word' id='word_1_58' title='bbox 1141 734 1232 780; x_wconf 90' lang='lat' dir='ltr'><strong>dies</strong></span> <span class='ocrx_word' id='word_1_59' title='bbox 1259 736 1424 795; x_wconf 91' lang='lat' dir='ltr'><strong>primus</strong></span> <span class='ocrx_word' id='word_1_60' title='bbox 1454 751 1705 794; x_wconf 84' lang='lat' dir='ltr'><strong>azymorum</strong></span> 
     </span>
     <span class='ocr_line' id='line_1_9' title="bbox 320 804 1708 867; baseline 0.001 -17"><span class='ocrx_word' id='word_1_61' title='bbox 320 804 405 851; x_wconf 87' lang='lat' dir='ltr'><strong>suit</strong></span> <span class='ocrx_word' id='word_1_62' title='bbox 426 822 449 850; x_wconf 88' lang='lat' dir='ltr'><strong>a</strong></span> <span class='ocrx_word' id='word_1_63' title='bbox 470 821 647 865; x_wconf 82' lang='lat' dir='ltr'><strong>vespera</strong></span> <span class='ocrx_word' id='word_1_64' title='bbox 679 806 907 866; x_wconf 78' lang='lat' dir='ltr'>incipiens,</span> <span class='ocrx_word' id='word_1_65' title='bbox 939 805 1024 851; x_wconf 88' lang='lat' dir='ltr'><strong>Sed</strong></span> <span class='ocrx_word' id='word_1_66' title='bbox 1045 806 1279 851; x_wconf 81' lang='lat' dir='ltr'><strong>Matthaeus</strong></span> <span class='ocrx_word' id='word_1_67' title='bbox 1302 805 1562 866; x_wconf 88' lang='lat' dir='ltr'><strong>evangelista</strong></span> <span class='ocrx_word' id='word_1_68' title='bbox 1580 808 1708 867; x_wconf 89' lang='lat' dir='ltr'><strong>quin-</strong></span> 
     </span>
     <span class='ocr_line' id='line_1_10' title="bbox 320 876 1709 938; baseline 0.001 -16"><span class='ocrx_word' id='word_1_69' title='bbox 320 886 410 922; x_wconf 89' lang='lat' dir='ltr'><strong>tam</strong></span> <span class='ocrx_word' id='word_1_70' title='bbox 437 877 606 922; x_wconf 88' lang='lat' dir='ltr'><strong>sabbati</strong></span> <span class='ocrx_word' id='word_1_71' title='bbox 627 876 732 922; x_wconf 88' lang='lat' dir='ltr'><strong>dicit</strong></span> <span class='ocrx_word' id='word_1_72' title='bbox 763 876 896 922; x_wconf 88' lang='lat' dir='ltr'><strong>fuisse</strong></span> <span class='ocrx_word' id='word_1_73' title='bbox 925 878 1110 937; x_wconf 89' lang='lat' dir='ltr'><strong>primam</strong></span> <span class='ocrx_word' id='word_1_74' title='bbox 1139 877 1255 922; x_wconf 85' lang='lat' dir='ltr'><strong>diem</strong></span> <span class='ocrx_word' id='word_1_75' title='bbox 1289 893 1542 936; x_wconf 87' lang='lat' dir='ltr'><strong>azymorum</strong></span> <span class='ocrx_word' id='word_1_76' title='bbox 1566 899 1578 937; x_wconf 78' lang='lat'>3</span> <span class='ocrx_word' id='word_1_77' title='bbox 1606 878 1709 938; x_wconf 88' lang='lat' dir='ltr'><strong>quia</strong></span> 
     </span>
     <span class='ocr_line' id='line_1_11' title="bbox 319 947 1708 1009; baseline 0.001 -18"><span class='ocrx_word' id='word_1_78' title='bbox 319 949 412 1008; x_wconf 88' lang='lat' dir='ltr'><strong>ejus</strong></span> <span class='ocrx_word' id='word_1_79' title='bbox 425 963 603 1006; x_wconf 88' lang='lat' dir='ltr'><strong>vespera</strong></span> <span class='ocrx_word' id='word_1_80' title='bbox 617 956 824 1008; x_wconf 84' lang='lat' dir='ltr'><strong>sequente</strong></span> <span class='ocrx_word' id='word_1_81' title='bbox 838 947 986 992; x_wconf 85' lang='lat' dir='ltr'><strong>futura</strong></span> <span class='ocrx_word' id='word_1_82' title='bbox 1002 957 1093 992; x_wconf 87' lang='lat' dir='ltr'><strong>erat</strong></span> <span class='ocrx_word' id='word_1_83' title='bbox 1107 963 1233 992; x_wconf 88' lang='lat' dir='ltr'><strong>coena</strong></span> <span class='ocrx_word' id='word_1_84' title='bbox 1245 948 1473 1007; x_wconf 90' lang='lat' dir='ltr'><strong>paschalis,</strong></span> <span class='ocrx_word' id='word_1_85' title='bbox 1484 965 1570 1009; x_wconf 89' lang='lat' dir='ltr'><strong>qua</strong></span> <span class='ocrx_word' id='word_1_86' title='bbox 1584 964 1708 993; x_wconf 88' lang='lat' dir='ltr'><strong>coena</strong></span> 
     </span>
     <span class='ocr_line' id='line_1_12' title="bbox 319 1018 1711 1080; baseline 0.001 -18"><span class='ocrx_word' id='word_1_87' title='bbox 319 1019 556 1077; x_wconf 84' lang='lat' dir='ltr'><strong>incipiebat</strong></span> <span class='ocrx_word' id='word_1_88' title='bbox 581 1033 781 1075; x_wconf 87' lang='lat' dir='ltr'><strong>azymum</strong></span> <span class='ocrx_word' id='word_1_89' title='bbox 799 1027 842 1062; x_wconf 91' lang='lat' dir='ltr'><strong>et</strong></span> <span class='ocrx_word' id='word_1_90' title='bbox 864 1019 956 1063; x_wconf 89' lang='lat' dir='ltr'><strong>ovis</strong></span> <span class='ocrx_word' id='word_1_91' title='bbox 977 1018 1218 1064; x_wconf 86' lang='lat' dir='ltr'><strong>immolatio</strong></span> <span class='ocrx_word' id='word_1_92' title='bbox 1238 1020 1506 1064; x_wconf 79' lang='lat' dir='ltr'><strong>manducari.</strong></span> <span class='ocrx_word' id='word_1_93' title='bbox 1530 1022 1593 1063; x_wconf 84' lang='lat' dir='ltr'><strong>Ex</strong></span> <span class='ocrx_word' id='word_1_94' title='bbox 1621 1034 1711 1080; x_wconf 91' lang='lat' dir='ltr'><strong>quo</strong></span> 
     </span>
     <span class='ocr_line' id='line_1_13' title="bbox 318 1087 1706 1149; baseline 0.001 -16"><span class='ocrx_word' id='word_1_95' title='bbox 318 1087 539 1146; x_wconf 88' lang='lat' dir='ltr'><strong>colligitur</strong></span> <span class='ocrx_word' id='word_1_96' title='bbox 567 1096 766 1147; x_wconf 87' lang='lat' dir='ltr'><strong>quartam</strong></span> <span class='ocrx_word' id='word_1_97' title='bbox 793 1088 963 1132; x_wconf 88' lang='lat' dir='ltr'><strong>sabbati</strong></span> <span class='ocrx_word' id='word_1_98' title='bbox 994 1087 1147 1144; x_wconf 86' lang='lat' dir='ltr'><strong>fuisse,</strong></span> <span class='ocrx_word' id='word_1_99' title='bbox 1172 1090 1350 1149; x_wconf 89' lang='lat' dir='ltr'><strong>quando</strong></span> <span class='ocrx_word' id='word_1_100' title='bbox 1373 1090 1432 1134; x_wconf 86' lang='lat' dir='ltr'><strong>ait</strong></span> <span class='ocrx_word' id='word_1_101' title='bbox 1460 1091 1671 1134; x_wconf 91' lang='lat' dir='ltr'><strong>Dominus</strong></span> <span class='ocrx_word' id='word_1_102' title='bbox 1697 1108 1706 1134; x_wconf 77' lang='grc' dir='ltr'>ε</span> 
     </span>
     <span class='ocr_line' id='line_1_14' title="bbox 324 1159 1712 1219; baseline 0.003 -18"><span class='ocrx_word' id='word_1_103' title='bbox 324 1178 344 1202; x_wconf 91' lang='lat'>«</span> <span class='ocrx_word' id='word_1_104' title='bbox 378 1159 501 1204; x_wconf 92' lang='lat' dir='ltr'><strong>Scitis</strong></span> <span class='ocrx_word' id='word_1_105' title='bbox 528 1159 631 1219; x_wconf 84' lang='lat' dir='ltr'><strong>quia</strong></span> <span class='ocrx_word' id='word_1_106' title='bbox 662 1168 758 1218; x_wconf 87' lang='lat' dir='ltr'><strong>post</strong></span> <span class='ocrx_word' id='word_1_107' title='bbox 795 1159 980 1202; x_wconf 84' lang='lat' dir='ltr'><strong>biduum</strong></span> <span class='ocrx_word' id='word_1_108' title='bbox 1003 1160 1164 1203; x_wconf 86' lang='lat' dir='ltr'><strong>Pascha</strong></span> <span class='ocrx_word' id='word_1_109' title='bbox 1198 1160 1291 1214; x_wconf 89' lang='lat' dir='ltr'><strong>fiet,</strong></span> <span class='ocrx_word' id='word_1_110' title='bbox 1321 1169 1364 1204; x_wconf 90' lang='lat' dir='ltr'><strong>et</strong></span> <span class='ocrx_word' id='word_1_111' title='bbox 1388 1159 1504 1204; x_wconf 87' lang='lat' dir='ltr'><strong>filius</strong></span> <span class='ocrx_word' id='word_1_112' title='bbox 1525 1161 1712 1205; x_wconf 90' lang='lat' dir='ltr'><strong>hominis</strong></span> 
     </span>
     <span class='ocr_line' id='line_1_15' title="bbox 321 1230 1711 1292; baseline 0.001 -19"><span class='ocrx_word' id='word_1_113' title='bbox 321 1250 342 1274; x_wconf 92' lang='lat'>»</span> <span class='ocrx_word' id='word_1_114' title='bbox 369 1230 568 1276; x_wconf 85' lang='lat' dir='ltr'><strong>tradetur</strong></span> <span class='ocrx_word' id='word_1_115' title='bbox 592 1239 642 1274; x_wconf 91' lang='lat' dir='ltr'><strong>ut</strong></span> <span class='ocrx_word' id='word_1_116' title='bbox 664 1231 986 1289; x_wconf 82' lang='lat' dir='ltr'><strong>crucifigatur1.</strong></span> <span class='ocrx_word' id='word_1_117' title='bbox 1015 1248 1035 1271; x_wconf 72' lang='grc' dir='ltr'><strong>υ</strong></span> <span class='ocrx_word' id='word_1_118' title='bbox 1062 1233 1126 1275; x_wconf 86' lang='lat' dir='ltr'><strong>Ac</strong></span> <span class='ocrx_word' id='word_1_119' title='bbox 1146 1245 1224 1290; x_wconf 89' lang='lat' dir='ltr'><strong>per</strong></span> <span class='ocrx_word' id='word_1_120' title='bbox 1256 1231 1338 1275; x_wconf 89' lang='lat' dir='ltr'><strong>hoc</strong></span> <span class='ocrx_word' id='word_1_121' title='bbox 1366 1231 1457 1274; x_wconf 87' lang='lat' dir='ltr'><strong>dies</strong></span> <span class='ocrx_word' id='word_1_122' title='bbox 1481 1231 1569 1290; x_wconf 90' lang='lat' dir='ltr'><strong>ipse</strong></span> <span class='ocrx_word' id='word_1_123' title='bbox 1593 1233 1711 1292; x_wconf 83' lang='lat' dir='ltr'><strong>jeju-</strong></span> 
     </span>
     <span class='ocr_line' id='line_1_16' title="bbox 318 1300 1713 1361; baseline 0.001 -16"><span class='ocrx_word' id='word_1_124' title='bbox 318 1302 392 1346; x_wconf 92' lang='lat' dir='ltr'><strong>nio</strong></span> <span class='ocrx_word' id='word_1_125' title='bbox 415 1300 651 1360; x_wconf 88' lang='lat' dir='ltr'><strong>deputatus</strong></span> <span class='ocrx_word' id='word_1_126' title='bbox 680 1310 769 1356; x_wconf 87' lang='lat' dir='ltr'><strong>est,</strong></span> <span class='ocrx_word' id='word_1_127' title='bbox 792 1301 894 1361; x_wconf 83' lang='lat' dir='ltr'><strong>quia</strong></span> <span class='ocrx_word' id='word_1_128' title='bbox 918 1300 1029 1345; x_wconf 92' lang='lat' dir='ltr'><strong>sicut</strong></span> <span class='ocrx_word' id='word_1_129' title='bbox 1050 1300 1328 1360; x_wconf 80' lang='lat' dir='ltr'><strong>Evangelista</strong></span> <span class='ocrx_word' id='word_1_130' title='bbox 1350 1301 1548 1361; x_wconf 85' lang='lat' dir='ltr'><strong>sequitur</strong></span> <span class='ocrx_word' id='word_1_131' title='bbox 1579 1310 1623 1346; x_wconf 88' lang='lat' dir='ltr'><strong>et</strong></span> <span class='ocrx_word' id='word_1_132' title='bbox 1644 1302 1713 1346; x_wconf 93' lang='lat' dir='ltr'><strong>di-</strong></span> 
     </span>
     <span class='ocr_line' id='line_1_17' title="bbox 319 1370 1712 1431; baseline 0 -15"><span class='ocrx_word' id='word_1_133' title='bbox 319 1373 393 1427; x_wconf 86' lang='lat' dir='ltr'><strong>cit,</strong></span> <span class='ocrx_word' id='word_1_134' title='bbox 419 1390 439 1413; x_wconf 93' lang='lat'>«</span> <span class='ocrx_word' id='word_1_135' title='bbox 466 1375 589 1416; x_wconf 90' lang='lat' dir='ltr'><strong>Tunc</strong></span> <span class='ocrx_word' id='word_1_136' title='bbox 622 1370 874 1431; x_wconf 84' lang='lat' dir='ltr'><strong>congregati</strong></span> <span class='ocrx_word' id='word_1_137' title='bbox 912 1379 1014 1415; x_wconf 90' lang='lat' dir='ltr'><strong>sunt</strong></span> <span class='ocrx_word' id='word_1_138' title='bbox 1042 1372 1258 1430; x_wconf 82' lang='lat' dir='ltr'><strong>principes</strong></span> <span class='ocrx_word' id='word_1_139' title='bbox 1281 1371 1553 1416; x_wconf 86' lang='lat' dir='ltr'><strong>sacerdotum</strong></span> <span class='ocrx_word' id='word_1_140' title='bbox 1581 1381 1624 1416; x_wconf 90' lang='lat' dir='ltr'><strong>et</strong></span> <span class='ocrx_word' id='word_1_141' title='bbox 1645 1387 1712 1416; x_wconf 91' lang='lat' dir='ltr'><strong>se-</strong></span> 
     </span>
     <span class='ocr_line' id='line_1_18' title="bbox 322 1443 1714 1504; baseline 0.003 -19"><span class='ocrx_word' id='word_1_142' title='bbox 322 1461 342 1485; x_wconf 91' lang='lat'>»</span> <span class='ocrx_word' id='word_1_143' title='bbox 366 1443 507 1488; x_wconf 86' lang='lat' dir='ltr'><strong>niores</strong></span> <span class='ocrx_word' id='word_1_144' title='bbox 531 1444 682 1504; x_wconf 88' lang='lat' dir='ltr'><strong>populi</strong></span> <span class='ocrx_word' id='word_1_145' title='bbox 703 1444 748 1488; x_wconf 92' lang='lat' dir='ltr'><strong>in</strong></span> <span class='ocrx_word' id='word_1_146' title='bbox 783 1444 943 1488; x_wconf 90' lang='lat' dir='ltr'><strong>atrium</strong></span> <span class='ocrx_word' id='word_1_147' title='bbox 982 1443 1188 1503; x_wconf 87' lang='lat' dir='ltr'><strong>principis</strong></span> <span class='ocrx_word' id='word_1_148' title='bbox 1215 1443 1509 1500; x_wconf 87' lang='lat' dir='ltr'><strong>sacerdotum,</strong></span> <span class='ocrx_word' id='word_1_149' title='bbox 1542 1445 1617 1504; x_wconf 90' lang='lat' dir='ltr'><strong>qui</strong></span> <span class='ocrx_word' id='word_1_150' title='bbox 1644 1444 1714 1489; x_wconf 89' lang='lat' dir='ltr'><strong>di-</strong></span> 
     </span>
     <span class='ocr_line' id='line_1_19' title="bbox 322 1513 1714 1574; baseline 0.004 -18"><span class='ocrx_word' id='word_1_151' title='bbox 322 1532 343 1556; x_wconf 87' lang='lat'>»</span> <span class='ocrx_word' id='word_1_152' title='bbox 374 1515 555 1559; x_wconf 86' lang='lat' dir='ltr'><strong>cebatur</strong></span> <span class='ocrx_word' id='word_1_153' title='bbox 577 1516 782 1574; x_wconf 79' lang='lat' dir='ltr'><strong>Cai&#39;phas,</strong></span> <span class='ocrx_word' id='word_1_154' title='bbox 809 1524 852 1559; x_wconf 85' lang='lat' dir='ltr'><strong>et</strong></span> <span class='ocrx_word' id='word_1_155' title='bbox 877 1514 1108 1559; x_wconf 81' lang='lat' dir='ltr'><strong>consilium</strong></span> <span class='ocrx_word' id='word_1_156' title='bbox 1141 1513 1341 1561; x_wconf 78' lang='lat' dir='ltr'><strong>fecerunt</strong></span> <span class='ocrx_word' id='word_1_157' title='bbox 1371 1523 1419 1559; x_wconf 91' lang='lat' dir='ltr'><strong>ut</strong></span> <span class='ocrx_word' id='word_1_158' title='bbox 1443 1517 1589 1560; x_wconf 88' lang='lat' dir='ltr'><strong>Jesum</strong></span> <span class='ocrx_word' id='word_1_159' title='bbox 1611 1515 1714 1561; x_wconf 90' lang='lat' dir='ltr'><strong>dolo</strong></span> 
     </span>
     <span class='ocr_line' id='line_1_20' title="bbox 326 1584 1715 1641; baseline 0.003 -14"><span class='ocrx_word' id='word_1_160' title='bbox 326 1605 343 1627; x_wconf 86' lang='lat'>»</span> <span class='ocrx_word' id='word_1_161' title='bbox 370 1595 569 1630; x_wconf 85' lang='lat' dir='ltr'><strong>tenerent</strong></span> <span class='ocrx_word' id='word_1_162' title='bbox 590 1594 634 1629; x_wconf 90' lang='lat' dir='ltr'><strong>et</strong></span> <span class='ocrx_word' id='word_1_163' title='bbox 656 1584 918 1630; x_wconf 86' lang='lat' dir='ltr'><strong>occiderent.</strong></span> <span class='ocrx_word' id='word_1_164' title='bbox 944 1603 963 1627; x_wconf 86' lang='lat'>»</span> <span class='ocrx_word' id='word_1_165' title='bbox 992 1585 1244 1630; x_wconf 86' lang='lat' dir='ltr'><strong>Intermisso</strong></span> <span class='ocrx_word' id='word_1_166' title='bbox 1266 1595 1411 1630; x_wconf 86' lang='lat' dir='ltr'><strong>autem</strong></span> <span class='ocrx_word' id='word_1_167' title='bbox 1434 1601 1524 1631; x_wconf 90' lang='lat' dir='ltr'><strong>uno</strong></span> <span class='ocrx_word' id='word_1_168' title='bbox 1553 1587 1638 1641; x_wconf 88' lang='lat' dir='ltr'><strong>die,</strong></span> <span class='ocrx_word' id='word_1_169' title='bbox 1660 1586 1715 1631; x_wconf 91' lang='lat' dir='ltr'><strong>de</strong></span> 
     </span>
     <span class='ocr_line' id='line_1_21' title="bbox 322 1655 1715 1716; baseline 0.001 -17"><span class='ocrx_word' id='word_1_170' title='bbox 322 1671 411 1716; x_wconf 87' lang='lat' dir='ltr'><strong>quo</strong></span> <span class='ocrx_word' id='word_1_171' title='bbox 437 1655 543 1700; x_wconf 89' lang='lat' dir='ltr'><strong>dicit</strong></span> <span class='ocrx_word' id='word_1_172' title='bbox 569 1656 857 1713; x_wconf 82' lang='lat' dir='ltr'><strong>Evangelium</strong></span> <span class='ocrx_word' id='word_1_173' title='bbox 880 1674 890 1700; x_wconf 73' lang='grc' dir='ltr'><strong>ε,</strong></span> <span class='ocrx_word' id='word_1_174' title='bbox 917 1675 938 1698; x_wconf 87' lang='lat'>«</span> <span class='ocrx_word' id='word_1_175' title='bbox 964 1656 1109 1700; x_wconf 85' lang='lat' dir='ltr'><strong>Prima</strong></span> <span class='ocrx_word' id='word_1_176' title='bbox 1132 1664 1278 1700; x_wconf 88' lang='lat' dir='ltr'><strong>autem</strong></span> <span class='ocrx_word' id='word_1_177' title='bbox 1302 1670 1553 1713; x_wconf 86' lang='lat' dir='ltr'><strong>azymorum</strong></span> <span class='ocrx_word' id='word_1_178' title='bbox 1578 1671 1715 1701; x_wconf 88' lang='lat' dir='ltr'><strong>acces-</strong></span> 
     </span>
     <span class='ocr_line' id='line_1_22' title="bbox 325 1727 1715 1786; baseline 0.002 -17"><span class='ocrx_word' id='word_1_179' title='bbox 325 1745 346 1769; x_wconf 88' lang='lat'>»</span> <span class='ocrx_word' id='word_1_180' title='bbox 383 1737 532 1772; x_wconf 88' lang='lat' dir='ltr'><strong>serunt</strong></span> <span class='ocrx_word' id='word_1_181' title='bbox 566 1727 776 1786; x_wconf 89' lang='lat' dir='ltr'><strong>Discipuli</strong></span> <span class='ocrx_word' id='word_1_182' title='bbox 804 1727 858 1771; x_wconf 88' lang='lat' dir='ltr'><strong>ad</strong></span> <span class='ocrx_word' id='word_1_183' title='bbox 888 1729 1036 1771; x_wconf 88' lang='lat' dir='ltr'><strong>Jesum</strong></span> <span class='ocrx_word' id='word_1_184' title='bbox 1058 1728 1254 1771; x_wconf 88' lang='lat' dir='ltr'><strong>dicentes</strong></span> <span class='ocrx_word' id='word_1_185' title='bbox 1276 1743 1287 1770; x_wconf 91' lang='lat'><strong>.·</strong></span> <span class='ocrx_word' id='word_1_186' title='bbox 1311 1727 1395 1770; x_wconf 89' lang='lat' dir='ltr'><strong>Ubi</strong></span> <span class='ocrx_word' id='word_1_187' title='bbox 1422 1727 1484 1772; x_wconf 91' lang='lat' dir='ltr'><strong>vis</strong></span> <span class='ocrx_word' id='word_1_188' title='bbox 1514 1743 1715 1786; x_wconf 89' lang='lat' dir='ltr'><strong>paremus</strong></span> 
     </span>
     <span class='ocr_line' id='line_1_23' title="bbox 327 1799 1716 1859; baseline 0.003 -19"><span class='ocrx_word' id='word_1_189' title='bbox 327 1818 346 1841; x_wconf 94' lang='lat'>»</span> <span class='ocrx_word' id='word_1_190' title='bbox 385 1799 465 1843; x_wconf 87' lang='lat' dir='ltr'><strong>tibi</strong></span> <span class='ocrx_word' id='word_1_191' title='bbox 482 1799 709 1844; x_wconf 88' lang='lat' dir='ltr'><strong>comedere</strong></span> <span class='ocrx_word' id='word_1_192' title='bbox 730 1799 887 1858; x_wconf 84' lang='lat' dir='ltr'><strong>pascha</strong></span> <span class='ocrx_word' id='word_1_193' title='bbox 911 1802 928 1825; x_wconf 75' lang='lat'><strong>²</strong></span> <span class='ocrx_word' id='word_1_194' title='bbox 951 1800 968 1841; x_wconf 71' lang='lat'><strong>‘3</strong></span> <span class='ocrx_word' id='word_1_195' title='bbox 993 1818 1012 1841; x_wconf 89' lang='lat'>»</span> <span class='ocrx_word' id='word_1_196' title='bbox 1032 1801 1124 1843; x_wconf 90' lang='lat' dir='ltr'><strong>Hoc</strong></span> <span class='ocrx_word' id='word_1_197' title='bbox 1146 1814 1246 1858; x_wconf 83' lang='lat' dir='ltr'><strong>ergo</strong></span> <span class='ocrx_word' id='word_1_198' title='bbox 1266 1799 1337 1843; x_wconf 88' lang='lat' dir='ltr'><strong>die</strong></span> <span class='ocrx_word' id='word_1_199' title='bbox 1353 1799 1597 1844; x_wconf 86' lang='lat' dir='ltr'><strong>intermisso</strong></span> <span class='ocrx_word' id='word_1_200' title='bbox 1618 1815 1716 1859; x_wconf 87' lang='lat' dir='ltr'><strong>pas-</strong></span> 
     </span>
     <span class='ocr_line' id='line_1_24' title="bbox 325 1870 1717 1930; baseline 0 -15"><span class='ocrx_word' id='word_1_201' title='bbox 325 1885 396 1915; x_wconf 90' lang='lat' dir='ltr'><strong>sus</strong></span> <span class='ocrx_word' id='word_1_202' title='bbox 414 1880 478 1914; x_wconf 88' lang='lat' dir='ltr'><strong>est</strong></span> <span class='ocrx_word' id='word_1_203' title='bbox 491 1870 720 1925; x_wconf 77' lang='lat' dir='ltr'><strong>Dominus,</strong></span> <span class='ocrx_word' id='word_1_204' title='bbox 743 1871 862 1930; x_wconf 85' lang='lat' dir='ltr'><strong>quod</strong></span> <span class='ocrx_word' id='word_1_205' title='bbox 884 1870 1032 1914; x_wconf 88' lang='lat' dir='ltr'><strong>nullus</strong></span> <span class='ocrx_word' id='word_1_206' title='bbox 1049 1871 1248 1929; x_wconf 75' lang='lat' dir='ltr'><strong>ambigit,</strong></span> <span class='ocrx_word' id='word_1_207' title='bbox 1275 1879 1393 1914; x_wconf 80' lang='lat' dir='ltr'><strong>sexta</strong></span> <span class='ocrx_word' id='word_1_208' title='bbox 1410 1870 1594 1926; x_wconf 87' lang='lat' dir='ltr'><strong>sabbati,</strong></span> <span class='ocrx_word' id='word_1_209' title='bbox 1613 1886 1717 1930; x_wconf 88' lang='lat' dir='ltr'><strong>qua-</strong></span> 
     </span>
     <span class='ocr_line' id='line_1_25' title="bbox 324 1941 1717 2001; baseline 0.001 -16"><span class='ocrx_word' id='word_1_210' title='bbox 324 1951 503 2001; x_wconf 83' lang='lat' dir='ltr'><strong>propter</strong></span> <span class='ocrx_word' id='word_1_211' title='bbox 535 1951 578 1985; x_wconf 87' lang='lat' dir='ltr'><strong>et</strong></span> <span class='ocrx_word' id='word_1_212' title='bbox 609 1942 701 2000; x_wconf 89' lang='lat' dir='ltr'><strong>ipsa</strong></span> <span class='ocrx_word' id='word_1_213' title='bbox 733 1951 853 1985; x_wconf 81' lang='lat' dir='ltr'><strong>sexta</strong></span> <span class='ocrx_word' id='word_1_214' title='bbox 890 1950 1007 1986; x_wconf 84' lang='lat' dir='ltr'><strong>recte</strong></span> <span class='ocrx_word' id='word_1_215' title='bbox 1036 1942 1204 2001; x_wconf 87' lang='lat' dir='ltr'><strong>jejunio</strong></span> <span class='ocrx_word' id='word_1_216' title='bbox 1243 1941 1480 2000; x_wconf 85' lang='lat' dir='ltr'><strong>deputatur</strong></span> <span class='ocrx_word' id='word_1_217' title='bbox 1507 1961 1516 1987; x_wconf 75' lang='grc' dir='ltr'>ς</span> <span class='ocrx_word' id='word_1_218' title='bbox 1550 1942 1717 2001; x_wconf 79' lang='lat' dir='ltr'><strong>jejunia</strong></span> 
     </span>
     <span class='ocr_line' id='line_1_26' title="bbox 327 2011 1717 2073; baseline 0.001 -17"><span class='ocrx_word' id='word_1_219' title='bbox 327 2013 490 2073; x_wconf 87' lang='lat' dir='ltr'><strong>quippe</strong></span> <span class='ocrx_word' id='word_1_220' title='bbox 511 2012 803 2056; x_wconf 86' lang='lat' dir='ltr'><strong>humilitatem</strong></span> <span class='ocrx_word' id='word_1_221' title='bbox 837 2013 1101 2070; x_wconf 82' lang='lat' dir='ltr'><strong>significant.</strong></span> <span class='ocrx_word' id='word_1_222' title='bbox 1135 2011 1260 2056; x_wconf 88' lang='lat' dir='ltr'><strong>Unde</strong></span> <span class='ocrx_word' id='word_1_223' title='bbox 1291 2013 1457 2056; x_wconf 89' lang='lat' dir='ltr'><strong>dictum</strong></span> <span class='ocrx_word' id='word_1_224' title='bbox 1487 2021 1551 2056; x_wconf 85' lang='lat' dir='ltr'><strong>est</strong></span> <span class='ocrx_word' id='word_1_225' title='bbox 1577 2031 1585 2057; x_wconf 92' lang='lat'><strong>:</strong></span> <span class='ocrx_word' id='word_1_226' title='bbox 1614 2031 1636 2055; x_wconf 87' lang='lat'>«</span> <span class='ocrx_word' id='word_1_227' title='bbox 1660 2015 1717 2057; x_wconf 93' lang='lat' dir='ltr'><strong>Et</strong></span> 
     </span>
     <span class='ocr_line' id='line_1_27' title="bbox 331 2082 1389 2142; baseline -0.001 -18"><span class='ocrx_word' id='word_1_228' title='bbox 331 2100 352 2125; x_wconf 91' lang='lat'>»</span> <span class='ocrx_word' id='word_1_229' title='bbox 378 2082 663 2127; x_wconf 81' lang='lat' dir='ltr'><strong>humiliabam</strong></span> <span class='ocrx_word' id='word_1_230' title='bbox 686 2083 730 2125; x_wconf 91' lang='lat' dir='ltr'><strong>in</strong></span> <span class='ocrx_word' id='word_1_231' title='bbox 747 2082 913 2142; x_wconf 86' lang='lat' dir='ltr'><strong>jejunio</strong></span> <span class='ocrx_word' id='word_1_232' title='bbox 942 2082 1130 2126; x_wconf 88' lang='lat' dir='ltr'><strong>animam</strong></span> <span class='ocrx_word' id='word_1_233' title='bbox 1154 2084 1341 2126; x_wconf 77' lang='lat' dir='ltr'><strong>meam3.</strong></span> <span class='ocrx_word' id='word_1_234' title='bbox 1369 2100 1389 2123; x_wconf 86' lang='lat'>»</span> 
     </span>
    </p>

    <p class='ocr_par' dir='ltr' id='par_1_3' title="bbox 329 2152 1718 2566">
     <span class='ocr_line' id='line_1_28' title="bbox 387 2152 1717 2213; baseline 0.001 -16"><span class='ocrx_word' id='word_1_235' title='bbox 387 2155 552 2197; x_wconf 85' lang='lat' dir='ltr'>XXXI.</span> <span class='ocrx_word' id='word_1_236' title='bbox 593 2153 797 2213; x_wconf 87' lang='lat' dir='ltr'><strong>Sequitur</strong></span> <span class='ocrx_word' id='word_1_237' title='bbox 827 2152 1074 2208; x_wconf 87' lang='lat' dir='ltr'><strong>sabbatum,</strong></span> <span class='ocrx_word' id='word_1_238' title='bbox 1113 2168 1201 2212; x_wconf 90' lang='lat' dir='ltr'><strong>quo</strong></span> <span class='ocrx_word' id='word_1_239' title='bbox 1231 2152 1302 2197; x_wconf 88' lang='lat' dir='ltr'><strong>die</strong></span> <span class='ocrx_word' id='word_1_240' title='bbox 1343 2167 1442 2197; x_wconf 86' lang='lat' dir='ltr'><strong>caro</strong></span> <span class='ocrx_word' id='word_1_241' title='bbox 1465 2152 1632 2211; x_wconf 77' lang='lat' dir='ltr'><strong>,Christi</strong></span> <span class='ocrx_word' id='word_1_242' title='bbox 1671 2153 1717 2198; x_wconf 90' lang='lat' dir='ltr'><strong>in</strong></span> 
     </span>
     <span class='ocr_line' id='line_1_29' title="bbox 329 2223 1718 2284; baseline -0.001 -15"><span class='ocrx_word' id='word_1_243' title='bbox 329 2232 617 2269; x_wconf 87' lang='lat' dir='ltr'><strong>monumento</strong></span> <span class='ocrx_word' id='word_1_244' title='bbox 649 2223 885 2283; x_wconf 83' lang='lat' dir='ltr'><strong>requievit,</strong></span> <span class='ocrx_word' id='word_1_245' title='bbox 922 2224 1034 2268; x_wconf 90' lang='lat' dir='ltr'><strong>sicut</strong></span> <span class='ocrx_word' id='word_1_246' title='bbox 1064 2225 1107 2267; x_wconf 92' lang='lat' dir='ltr'><strong>in</strong></span> <span class='ocrx_word' id='word_1_247' title='bbox 1143 2224 1293 2283; x_wconf 86' lang='lat' dir='ltr'><strong>primis</strong></span> <span class='ocrx_word' id='word_1_248' title='bbox 1327 2224 1531 2284; x_wconf 86' lang='lat' dir='ltr'><strong>operibus</strong></span> <span class='ocrx_word' id='word_1_249' title='bbox 1563 2224 1718 2269; x_wconf 88' lang='lat' dir='ltr'><strong>mundi</strong></span> 
     </span>
     <span class='ocr_line' id='line_1_30' title="bbox 330 2292 1716 2355; baseline 0.001 -17"><span class='ocrx_word' id='word_1_250' title='bbox 330 2294 544 2355; x_wconf 88' lang='lat' dir='ltr'><strong>requievit</strong></span> <span class='ocrx_word' id='word_1_251' title='bbox 568 2298 679 2338; x_wconf 88' lang='lat' dir='ltr'><strong>Deus</strong></span> <span class='ocrx_word' id='word_1_252' title='bbox 712 2293 782 2337; x_wconf 90' lang='lat' dir='ltr'><strong>die</strong></span> <span class='ocrx_word' id='word_1_253' title='bbox 811 2292 887 2337; x_wconf 89' lang='lat' dir='ltr'><strong>illo</strong></span> <span class='ocrx_word' id='word_1_254' title='bbox 922 2293 977 2338; x_wconf 87' lang='lat' dir='ltr'><strong>ab</strong></span> <span class='ocrx_word' id='word_1_255' title='bbox 1012 2294 1216 2338; x_wconf 90' lang='lat' dir='ltr'><strong>omnibus</strong></span> <span class='ocrx_word' id='word_1_256' title='bbox 1247 2294 1449 2353; x_wconf 89' lang='lat' dir='ltr'><strong>operibus</strong></span> <span class='ocrx_word' id='word_1_257' title='bbox 1478 2294 1579 2339; x_wconf 87' lang='lat' dir='ltr'><strong>suis.</strong></span> <span class='ocrx_word' id='word_1_258' title='bbox 1603 2295 1716 2340; x_wconf 85' lang='lat' dir='ltr'><strong>Hinc</strong></span> 
     </span>
     <span class='ocr_line' id='line_1_31' title="bbox 330 2362 1717 2422; baseline -0.001 -12"><span class='ocrx_word' id='word_1_259' title='bbox 330 2375 477 2410; x_wconf 83' lang='lat' dir='ltr'><strong>exorta</strong></span> <span class='ocrx_word' id='word_1_260' title='bbox 500 2374 563 2410; x_wconf 83' lang='lat' dir='ltr'><strong>est</strong></span> <span class='ocrx_word' id='word_1_261' title='bbox 589 2366 668 2409; x_wconf 88' lang='lat' dir='ltr'><strong>ista</strong></span> <span class='ocrx_word' id='word_1_262' title='bbox 690 2366 736 2408; x_wconf 92' lang='lat' dir='ltr'><strong>in</strong></span> <span class='ocrx_word' id='word_1_263' title='bbox 759 2365 920 2422; x_wconf 82' lang='lat' dir='ltr'><strong>reginae</strong></span> <span class='ocrx_word' id='word_1_264' title='bbox 936 2362 1052 2408; x_wconf 90' lang='lat' dir='ltr'><strong>illius</strong></span> <span class='ocrx_word' id='word_1_265' title='bbox 1072 2374 1191 2410; x_wconf 89' lang='lat' dir='ltr'><strong>veste</strong></span> <span class='ocrx_word' id='word_1_266' title='bbox 1209 2364 1406 2420; x_wconf 88' lang='lat' dir='ltr'><strong>varietas,</strong></span> <span class='ocrx_word' id='word_1_267' title='bbox 1433 2374 1481 2410; x_wconf 92' lang='lat' dir='ltr'><strong>ut</strong></span> <span class='ocrx_word' id='word_1_268' title='bbox 1498 2364 1585 2420; x_wconf 89' lang='lat' dir='ltr'><strong>alii,</strong></span> <span class='ocrx_word' id='word_1_269' title='bbox 1605 2365 1717 2409; x_wconf 88' lang='lat' dir='ltr'><strong>sicut</strong></span> 
     </span>
     <span class='ocr_line' id='line_1_32' title="bbox 331 2434 1715 2496; baseline -0.001 -15"><span class='ocrx_word' id='word_1_270' title='bbox 331 2437 518 2481; x_wconf 79' lang='lat' dir='ltr'><strong>maxime</strong></span> <span class='ocrx_word' id='word_1_271' title='bbox 550 2434 703 2496; x_wconf 88' lang='lat' dir='ltr'><strong>populi</strong></span> <span class='ocrx_word' id='word_1_272' title='bbox 731 2434 941 2490; x_wconf 88' lang='lat' dir='ltr'><strong>Orientis,</strong></span> <span class='ocrx_word' id='word_1_273' title='bbox 966 2443 1143 2495; x_wconf 87' lang='lat' dir='ltr'><strong>propter</strong></span> <span class='ocrx_word' id='word_1_274' title='bbox 1164 2435 1359 2495; x_wconf 88' lang='lat' dir='ltr'><strong>requiem</strong></span> <span class='ocrx_word' id='word_1_275' title='bbox 1387 2434 1715 2494; x_wconf 85' lang='lat' dir='ltr'><strong>significandam</strong></span> 
     </span>
     <span class='ocr_line' id='line_1_33' title="bbox 333 2505 1716 2566; baseline -0.001 -15"><span class='ocrx_word' id='word_1_276' title='bbox 333 2506 514 2551; x_wconf 89' lang='lat' dir='ltr'><strong>mallent</strong></span> <span class='ocrx_word' id='word_1_277' title='bbox 526 2505 716 2550; x_wconf 81' lang='lat' dir='ltr'><strong>relaxare</strong></span> <span class='ocrx_word' id='word_1_278' title='bbox 733 2505 1046 2565; x_wconf 84' lang='lat' dir='ltr'><strong>jejunium,alii</strong></span> <span class='ocrx_word' id='word_1_279' title='bbox 1060 2515 1236 2566; x_wconf 84' lang='lat' dir='ltr'><strong>propter</strong></span> <span class='ocrx_word' id='word_1_280' title='bbox 1250 2506 1544 2552; x_wconf 88' lang='lat' dir='ltr'><strong>humilitatem</strong></span> <span class='ocrx_word' id='word_1_281' title='bbox 1566 2505 1716 2551; x_wconf 87' lang='lat' dir='ltr'><strong>mortis</strong></span> 
     </span>
    </p>

    <p class='ocr_par' dir='ltr' id='par_1_4' title="bbox 385 2587 1284 2632">
     <span class='ocr_line' id='line_1_34' title="bbox 385 2587 1284 2632; baseline -0.001 -10"><span class='ocrx_word' id='word_1_282' title='bbox 385 2599 390 2613; x_wconf 84' lang='lat'><em>¹</em></span> <span class='ocrx_word' id='word_1_283' title='bbox 417 2591 529 2623; x_wconf 84' lang='lat' dir='ltr'><strong>Matth.</strong></span> <span class='ocrx_word' id='word_1_284' title='bbox 552 2602 641 2632; x_wconf 76' lang='lat' dir='ltr'><strong>xxvr,</strong></span> <span class='ocrx_word' id='word_1_285' title='bbox 661 2600 746 2623; x_wconf 63' lang='grc'><strong>2.-</strong></span> <span class='ocrx_word' id='word_1_286' title='bbox 763 2595 775 2611; x_wconf 84' lang='lat'>²</span> <span class='ocrx_word' id='word_1_287' title='bbox 796 2588 876 2621; x_wconf 82' lang='lat' dir='ltr'><strong>lbid.</strong></span> <span class='ocrx_word' id='word_1_288' title='bbox 902 2600 948 2629; x_wconf 80' lang='lat'><strong>¹7·</strong></span> <span class='ocrx_word' id='word_1_289' title='bbox 978 2607 1006 2611; x_wconf 86' lang='lat'>—</span> <span class='ocrx_word' id='word_1_290' title='bbox 1023 2587 1036 2612; x_wconf 85' lang='grc'>3</span> <span class='ocrx_word' id='word_1_291' title='bbox 1062 2590 1207 2630; x_wconf 76' lang='lat' dir='ltr'><strong>Psal-1v‚</strong></span> <span class='ocrx_word' id='word_1_292' title='bbox 1236 2590 1284 2623; x_wconf 78' lang='lat'><strong>13.</strong></span> 
     </span>
    </p>
   </div>
   <div class='ocr_carea' id='block_1_3' title="bbox 1760 2506 1764 3070">
    <p class='ocr_par' dir='ltr' id='par_1_5' title="bbox 1760 2506 1764 3070">
     <span class='ocr_line' id='line_1_35' title="bbox 1760 2506 1764 3070; baseline 0 0"><span class='ocrx_word' id='word_1_293' title='bbox 1760 2506 1764 3070; x_wconf 95' lang='lat' dir='ltr'><strong> </strong></span> 
     </span>
    </p>
   </div>
   <div class='ocr_carea' id='block_1_4' title="bbox 1735 0 1790 3187">
    <p class='ocr_par' dir='ltr' id='par_1_6' title="bbox 1735 0 1790 3187">
     <span class='ocr_line' id='line_1_36' title="bbox 1735 0 1790 3187; baseline 0 0"><span class='ocrx_word' id='word_1_294' title='bbox 1735 0 1790 3187; x_wconf 95' lang='lat' dir='ltr'><strong> </strong></span> 
     </span>
    </p>
   </div>
  </div>
 </body>
</html>
